tradeTime,cusip,issueSymbolIdentifier,priceType,reportingSideCode,contraPartyTypeCode,tradeDate,reportedTradeVolume,lastSaleYield,lastSalePrice
08:08:39,912810UA4,TSRYS5802849,D,S,T,2024-06-26,1000000.00,4.41461,103.46875
08:08:43,912810UA4,TSRYS5802849,D,S,C,2024-06-26,2000000.00,4.41461,103.46875
08:08:43,912810UA4,TSRYS5802849,D,S,D,2024-06-26,1000000.00,4.41461,103.46875
08:08:43,912810UA4,TSRYS5802849,D,S,D,2024-06-26,1000000.00,4.41461,103.46875
08:08:44,912810UA4,TSRYS5802849,D,S,D,2024-06-26,1000000.00,4.416105,103.443459375
08:08:44,912810UA4,TSRYS5802849,D,S,D,2024-06-26,1000000.00,4.418075,103.41015625
08:08:44,912810UA4,TSRYS5802849,D,S,C,2024-06-26,830000.00,4.415072,103.4609375
08:08:44,912810UA4,TSRYS5802849,D,S,D,2024-06-26,1000000.00,4.418306,103.40625
08:08:45,912810UA4,TSRYS5802849,D,S,D,2024-06-26,1000000.00,4.417612,103.41796875
08:08:45,912810UA4,TSRYS5802849,D,S,T,2024-06-26,1000000.00,4.414725,103.466796875
08:08:45,912810UA4,TSRYS5802849,D,S,D,2024-06-26,1000000.00,4.415418,103.455078125
08:08:45,912810UA4,TSRYS5802849,D,S,C,2024-06-26,1000000.00,4.415418,103.455078125
08:08:45,912810UA4,TSRYS5802849,D,S,C,2024-06-26,1000000.00,4.415418,103.455078125
08:08:45,912810UA4,TSRYS5802849,D,S,C,2024-06-26,1000000.00,4.415303,103.45703125
08:08:45,912810UA4,TSRYS5802849,D,S,C,2024-06-26,1000000.00,4.414379,103.47265625
08:08:47,912810UA4,TSRYS5802849,D,S,T,2024-06-26,1000000.00,4.414841,103.46484375
08:08:47,912810UA4,TSRYS5802849,D,B,A,2024-06-26,400000.00,4.415765,103.44921875
08:08:47,912810UA4,TSRYS5802849,D,S,D,2024-06-26,1000000.00,4.413679,103.4845
08:08:47,912810UA4,TSRYS5802849,D,S,D,2024-06-26,2000000.00,4.413679,103.4845
08:08:47,912810UA4,TSRYS5802849,D,S,D,2024-06-26,1000000.00,4.41391,103.48059375
08:08:48,912810UA4,TSRYS5802849,D,S,D,2024-06-26,1000000.00,4.41518,103.459109375
08:08:48,912810UA4,TSRYS5802849,D,S,D,2024-06-26,1000000.00,4.415418,103.455078125
08:08:48,912810UA4,TSRYS5802849,D,S,D,2024-06-26,1000000.00,4.417612,103.41796875
08:08:49,912810UA4,TSRYS5802849,D,S,D,2024-06-26,1000000.00,4.417612,103.41796875
08:08:49,912810UA4,TSRYS5802849,D,S,C,2024-06-26,1000000.00,4.417728,103.416015625
08:08:49,912810UA4,TSRYS5802849,D,B,C,2024-06-26,1000000.00,4.417734,103.415915625
08:08:50,912810UA4,TSRYS5802849,D,S,D,2024-06-26,1000000.00,4.417612,103.41796875
08:08:50,912810UA4,TSRYS5802849,D,S,D,2024-06-26,1000000.00,4.414725,103.466796875
08:08:51,912810UA4,TSRYS5802849,D,B,C,2024-06-26,1000000.00,4.416457,103.4375
08:08:51,912810UA4,TSRYS5802849,D,S,D,2024-06-26,1000000.00,4.416452,103.4376
08:08:51,912810UA4,TSRYS5802849,D,S,D,2024-06-26,1000000.00,4.416919,103.4296875
08:08:51,912810UA4,TSRYS5802849,D,S,D,2024-06-26,2000000.00,4.416219,103.44153125
08:08:51,912810UA4,TSRYS5802849,D,S,D,2024-06-26,1000000.00,4.416219,103.44153125
08:08:51,912810UA4,TSRYS5802849,D,S,D,2024-06-26,1000000.00,4.414841,103.46484375
08:08:52,912810UA4,TSRYS5802849,D,S,D,2024-06-26,1000000.00,4.416567,103.435646875
08:08:52,912810UA4,TSRYS5802849,D,S,D,2024-06-26,1000000.00,4.417145,103.42588125
08:08:52,912810UA4,TSRYS5802849,D,S,D,2024-06-26,1000000.00,4.417145,103.42588125
08:08:52,912810UA4,TSRYS5802849,D,S,C,2024-06-26,1000000.00,4.417612,103.41796875
08:08:52,912810UA4,TSRYS5802849,D,S,C,2024-06-26,1000000.00,4.417612,103.41796875
08:08:52,912810UA4,TSRYS5802849,D,B,C,2024-06-26,2000000.00,4.417035,103.427734375
08:08:52,912810UA4,TSRYS5802849,D,S,D,2024-06-26,2000000.00,4.417029,103.427834375
08:08:52,912810UA4,TSRYS5802849,D,S,D,2024-06-26,1000000.00,4.415418,103.455078125
08:08:52,912810UA4,TSRYS5802849,D,S,C,2024-06-26,1000000.00,4.415418,103.455078125
08:08:52,912810UA4,TSRYS5802849,D,S,D,2024-06-26,1000000.00,4.415418,103.455078125
08:08:53,912810UA4,TSRYS5802849,D,S,D,2024-06-26,1000000.00,4.415418,103.455078125
08:08:53,912810UA4,TSRYS5802849,D,B,C,2024-06-26,1000000.00,4.414033,103.478515625
08:08:53,912810UA4,TSRYS5802849,D,S,D,2024-06-26,1000000.00,4.414025,103.478640625
08:08:53,912810UA4,TSRYS5802849,D,S,D,2024-06-26,1000000.00,4.413109,103.494140625
08:08:53,912810UA4,TSRYS5802849,D,S,D,2024-06-26,1000000.00,4.412879,103.498046875
08:08:53,912810UA4,TSRYS5802849,D,B,C,2024-06-26,1000000.00,4.413,103.49599375
08:08:53,912810UA4,TSRYS5802849,D,S,C,2024-06-26,1000000.00,4.412994,103.49609375
08:08:55,912810UA4,TSRYS5802849,D,S,D,2024-06-26,1000000.00,4.412763,103.5
08:08:55,912810UA4,TSRYS5802849,D,S,D,2024-06-26,1000000.00,4.41241,103.505984375
08:08:55,912810UA4,TSRYS5802849,D,B,C,2024-06-26,1000000.00,4.412417,103.505859375
08:08:55,912810UA4,TSRYS5802849,D,S,D,2024-06-26,1000000.00,4.41241,103.505984375
08:08:55,912810UA4,TSRYS5802849,D,S,D,2024-06-26,1000000.00,4.412294,103.5079375
08:08:56,912810UA4,TSRYS5802849,D,S,D,2024-06-26,1000000.00,4.414494,103.470703125
08:08:56,912810UA4,TSRYS5802849,D,S,C,2024-06-26,1000000.00,4.414494,103.470703125
08:09:09,912810UA4,TSRYS5802849,D,B,A,2024-06-26,700000.00,4.41461,103.46875
08:09:12,912810UA4,TSRYS5802849,D,S,T,2024-06-26,1000000.00,4.414033,103.478515625
08:09:12,912810UA4,TSRYS5802849,D,S,T,2024-06-26,1000000.00,4.413917,103.48046875
08:09:12,912810UA4,TSRYS5802849,D,S,T,2024-06-26,1000000.00,4.413686,103.484375
08:09:13,912810UA4,TSRYS5802849,D,S,D,2024-06-26,1000000.00,4.414027,103.478615625
08:09:13,912810UA4,TSRYS5802849,D,B,C,2024-06-26,1000000.00,4.414033,103.478515625
08:09:13,912810UA4,TSRYS5802849,D,S,D,2024-06-26,1000000.00,4.414027,103.478615625
08:09:13,912810UA4,TSRYS5802849,D,S,D,2024-06-26,1000000.00,4.413911,103.48056875
08:09:14,912810UA4,TSRYS5802849,D,S,A,2024-06-26,1000000.00,4.414027,103.478615625
08:09:14,912810UA4,TSRYS5802849,D,S,A,2024-06-26,1000000.00,4.414027,103.478615625
08:09:15,912810UA4,TSRYS5802849,D,S,A,2024-06-26,1000000.00,4.413911,103.48056875
08:09:15,912810UA4,TSRYS5802849,D,S,A,2024-06-26,1000000.00,4.413686,103.484375
08:09:17,912810UA4,TSRYS5802849,D,S,D,2024-06-26,1000000.00,4.413686,103.484375
08:09:20,912810UA4,TSRYS5802849,D,B,C,2024-06-26,1000000.00,4.41461,103.46875
08:09:28,912810UA4,TSRYS5802849,D,S,T,2024-06-26,1000000.00,4.413686,103.484375
08:09:29,912810UA4,TSRYS5802849,D,B,C,2024-06-26,5911000.00,4.414172,103.4761625
08:09:35,912810UA4,TSRYS5802849,D,S,D,2024-06-26,1000000.00,4.41461,103.46875
08:09:35,912810UA4,TSRYS5802849,D,S,D,2024-06-26,1000000.00,4.41461,103.46875
08:09:39,912810UA4,TSRYS5802849,D,S,D,2024-06-26,1000000.00,4.414379,103.47265625
08:09:39,912810UA4,TSRYS5802849,D,S,C,2024-06-26,1000000.00,4.414361,103.47295625
08:09:40,912810UA4,TSRYS5802849,D,B,A,2024-06-26,100000.00,4.41461,103.46875
08:09:43,912810UA4,TSRYS5802849,D,S,D,2024-06-26,1000000.00,4.414264,103.47460937
08:09:49,912810UA4,TSRYS5802849,D,B,C,2024-06-26,1000000.00,4.413686,103.484375
08:09:49,912810UA4,TSRYS5802849,D,S,D,2024-06-26,1000000.00,4.413686,103.484375
08:09:49,912810UA4,TSRYS5802849,D,S,C,2024-06-26,1000000.00,4.413686,103.484375
08:09:51,912810UA4,TSRYS5802849,D,B,C,2024-06-26,1000000.00,4.414956,103.462890625
08:09:51,912810UA4,TSRYS5802849,D,S,C,2024-06-26,1000000.00,4.414956,103.462890625
08:09:55,912810UA4,TSRYS5802849,D,S,C,2024-06-26,1000000.00,4.415072,103.4609375
08:09:55,912810UA4,TSRYS5802849,D,S,D,2024-06-26,1000000.00,4.415072,103.4609375
08:09:56,912810UA4,TSRYS5802849,D,S,D,2024-06-26,1000000.00,4.415303,103.45703125
08:10:02,912810UA4,TSRYS5802849,D,S,T,2024-06-26,1000000.00,4.415534,103.453125
08:10:13,912810UA4,TSRYS5802849,D,S,T,2024-06-26,1000000.00,4.414616,103.46865
08:10:13,912810UA4,TSRYS5802849,D,S,T,2024-06-26,1000000.00,4.41461,103.46875
08:10:14,912810UA4,TSRYS5802849,D,S,D,2024-06-26,1000000.00,4.415072,103.4609375
08:10:14,912810UA4,TSRYS5802849,D,S,C,2024-06-26,1000000.00,4.415418,103.455078125
08:10:14,912810UA4,TSRYS5802849,D,B,C,2024-06-26,1000000.00,4.415089,103.4606375
08:10:14,912810UA4,TSRYS5802849,D,S,T,2024-06-26,1000000.00,4.41461,103.46875
08:10:14,912810UA4,TSRYS5802849,D,S,T,2024-06-26,1000000.00,4.41461,103.46875
08:10:14,912810UA4,TSRYS5802849,D,S,C,2024-06-26,1000000.00,4.41461,103.46875
08:10:15,912810UA4,TSRYS5802849,D,S,T,2024-06-26,1000000.00,4.41461,103.46875
08:10:15,912810UA4,TSRYS5802849,D,S,T,2024-06-26,1000000.00,4.41461,103.46875
08:10:18,912810UA4,TSRYS5802849,D,B,C,2024-06-26,1500000.00,4.414379,103.47265625
08:10:20,912810UA4,TSRYS5802849,D,S,T,2024-06-26,1000000.00,4.415418,103.455078125
08:10:24,912810UA4,TSRYS5802849,D,S,T,2024-06-26,1000000.00,4.415072,103.4609375
08:10:24,912810UA4,TSRYS5802849,D,S,T,2024-06-26,1000000.00,4.415072,103.4609375
08:10:36,912810UA4,TSRYS5802849,D,S,D,2024-06-26,1000000.00,4.415534,103.453125
08:10:36,912810UA4,TSRYS5802849,D,S,C,2024-06-26,1000000.00,4.41588,103.44726562
08:10:36,912810UA4,TSRYS5802849,D,S,D,2024-06-26,1000000.00,4.41588,103.44726562
08:10:50,912810UA4,TSRYS5802849,D,S,C,2024-06-26,1000000.00,4.41461,103.46875
08:10:55,912810UA4,TSRYS5802849,D,S,T,2024-06-26,1000000.00,4.414264,103.474609375
08:10:58,912810UA4,TSRYS5802849,D,S,D,2024-06-26,1000000.00,4.415418,103.45507812
08:10:58,912810UA4,TSRYS5802849,D,S,D,2024-06-26,1000000.00,4.415418,103.45507812
08:11:00,912810UA4,TSRYS5802849,D,S,D,2024-06-26,1000000.00,4.414264,103.474609375
08:11:00,912810UA4,TSRYS5802849,D,S,D,2024-06-26,1000000.00,4.414264,103.474609375
08:11:02,912810UA4,TSRYS5802849,D,B,C,2024-06-26,2000000.00,4.414148,103.4765625
08:11:02,912810UA4,TSRYS5802849,D,S,D,2024-06-26,2000000.00,4.414141,103.4766875
08:11:05,912810UA4,TSRYS5802849,D,S,C,2024-06-26,1000000.00,4.415534,103.453125
08:11:05,912810UA4,TSRYS5802849,D,B,C,2024-06-26,1000000.00,4.415534,103.453125
08:11:05,912810UA4,TSRYS5802849,D,S,D,2024-06-26,1000000.00,4.41461,103.46875
08:11:05,912810UA4,TSRYS5802849,D,B,C,2024-06-26,1000000.00,4.41461,103.46875
08:11:05,912810UA4,TSRYS5802849,D,S,D,2024-06-26,1000000.00,4.41461,103.46875
08:11:05,912810UA4,TSRYS5802849,D,S,C,2024-06-26,1000000.00,4.4146,103.468925
08:11:05,912810UA4,TSRYS5802849,D,S,C,2024-06-26,1000000.00,4.414598,103.46895
08:11:22,912810UA4,TSRYS5802849,D,S,C,2024-06-26,1000000.00,4.41461,103.46875
08:11:22,912810UA4,TSRYS5802849,D,S,T,2024-06-26,1000000.00,4.414264,103.47460937
08:11:23,912810UA4,TSRYS5802849,D,S,T,2024-06-26,1000000.00,4.413917,103.48046875
08:11:23,912810UA4,TSRYS5802849,D,S,T,2024-06-26,1000000.00,4.413917,103.48046875
08:11:23,912810UA4,TSRYS5802849,D,S,D,2024-06-26,2000000.00,4.41391,103.48059375
08:11:23,912810UA4,TSRYS5802849,D,B,C,2024-06-26,2000000.00,4.413917,103.48046875
08:11:28,912810UA4,TSRYS5802849,D,S,D,2024-06-26,1000000.00,4.413917,103.48046875
08:11:28,912810UA4,TSRYS5802849,D,S,D,2024-06-26,1000000.00,4.413917,103.48046875
08:11:30,912810UA4,TSRYS5802849,D,S,T,2024-06-26,1000000.00,4.414033,103.478515625
08:11:30,912810UA4,TSRYS5802849,D,S,D,2024-06-26,1000000.00,4.414025,103.478640625
08:11:38,912810UA4,TSRYS5802849,D,S,D,2024-06-26,1000000.00,4.414264,103.474609375
08:11:40,912810UA4,TSRYS5802849,D,S,D,2024-06-26,1000000.00,4.414264,103.47460937
08:11:50,912810UA4,TSRYS5802849,D,S,D,2024-06-26,5000000.00,4.414316,103.47373
08:11:50,912810UA4,TSRYS5802849,D,S,D,2024-06-26,1000000.00,4.414264,103.47460937
08:11:53,912810UA4,TSRYS5802849,D,S,T,2024-06-26,1000000.00,4.414264,103.47460937
08:11:54,912810UA4,TSRYS5802849,D,S,D,2024-06-26,1000000.00,4.414264,103.47460937
08:12:07,912810UA4,TSRYS5802849,D,S,D,2024-06-26,1000000.00,4.415072,103.4609375
08:12:07,912810UA4,TSRYS5802849,D,S,T,2024-06-26,1000000.00,4.415534,103.453125
08:12:07,912810UA4,TSRYS5802849,D,S,D,2024-06-26,1000000.00,4.415995,103.4453125
08:12:07,912810UA4,TSRYS5802849,D,S,D,2024-06-26,1000000.00,4.415995,103.4453125
08:12:07,912810UA4,TSRYS5802849,D,S,D,2024-06-26,1000000.00,4.415995,103.4453125
08:12:09,912810UA4,TSRYS5802849,D,S,C,2024-06-26,1000000.00,4.415054,103.4612375
08:12:10,912810UA4,TSRYS5802849,D,S,T,2024-06-26,1000000.00,4.415534,103.453125
08:12:12,912810UA4,TSRYS5802849,D,S,T,2024-06-26,1000000.00,4.416457,103.4375
08:12:12,912810UA4,TSRYS5802849,D,S,T,2024-06-26,1000000.00,4.416457,103.4375
08:12:12,912810UA4,TSRYS5802849,D,B,C,2024-06-26,1000000.00,4.41588,103.447265625
08:12:12,912810UA4,TSRYS5802849,D,S,D,2024-06-26,1000000.00,4.41588,103.447265625
08:12:13,912810UA4,TSRYS5802849,D,S,D,2024-06-26,1000000.00,4.416573,103.435546875
08:12:13,912810UA4,TSRYS5802849,D,S,C,2024-06-26,1500000.00,4.415995,103.4453125
08:12:21,912810UA4,TSRYS5802849,D,S,T,2024-06-26,1000000.00,4.416573,103.435546875
08:12:24,912810UA4,TSRYS5802849,D,S,T,2024-06-26,1000000.00,4.416457,103.4375
08:12:24,912810UA4,TSRYS5802849,D,S,D,2024-06-26,1000000.00,4.416457,103.4375
08:12:24,912810UA4,TSRYS5802849,D,B,C,2024-06-26,1000000.00,4.416226,103.44140625
08:12:24,912810UA4,TSRYS5802849,D,S,C,2024-06-26,1000000.00,4.41644,103.4378
08:12:24,912810UA4,TSRYS5802849,D,S,C,2024-06-26,1000000.00,4.416226,103.44140625
08:12:24,912810UA4,TSRYS5802849,D,S,D,2024-06-26,1000000.00,4.416226,103.44140625
08:12:24,912810UA4,TSRYS5802849,D,B,C,2024-06-26,1000000.00,4.416226,103.44140625
08:12:24,912810UA4,TSRYS5802849,D,B,C,2024-06-26,1000000.00,4.416226,103.44140625
08:12:24,912810UA4,TSRYS5802849,D,S,D,2024-06-26,1000000.00,4.416226,103.44140625
08:12:24,912810UA4,TSRYS5802849,D,S,D,2024-06-26,1000000.00,4.416226,103.44140625
08:12:25,912810UA4,TSRYS5802849,D,S,D,2024-06-26,1000000.00,4.416226,103.44140625
08:12:51,912810UA4,TSRYS5802849,D,S,T,2024-06-26,1000000.00,4.416919,103.4296875
08:12:51,912810UA4,TSRYS5802849,D,S,T,2024-06-26,1000000.00,4.417035,103.427734375
08:12:51,912810UA4,TSRYS5802849,D,S,T,2024-06-26,2000000.00,4.417035,103.427734375
08:12:51,912810UA4,TSRYS5802849,D,S,D,2024-06-26,1000000.00,4.416919,103.4296875
08:12:51,912810UA4,TSRYS5802849,D,B,C,2024-06-26,1000000.00,4.416919,103.4296875
08:12:51,912810UA4,TSRYS5802849,D,S,T,2024-06-26,1000000.00,4.416457,103.4375
08:12:51,912810UA4,TSRYS5802849,D,S,T,2024-06-26,1000000.00,4.416919,103.4296875
08:12:51,912810UA4,TSRYS5802849,D,S,T,2024-06-26,1000000.00,4.417035,103.427734375
08:12:51,912810UA4,TSRYS5802849,D,S,T,2024-06-26,1000000.00,4.417035,103.427734375
08:12:51,912810UA4,TSRYS5802849,D,S,T,2024-06-26,2000000.00,4.417035,103.427734375
08:12:51,912810UA4,TSRYS5802849,D,S,T,2024-06-26,1000000.00,4.415534,103.453125
08:12:52,912810UA4,TSRYS5802849,D,S,D,2024-06-26,1000000.00,4.415534,103.453125
08:12:52,912810UA4,TSRYS5802849,D,S,D,2024-06-26,1000000.00,4.415534,103.453125
08:12:52,912810UA4,TSRYS5802849,D,S,C,2024-06-26,1000000.00,4.415519,103.453375
08:12:52,912810UA4,TSRYS5802849,D,B,C,2024-06-26,1000000.00,4.415534,103.453125
08:12:52,912810UA4,TSRYS5802849,D,B,C,2024-06-26,1000000.00,4.415534,103.453125
08:12:52,912810UA4,TSRYS5802849,D,S,D,2024-06-26,1000000.00,4.415534,103.453125
08:12:52,912810UA4,TSRYS5802849,D,B,C,2024-06-26,1000000.00,4.415534,103.453125
08:12:52,912810UA4,TSRYS5802849,D,S,D,2024-06-26,1000000.00,4.415534,103.453125
08:12:52,912810UA4,TSRYS5802849,D,S,C,2024-06-26,1000000.00,4.416457,103.4375
08:12:52,912810UA4,TSRYS5802849,D,S,C,2024-06-26,1000000.00,4.416447,103.437675
08:12:52,912810UA4,TSRYS5802849,D,S,D,2024-06-26,1000000.00,4.416457,103.4375
08:12:52,912810UA4,TSRYS5802849,D,B,C,2024-06-26,1000000.00,4.416463,103.4374
08:12:52,912810UA4,TSRYS5802849,D,S,D,2024-06-26,1000000.00,4.416913,103.4297875
08:12:52,912810UA4,TSRYS5802849,D,S,D,2024-06-26,1000000.00,4.417029,103.427834375
08:12:52,912810UA4,TSRYS5802849,D,S,D,2024-06-26,1000000.00,4.417029,103.427834375
08:12:53,912810UA4,TSRYS5802849,D,S,D,2024-06-26,2000000.00,4.417029,103.427834375
08:12:56,912810UA4,TSRYS5802849,D,S,D,2024-06-26,1000000.00,4.416919,103.4296875
08:12:56,912810UA4,TSRYS5802849,D,S,D,2024-06-26,1000000.00,4.417035,103.427734375
08:12:56,912810UA4,TSRYS5802849,D,S,D,2024-06-26,2000000.00,4.417035,103.427734375
08:13:03,912810UA4,TSRYS5802849,D,S,D,2024-06-26,1000000.00,4.416919,103.4296875
08:13:03,912810UA4,TSRYS5802849,D,S,D,2024-06-26,1000000.00,4.416919,103.4296875
08:13:03,912810UA4,TSRYS5802849,D,S,D,2024-06-26,1000000.00,4.416919,103.4296875
08:13:03,912810UA4,TSRYS5802849,D,S,T,2024-06-26,1000000.00,4.417035,103.427734375
08:13:03,912810UA4,TSRYS5802849,D,S,T,2024-06-26,1000000.00,4.416919,103.4296875
08:13:03,912810UA4,TSRYS5802849,D,S,D,2024-06-26,1000000.00,4.417029,103.427834375
08:13:03,912810UA4,TSRYS5802849,D,B,C,2024-06-26,1000000.00,4.416919,103.4296875
08:13:03,912810UA4,TSRYS5802849,D,S,D,2024-06-26,1000000.00,4.416913,103.4297875
08:13:03,912810UA4,TSRYS5802849,D,B,C,2024-06-26,1000000.00,4.416919,103.4296875
08:13:03,912810UA4,TSRYS5802849,D,S,D,2024-06-26,1000000.00,4.416913,103.4297875
08:13:03,912810UA4,TSRYS5802849,D,S,D,2024-06-26,1000000.00,4.416919,103.4296875
08:13:06,912810UA4,TSRYS5802849,D,S,D,2024-06-26,1000000.00,4.416457,103.4375
08:13:07,912810UA4,TSRYS5802849,D,S,D,2024-06-26,1000000.00,4.416919,103.4296875
08:13:08,912810UA4,TSRYS5802849,D,S,D,2024-06-26,1000000.00,4.416919,103.4296875
08:13:18,912810UA4,TSRYS5802849,D,S,D,2024-06-26,500000.00,4.416457,103.4375
08:13:19,912810UA4,TSRYS5802849,D,S,C,2024-06-26,7500000.00,4.41697,103.4288344
08:13:19,912810UA4,TSRYS5802849,D,S,C,2024-06-26,2500000.00,4.41697,103.4288344
08:13:19,912810UA4,TSRYS5802849,D,S,C,2024-06-26,500000.00,4.416457,103.4375
08:13:34,912810UA4,TSRYS5802849,D,S,D,2024-06-26,2000000.00,4.416919,103.4296875
08:13:34,912810UA4,TSRYS5802849,D,S,D,2024-06-26,2000000.00,4.416919,103.4296875
08:13:34,912810UA4,TSRYS5802849,D,S,D,2024-06-26,2000000.00,4.416919,103.4296875
08:13:36,912810UA4,TSRYS5802849,D,S,T,2024-06-26,1000000.00,4.416688,103.43359375
08:13:36,912810UA4,TSRYS5802849,D,B,C,2024-06-26,1000000.00,4.416688,103.43359375
08:13:37,912810UA4,TSRYS5802849,D,S,D,2024-06-26,1000000.00,4.416681,103.43371875
08:13:37,912810UA4,TSRYS5802849,D,S,D,2024-06-26,1000000.00,4.416681,103.43371875
08:13:37,912810UA4,TSRYS5802849,D,S,A,2024-06-26,4000000.00,4.416688,103.43359375
08:13:38,912810UA4,TSRYS5802849,D,S,C,2024-06-26,1000000.00,4.415534,103.453125
08:13:38,912810UA4,TSRYS5802849,D,S,D,2024-06-26,1000000.00,4.416457,103.4375
08:13:38,912810UA4,TSRYS5802849,D,S,C,2024-06-26,1000000.00,4.416457,103.4375
08:13:38,912810UA4,TSRYS5802849,D,B,C,2024-06-26,1000000.00,4.416475,103.4372
08:13:40,912810UA4,TSRYS5802849,D,S,T,2024-06-26,1000000.00,4.416688,103.43359375
08:13:41,912810UA4,TSRYS5802849,D,S,D,2024-06-26,1000000.00,4.416688,103.43359375
08:13:44,912810UA4,TSRYS5802849,D,S,D,2024-06-26,1000000.00,4.417612,103.41796875
08:13:44,912810UA4,TSRYS5802849,D,S,T,2024-06-26,1000000.00,4.417035,103.427734375
08:13:46,912810UA4,TSRYS5802849,D,S,C,2024-06-26,1450000.00,4.417358,103.422275
08:13:48,912810UA4,TSRYS5802849,D,S,D,2024-06-26,1000000.00,4.417035,103.427734375
08:13:49,912810UA4,TSRYS5802849,D,S,C,2024-06-26,7500000.00,4.416854,103.4307875
08:13:49,912810UA4,TSRYS5802849,D,S,C,2024-06-26,2500000.00,4.416854,103.4307875
08:13:54,912810UA4,TSRYS5802849,D,S,C,2024-06-26,2000000.00,4.416226,103.44140625
08:13:55,912810UA4,TSRYS5802849,D,S,T,2024-06-26,1000000.00,4.417381,103.421875
08:13:56,912810UA4,TSRYS5802849,D,S,D,2024-06-26,1000000.00,4.417844,103.4140625
08:14:07,912810UA4,TSRYS5802849,D,S,C,2024-06-26,2000000.00,4.416444,103.437725
08:14:07,912810UA4,TSRYS5802849,D,B,C,2024-06-26,2000000.00,4.416466,103.43735
08:14:10,912810UA4,TSRYS5802849,D,S,T,2024-06-26,1000000.00,4.417612,103.41796875
08:14:22,912810UA4,TSRYS5802849,D,S,D,2024-06-26,1000000.00,4.416919,103.4296875
08:14:22,912810UA4,TSRYS5802849,D,B,C,2024-06-26,1000000.00,4.416937,103.4293875
08:14:24,912810UA4,TSRYS5802849,D,S,T,2024-06-26,1000000.00,4.417844,103.4140625
08:14:30,912810UA4,TSRYS5802849,D,S,T,2024-06-26,1000000.00,4.416457,103.4375
08:14:38,912810UA4,TSRYS5802849,D,S,D,2024-06-26,1000000.00,4.417381,103.421875
08:14:55,912810UA4,TSRYS5802849,D,B,C,2024-06-26,2000000.00,4.418084,103.41
08:15:03,912810UA4,TSRYS5802849,D,S,T,2024-06-26,1000000.00,4.416457,103.4375
08:15:07,912810UA4,TSRYS5802849,D,S,D,2024-06-26,1000000.00,4.416457,103.4375
08:15:07,912810UA4,TSRYS5802849,D,B,C,2024-06-26,1000000.00,4.416457,103.4375
08:15:07,912810UA4,TSRYS5802849,D,S,C,2024-06-26,1000000.00,4.416457,103.4375
08:15:07,912810UA4,TSRYS5802849,D,B,C,2024-06-26,1000000.00,4.416457,103.4375
08:15:07,912810UA4,TSRYS5802849,D,S,D,2024-06-26,1000000.00,4.416457,103.4375
08:15:17,912810UA4,TSRYS5802849,D,S,D,2024-06-26,1000000.00,4.416457,103.4375
08:15:17,912810UA4,TSRYS5802849,D,B,C,2024-06-26,1000000.00,4.416475,103.4372
08:15:18,912810UA4,TSRYS5802849,D,S,T,2024-06-26,1000000.00,4.416457,103.4375
08:15:35,912810UA4,TSRYS5802849,D,B,C,2024-06-26,1000000.00,4.416226,103.44140625
08:15:35,912810UA4,TSRYS5802849,D,S,C,2024-06-26,1000000.00,4.416226,103.44140625
08:15:35,912810UA4,TSRYS5802849,D,S,T,2024-06-26,1000000.00,4.416457,103.4375
08:15:38,912810UA4,TSRYS5802849,D,B,C,2024-06-26,1000000.00,4.416226,103.44140625
08:15:38,912810UA4,TSRYS5802849,D,S,D,2024-06-26,1000000.00,4.416226,103.44140625
08:15:38,912810UA4,TSRYS5802849,D,B,C,2024-06-26,1000000.00,4.416226,103.44140625
08:15:38,912810UA4,TSRYS5802849,D,S,D,2024-06-26,1000000.00,4.416226,103.44140625
08:15:38,912810UA4,TSRYS5802849,D,S,D,2024-06-26,1000000.00,4.416226,103.44140625
08:15:38,912810UA4,TSRYS5802849,D,B,C,2024-06-26,1000000.00,4.416226,103.44140625
08:15:38,912810UA4,TSRYS5802849,D,S,D,2024-06-26,1000000.00,4.416226,103.44140625
08:15:39,912810UA4,TSRYS5802849,D,S,D,2024-06-26,1000000.00,4.416226,103.44140625
08:15:39,912810UA4,TSRYS5802849,D,S,D,2024-06-26,1000000.00,4.416226,103.44140625
08:15:40,912810UA4,TSRYS5802849,D,S,D,2024-06-26,1000000.00,4.415418,103.455078125
08:15:41,912810UA4,TSRYS5802849,D,S,T,2024-06-26,1000000.00,4.415534,103.453125
08:15:45,912810UA4,TSRYS5802849,D,S,T,2024-06-26,1000000.00,4.415418,103.455078125
08:15:52,912810UA4,TSRYS5802849,D,S,D,2024-06-26,1000000.00,4.416457,103.4375
08:15:52,912810UA4,TSRYS5802849,D,S,C,2024-06-26,1000000.00,4.416457,103.4375
08:15:52,912810UA4,TSRYS5802849,D,B,C,2024-06-26,1000000.00,4.416457,103.4375
08:15:52,912810UA4,TSRYS5802849,D,S,D,2024-06-26,1000000.00,4.416457,103.4375
08:15:57,912810UA4,TSRYS5802849,D,S,T,2024-06-26,1000000.00,4.415072,103.4609375
08:15:57,912810UA4,TSRYS5802849,D,S,T,2024-06-26,1000000.00,4.415072,103.4609375
08:15:57,912810UA4,TSRYS5802849,D,S,T,2024-06-26,1000000.00,4.415072,103.4609375
08:15:57,912810UA4,TSRYS5802849,D,S,D,2024-06-26,1000000.00,4.415072,103.4609375
08:15:57,912810UA4,TSRYS5802849,D,S,D,2024-06-26,1000000.00,4.415072,103.4609375
08:15:58,912810UA4,TSRYS5802849,D,B,C,2024-06-26,2000000.00,4.415072,103.4609375
08:15:58,912810UA4,TSRYS5802849,D,S,D,2024-06-26,2000000.00,4.415072,103.4609375
08:15:58,912810UA4,TSRYS5802849,D,S,D,2024-06-26,2000000.00,4.415072,103.4609375
08:15:58,912810UA4,TSRYS5802849,D,S,D,2024-06-26,2000000.00,4.415072,103.4609375
08:15:58,912810UA4,TSRYS5802849,D,S,D,2024-06-26,1000000.00,4.415072,103.4609375
08:15:59,912810UA4,TSRYS5802849,D,S,D,2024-06-26,1000000.00,4.414841,103.46484375
08:16:00,912810UA4,TSRYS5802849,D,S,T,2024-06-26,1000000.00,4.41461,103.46875
08:16:02,912810UA4,TSRYS5802849,D,S,D,2024-06-26,1000000.00,4.415072,103.4609375
08:16:02,912810UA4,TSRYS5802849,D,S,D,2024-06-26,1000000.00,4.415072,103.4609375
08:16:04,912810UA4,TSRYS5802849,D,S,T,2024-06-26,1000000.00,4.414841,103.46484375
08:16:07,912810UA4,TSRYS5802849,D,S,A,2024-06-26,2000000.00,4.415072,103.4609375
08:16:07,912810UA4,TSRYS5802849,D,S,A,2024-06-26,2000000.00,4.415072,103.4609375
08:16:08,912810UA4,TSRYS5802849,D,S,A,2024-06-26,1000000.00,4.415072,103.4609375
08:16:08,912810UA4,TSRYS5802849,D,S,A,2024-06-26,2000000.00,4.415072,103.4609375
08:16:10,912810UA4,TSRYS5802849,D,S,A,2024-06-26,951000.00,4.415072,103.4609375
08:16:11,912810UA4,TSRYS5802849,D,S,A,2024-06-26,1000000.00,4.415072,103.4609375
08:16:11,912810UA4,TSRYS5802849,D,S,A,2024-06-26,1049000.00,4.415072,103.4609375
08:16:17,912810UA4,TSRYS5802849,D,S,D,2024-06-26,3000000.00,4.41461,103.46875
08:16:17,912810UA4,TSRYS5802849,D,S,T,2024-06-26,1000000.00,4.414725,103.466796875
08:16:18,912810UA4,TSRYS5802849,D,S,T,2024-06-26,1000000.00,4.414725,103.466796875
08:16:20,912810UA4,TSRYS5802849,D,B,C,2024-06-26,1000000.00,4.41461,103.46875
08:16:21,912810UA4,TSRYS5802849,D,S,D,2024-06-26,1000000.00,4.416457,103.4375
08:16:21,912810UA4,TSRYS5802849,D,S,C,2024-06-26,1000000.00,4.415534,103.453125
08:16:22,912810UA4,TSRYS5802849,D,S,D,2024-06-26,1000000.00,4.414725,103.466796875
08:16:22,912810UA4,TSRYS5802849,D,S,D,2024-06-26,1000000.00,4.414725,103.466796875
08:16:23,912810UA4,TSRYS5802849,D,S,C,2024-06-26,20000000.00,4.414125,103.476953125
08:16:25,912810UA4,TSRYS5802849,D,S,T,2024-06-26,3000000.00,4.41461,103.46875
08:16:35,912810UA4,TSRYS5802849,D,B,C,2024-06-26,1000000.00,4.415534,103.453125
08:16:35,912810UA4,TSRYS5802849,D,S,C,2024-06-26,1000000.00,4.415534,103.453125
08:16:46,912810UA4,TSRYS5802849,D,S,T,2024-06-26,1000000.00,4.414033,103.478515625
08:16:46,912810UA4,TSRYS5802849,D,S,T,2024-06-26,1000000.00,4.414033,103.478515625
08:16:46,912810UA4,TSRYS5802849,D,B,C,2024-06-26,1000000.00,4.414033,103.478515625
08:16:46,912810UA4,TSRYS5802849,D,S,D,2024-06-26,1000000.00,4.414025,103.478640625
08:16:46,912810UA4,TSRYS5802849,D,S,D,2024-06-26,1000000.00,4.414025,103.478640625
08:16:51,912810UA4,TSRYS5802849,D,S,D,2024-06-26,1000000.00,4.414033,103.478515625
08:16:51,912810UA4,TSRYS5802849,D,B,C,2024-06-26,1000000.00,4.414033,103.478515625
08:16:51,912810UA4,TSRYS5802849,D,S,D,2024-06-26,1000000.00,4.414033,103.478515625
08:16:52,912810UA4,TSRYS5802849,D,S,D,2024-06-26,1000000.00,4.41461,103.46875
08:16:52,912810UA4,TSRYS5802849,D,S,D,2024-06-26,1000000.00,4.41461,103.46875
08:16:53,912810UA4,TSRYS5802849,D,B,C,2024-06-26,1000000.00,4.41461,103.46875
08:17:07,912810UA4,TSRYS5802849,D,B,C,2024-06-26,1000000.00,4.413686,103.484375
08:17:07,912810UA4,TSRYS5802849,D,S,D,2024-06-26,1000000.00,4.413686,103.484375
08:17:07,912810UA4,TSRYS5802849,D,B,C,2024-06-26,1000000.00,4.413686,103.484375
08:17:07,912810UA4,TSRYS5802849,D,B,C,2024-06-26,2000000.00,4.413698,103.484175
08:17:07,912810UA4,TSRYS5802849,D,S,D,2024-06-26,1000000.00,4.413686,103.484375
08:17:07,912810UA4,TSRYS5802849,D,S,D,2024-06-26,2000000.00,4.413686,103.484375
08:17:07,912810UA4,TSRYS5802849,D,B,C,2024-06-26,1000000.00,4.413686,103.484375
08:17:07,912810UA4,TSRYS5802849,D,S,D,2024-06-26,1000000.00,4.413686,103.484375
08:17:18,912810UA4,TSRYS5802849,D,S,T,2024-06-26,1000000.00,4.413686,103.484375
08:17:18,912810UA4,TSRYS5802849,D,S,D,2024-06-26,1000000.00,4.413686,103.484375
08:17:18,912810UA4,TSRYS5802849,D,B,C,2024-06-26,1000000.00,4.413686,103.484375
08:17:18,912810UA4,TSRYS5802849,D,S,D,2024-06-26,1000000.00,4.413686,103.484375
08:17:18,912810UA4,TSRYS5802849,D,S,D,2024-06-26,1000000.00,4.413686,103.484375
08:17:18,912810UA4,TSRYS5802849,D,S,T,2024-06-26,1000000.00,4.413802,103.482421875
08:17:18,912810UA4,TSRYS5802849,D,S,D,2024-06-26,1000000.00,4.413686,103.484375
08:17:19,912810UA4,TSRYS5802849,D,S,D,2024-06-26,1000000.00,4.413686,103.484375
08:17:19,912810UA4,TSRYS5802849,D,S,D,2024-06-26,1000000.00,4.413686,103.484375
08:17:21,912810UA4,TSRYS5802849,D,S,A,2024-06-26,2000000.00,4.413686,103.484375
08:17:21,912810UA4,TSRYS5802849,D,S,A,2024-06-26,1000000.00,4.413686,103.484375
08:17:22,912810UA4,TSRYS5802849,D,S,A,2024-06-26,1000000.00,4.413686,103.484375
08:17:23,912810UA4,TSRYS5802849,D,S,D,2024-06-26,1000000.00,4.413802,103.482421875
08:17:23,912810UA4,TSRYS5802849,D,S,D,2024-06-26,1000000.00,4.413686,103.484375
08:17:25,912810UA4,TSRYS5802849,D,S,T,2024-06-26,1000000.00,4.413686,103.484375
08:17:25,912810UA4,TSRYS5802849,D,S,D,2024-06-26,1000000.00,4.413686,103.484375
08:17:26,912810UA4,TSRYS5802849,D,S,A,2024-06-26,1000000.00,4.413686,103.484375
08:17:29,912810UA4,TSRYS5802849,D,B,C,2024-06-26,1000000.00,4.413225,103.4921875
08:17:29,912810UA4,TSRYS5802849,D,S,D,2024-06-26,1000000.00,4.413225,103.4921875
08:17:30,912810UA4,TSRYS5802849,D,S,D,2024-06-26,1000000.00,4.413225,103.4921875
08:17:42,912810UA4,TSRYS5802849,D,S,T,2024-06-26,1000000.00,4.413686,103.484375
08:17:42,912810UA4,TSRYS5802849,D,S,T,2024-06-26,1000000.00,4.413686,103.484375
08:17:42,912810UA4,TSRYS5802849,D,S,T,2024-06-26,1000000.00,4.413686,103.484375
08:17:42,912810UA4,TSRYS5802849,D,S,D,2024-06-26,1000000.00,4.413679,103.4845
08:17:45,912810UA4,TSRYS5802849,D,S,C,2024-06-26,1000000.00,4.414148,103.4765625
08:17:47,912810UA4,TSRYS5802849,D,S,D,2024-06-26,1000000.00,4.413686,103.484375
08:17:47,912810UA4,TSRYS5802849,D,S,D,2024-06-26,1000000.00,4.413686,103.484375
08:17:49,912810UA4,TSRYS5802849,D,S,D,2024-06-26,1000000.00,4.41391,103.48059375
08:17:50,912810UA4,TSRYS5802849,D,B,C,2024-06-26,1000000.00,4.413686,103.484375
08:17:50,912810UA4,TSRYS5802849,D,S,D,2024-06-26,1000000.00,4.413678,103.484527
08:17:50,912810UA4,TSRYS5802849,D,S,T,2024-06-26,3550000.00,4.368681,104.25
08:17:53,912810UA4,TSRYS5802849,D,S,T,2024-06-26,1000000.00,4.413917,103.48046875
08:18:09,912810UA4,TSRYS5802849,D,S,T,2024-06-26,1000000.00,4.414148,103.4765625
08:18:09,912810UA4,TSRYS5802849,D,S,T,2024-06-26,1000000.00,4.414379,103.47265625
08:18:09,912810UA4,TSRYS5802849,D,S,D,2024-06-26,1000000.00,4.414148,103.4765625
08:18:09,912810UA4,TSRYS5802849,D,S,T,2024-06-26,1000000.00,4.414148,103.4765625
08:18:09,912810UA4,TSRYS5802849,D,S,T,2024-06-26,1000000.00,4.41461,103.46875
08:18:09,912810UA4,TSRYS5802849,D,S,D,2024-06-26,1000000.00,4.414148,103.4765625
08:18:09,912810UA4,TSRYS5802849,D,S,D,2024-06-26,1000000.00,4.41461,103.46875
08:18:09,912810UA4,TSRYS5802849,D,S,D,2024-06-26,1000000.00,4.414379,103.47265625
08:18:09,912810UA4,TSRYS5802849,D,B,C,2024-06-26,1000000.00,4.415072,103.4609375
08:18:09,912810UA4,TSRYS5802849,D,S,C,2024-06-26,1000000.00,4.415072,103.4609375
08:18:09,912810UA4,TSRYS5802849,D,S,D,2024-06-26,1000000.00,4.414148,103.4765625
08:18:10,912810UA4,TSRYS5802849,D,S,D,2024-06-26,1000000.00,4.414379,103.47265625
08:18:10,912810UA4,TSRYS5802849,D,S,D,2024-06-26,1000000.00,4.41461,103.46875
08:18:11,912810UA4,TSRYS5802849,D,S,T,2024-06-26,1000000.00,4.415534,103.453125
08:18:11,912810UA4,TSRYS5802849,D,S,D,2024-06-26,1000000.00,4.414148,103.4765625
08:18:13,912810UA4,TSRYS5802849,D,S,A,2024-06-26,1000000.00,4.414148,103.4765625
08:18:13,912810UA4,TSRYS5802849,D,S,A,2024-06-26,1000000.00,4.414148,103.4765625
08:18:13,912810UA4,TSRYS5802849,D,S,C,2024-06-26,1000000.00,4.415187,103.458984375
08:18:13,912810UA4,TSRYS5802849,D,S,C,2024-06-26,1000000.00,4.415303,103.45703125
08:18:14,912810UA4,TSRYS5802849,D,S,D,2024-06-26,1000000.00,4.414379,103.47265625
08:18:15,912810UA4,TSRYS5802849,D,B,C,2024-06-26,1500000.00,4.41461,103.46875
08:18:15,912810UA4,TSRYS5802849,D,S,T,2024-06-26,1000000.00,4.415303,103.45703125
08:18:15,912810UA4,TSRYS5802849,D,S,T,2024-06-26,1000000.00,4.415187,103.458984375
08:18:17,912810UA4,TSRYS5802849,D,B,C,2024-06-26,1000000.00,4.4145,103.470603125
08:18:17,912810UA4,TSRYS5802849,D,S,D,2024-06-26,1000000.00,4.414487,103.470828125
08:18:18,912810UA4,TSRYS5802849,D,S,A,2024-06-26,1000000.00,4.414148,103.4765625
08:18:18,912810UA4,TSRYS5802849,D,S,A,2024-06-26,1000000.00,4.41461,103.46875
08:18:19,912810UA4,TSRYS5802849,D,S,A,2024-06-26,1000000.00,4.414148,103.4765625
08:18:30,912810UA4,TSRYS5802849,D,B,C,2024-06-26,1000000.00,4.415187,103.458984375
08:18:30,912810UA4,TSRYS5802849,D,S,T,2024-06-26,1000000.00,4.41461,103.46875
08:18:33,912810UA4,TSRYS5802849,D,S,D,2024-06-26,1000000.00,4.415072,103.4609375
08:18:36,912810UA4,TSRYS5802849,D,S,C,2024-06-26,1000000.00,4.41461,103.46875
08:18:38,912810UA4,TSRYS5802849,D,B,C,2024-06-26,1000000.00,4.414725,103.466796875
08:18:44,912810UA4,TSRYS5802849,D,S,D,2024-06-26,3550000.00,4.368681,104.25
08:18:45,912810UA4,TSRYS5802849,D,B,C,2024-06-26,1000000.00,4.414725,103.466796875
08:18:46,912810UA4,TSRYS5802849,D,S,T,2024-06-26,2000000.00,4.41461,103.46875
08:18:47,912810UA4,TSRYS5802849,D,B,C,2024-06-26,1000000.00,4.414725,103.466796875
08:18:50,912810UA4,TSRYS5802849,D,B,C,2024-06-26,1000000.00,4.414622,103.46855
08:18:50,912810UA4,TSRYS5802849,D,S,C,2024-06-26,1000000.00,4.41461,103.46875
08:18:50,912810UA4,TSRYS5802849,D,S,T,2024-06-26,1000000.00,4.413571,103.486328125
08:18:51,912810UA4,TSRYS5802849,D,S,T,2024-06-26,1000000.00,4.413571,103.486328125
08:18:51,912810UA4,TSRYS5802849,D,B,C,2024-06-26,1000000.00,4.413704,103.484075
08:18:51,912810UA4,TSRYS5802849,D,S,D,2024-06-26,1000000.00,4.413686,103.484375
08:18:51,912810UA4,TSRYS5802849,D,S,T,2024-06-26,1000000.00,4.413571,103.486328125
08:18:51,912810UA4,TSRYS5802849,D,S,T,2024-06-26,1000000.00,4.413686,103.484375
08:18:53,912810UA4,TSRYS5802849,D,B,C,2024-06-26,1000000.00,4.414033,103.478515625
08:18:53,912810UA4,TSRYS5802849,D,S,D,2024-06-26,1000000.00,4.414033,103.478515625
08:18:53,912810UA4,TSRYS5802849,D,S,D,2024-06-26,1000000.00,4.413448,103.48840625
08:18:55,912810UA4,TSRYS5802849,D,S,D,2024-06-26,1000000.00,4.413571,103.486328125
08:18:55,912810UA4,TSRYS5802849,D,S,D,2024-06-26,1000000.00,4.413571,103.486328125
08:18:55,912810UA4,TSRYS5802849,D,S,D,2024-06-26,1000000.00,4.413571,103.486328125
08:18:55,912810UA4,TSRYS5802849,D,S,D,2024-06-26,1000000.00,4.413686,103.484375
08:18:55,912810UA4,TSRYS5802849,D,S,T,2024-06-26,1000000.00,4.41461,103.46875
08:18:56,912810UA4,TSRYS5802849,D,S,D,2024-06-26,1000000.00,4.413571,103.486328125
08:18:56,912810UA4,TSRYS5802849,D,S,D,2024-06-26,1000000.00,4.413571,103.486328125
08:18:58,912810UA4,TSRYS5802849,D,S,T,2024-06-26,1000000.00,4.413456,103.48828125
08:18:59,912810UA4,TSRYS5802849,D,S,T,2024-06-26,1000000.00,4.413456,103.48828125
08:18:59,912810UA4,TSRYS5802849,D,S,C,2024-06-26,1000000.00,4.413225,103.4921875
08:18:59,912810UA4,TSRYS5802849,D,S,D,2024-06-26,1000000.00,4.413109,103.494140625
08:18:59,912810UA4,TSRYS5802849,D,S,D,2024-06-26,1000000.00,4.413225,103.4921875
08:18:59,912810UA4,TSRYS5802849,D,B,C,2024-06-26,1000000.00,4.413225,103.4921875
08:18:59,912810UA4,TSRYS5802849,D,B,C,2024-06-26,1000000.00,4.413225,103.4921875
08:18:59,912810UA4,TSRYS5802849,D,S,D,2024-06-26,1000000.00,4.413225,103.4921875
08:18:59,912810UA4,TSRYS5802849,D,B,C,2024-06-26,1000000.00,4.413225,103.4921875
08:18:59,912810UA4,TSRYS5802849,D,B,C,2024-06-26,1000000.00,4.413225,103.4921875
08:18:59,912810UA4,TSRYS5802849,D,S,C,2024-06-26,1000000.00,4.413225,103.4921875
08:18:59,912810UA4,TSRYS5802849,D,S,D,2024-06-26,1000000.00,4.413225,103.4921875
08:18:59,912810UA4,TSRYS5802849,D,B,C,2024-06-26,1000000.00,4.413225,103.4921875
08:19:00,912810UA4,TSRYS5802849,D,S,D,2024-06-26,1000000.00,4.413225,103.4921875
08:19:00,912810UA4,TSRYS5802849,D,S,D,2024-06-26,1000000.00,4.413225,103.4921875
08:19:00,912810UA4,TSRYS5802849,D,B,C,2024-06-26,1000000.00,4.413243,103.4918875
08:19:01,912810UA4,TSRYS5802849,D,S,D,2024-06-26,1000000.00,4.413225,103.4921875
08:19:04,912810UA4,TSRYS5802849,D,S,D,2024-06-26,1000000.00,4.413456,103.48828125
08:19:05,912810UA4,TSRYS5802849,D,S,D,2024-06-26,1000000.00,4.41461,103.46875
08:19:06,912810UA4,TSRYS5802849,D,S,D,2024-06-26,1000000.00,4.412648,103.501953125
08:19:07,912810UA4,TSRYS5802849,D,B,C,2024-06-26,1000000.00,4.413456,103.48828125
08:19:07,912810UA4,TSRYS5802849,D,S,D,2024-06-26,1000000.00,4.413456,103.48828125
08:19:07,912810UA4,TSRYS5802849,D,B,C,2024-06-26,1000000.00,4.413225,103.4921875
08:19:07,912810UA4,TSRYS5802849,D,S,C,2024-06-26,1000000.00,4.413225,103.4921875
08:19:07,912810UA4,TSRYS5802849,D,S,T,2024-06-26,1000000.00,4.413109,103.494140625
08:19:07,912810UA4,TSRYS5802849,D,S,D,2024-06-26,1000000.00,4.413456,103.48828125
08:19:07,912810UA4,TSRYS5802849,D,S,C,2024-06-26,1000000.00,4.415534,103.453125
08:19:08,912810UA4,TSRYS5802849,D,S,C,2024-06-26,1000000.00,4.41461,103.46875
08:19:09,912810UA4,TSRYS5802849,D,S,D,2024-06-26,4000000.00,4.412302,103.5078125
08:19:11,912810UA4,TSRYS5802849,D,S,D,2024-06-26,1000000.00,4.412763,103.5
08:19:14,912810UA4,TSRYS5802849,D,S,D,2024-06-26,1000000.00,4.41264,103.502078125
08:19:15,912810UA4,TSRYS5802849,D,S,D,2024-06-26,1000000.00,4.413456,103.48828125
08:19:15,912810UA4,TSRYS5802849,D,B,C,2024-06-26,1000000.00,4.413456,103.48828125
08:19:15,912810UA4,TSRYS5802849,D,S,D,2024-06-26,1000000.00,4.413456,103.48828125
08:19:17,912810UA4,TSRYS5802849,D,S,T,2024-06-26,1000000.00,4.412879,103.498046875
08:19:17,912810UA4,TSRYS5802849,D,S,T,2024-06-26,1000000.00,4.413109,103.494140625
08:19:17,912810UA4,TSRYS5802849,D,S,T,2024-06-26,1000000.00,4.412994,103.49609375
08:19:17,912810UA4,TSRYS5802849,D,S,T,2024-06-26,1000000.00,4.412879,103.498046875
08:19:17,912810UA4,TSRYS5802849,D,B,C,2024-06-26,1000000.00,4.413225,103.4921875
08:19:17,912810UA4,TSRYS5802849,D,S,D,2024-06-26,1000000.00,4.413225,103.4921875
08:19:17,912810UA4,TSRYS5802849,D,S,T,2024-06-26,1000000.00,4.413109,103.494140625
08:19:17,912810UA4,TSRYS5802849,D,S,T,2024-06-26,1000000.00,4.412994,103.49609375
08:19:17,912810UA4,TSRYS5802849,D,S,T,2024-06-26,1000000.00,4.412879,103.498046875
08:19:17,912810UA4,TSRYS5802849,D,S,T,2024-06-26,1000000.00,4.412879,103.498046875
08:19:17,912810UA4,TSRYS5802849,D,S,D,2024-06-26,3000000.00,4.413333,103.490359375
08:19:17,912810UA4,TSRYS5802849,D,S,T,2024-06-26,3000000.00,4.412994,103.49609375
08:19:17,912810UA4,TSRYS5802849,D,S,D,2024-06-26,1000000.00,4.413333,103.490359375
08:19:17,912810UA4,TSRYS5802849,D,S,D,2024-06-26,1000000.00,4.413225,103.4921875
08:19:17,912810UA4,TSRYS5802849,D,S,D,2024-06-26,3000000.00,4.413333,103.490359375
08:19:18,912810UA4,TSRYS5802849,D,S,D,2024-06-26,1000000.00,4.413102,103.494265625
08:19:18,912810UA4,TSRYS5802849,D,S,D,2024-06-26,1000000.00,4.412987,103.49621875
08:19:18,912810UA4,TSRYS5802849,D,S,D,2024-06-26,1000000.00,4.412987,103.49621875
08:19:18,912810UA4,TSRYS5802849,D,B,C,2024-06-26,2000000.00,4.412994,103.49609375
08:19:18,912810UA4,TSRYS5802849,D,S,D,2024-06-26,2000000.00,4.412987,103.49621875
08:19:18,912810UA4,TSRYS5802849,D,S,D,2024-06-26,1000000.00,4.412871,103.498171875
08:19:19,912810UA4,TSRYS5802849,D,B,C,2024-06-26,1000000.00,4.412879,103.498046875
08:19:19,912810UA4,TSRYS5802849,D,S,D,2024-06-26,1000000.00,4.412871,103.498171875
08:19:20,912810UA4,TSRYS5802849,D,S,T,2024-06-26,1000000.00,4.412648,103.501953125
08:19:22,912810UA4,TSRYS5802849,D,S,D,2024-06-26,3000000.00,4.412994,103.49609375
08:19:22,912810UA4,TSRYS5802849,D,S,D,2024-06-26,1000000.00,4.412879,103.498046875
08:19:22,912810UA4,TSRYS5802849,D,S,D,2024-06-26,1000000.00,4.413109,103.494140625
08:19:22,912810UA4,TSRYS5802849,D,S,D,2024-06-26,1000000.00,4.412994,103.49609375
08:19:22,912810UA4,TSRYS5802849,D,S,D,2024-06-26,1000000.00,4.412879,103.498046875
08:19:22,912810UA4,TSRYS5802849,D,S,D,2024-06-26,1000000.00,4.412879,103.498046875
08:19:22,912810UA4,TSRYS5802849,D,B,C,2024-06-26,1000000.00,4.412763,103.5
08:19:22,912810UA4,TSRYS5802849,D,S,D,2024-06-26,1000000.00,4.412763,103.5
08:19:22,912810UA4,TSRYS5802849,D,B,C,2024-06-26,1000000.00,4.412763,103.5
08:19:22,912810UA4,TSRYS5802849,D,S,D,2024-06-26,1000000.00,4.412763,103.5
08:19:22,912810UA4,TSRYS5802849,D,B,C,2024-06-26,1000000.00,4.412763,103.5
08:19:22,912810UA4,TSRYS5802849,D,S,D,2024-06-26,1000000.00,4.412763,103.5
08:19:22,912810UA4,TSRYS5802849,D,S,T,2024-06-26,1000000.00,4.412994,103.49609375
08:19:22,912810UA4,TSRYS5802849,D,S,D,2024-06-26,1000000.00,4.41461,103.46875
08:19:22,912810UA4,TSRYS5802849,D,S,D,2024-06-26,2000000.00,4.41461,103.46875
08:19:22,912810UA4,TSRYS5802849,D,S,D,2024-06-26,1000000.00,4.41461,103.46875
08:19:22,912810UA4,TSRYS5802849,D,B,C,2024-06-26,1000000.00,4.414623,103.468523
08:19:22,912810UA4,TSRYS5802849,D,B,C,2024-06-26,1000000.00,4.414623,103.468523
08:19:22,912810UA4,TSRYS5802849,D,B,C,2024-06-26,1000000.00,4.414623,103.468523
08:19:22,912810UA4,TSRYS5802849,D,S,D,2024-06-26,1000000.00,4.41461,103.46875
08:19:22,912810UA4,TSRYS5802849,D,S,D,2024-06-26,1000000.00,4.41461,103.46875
08:19:22,912810UA4,TSRYS5802849,D,B,C,2024-06-26,1000000.00,4.414623,103.468523
08:19:22,912810UA4,TSRYS5802849,D,S,D,2024-06-26,1000000.00,4.41461,103.46875
08:19:22,912810UA4,TSRYS5802849,D,B,C,2024-06-26,1000000.00,4.414623,103.468523
08:19:22,912810UA4,TSRYS5802849,D,S,D,2024-06-26,1000000.00,4.41461,103.46875
08:19:22,912810UA4,TSRYS5802849,D,B,C,2024-06-26,1000000.00,4.414623,103.468523
08:19:22,912810UA4,TSRYS5802849,D,S,D,2024-06-26,1000000.00,4.41461,103.46875
08:19:22,912810UA4,TSRYS5802849,D,B,C,2024-06-26,1000000.00,4.414623,103.468523
08:19:22,912810UA4,TSRYS5802849,D,S,D,2024-06-26,1000000.00,4.41461,103.46875
08:19:22,912810UA4,TSRYS5802849,D,B,C,2024-06-26,1000000.00,4.414623,103.468523
08:19:22,912810UA4,TSRYS5802849,D,S,D,2024-06-26,1000000.00,4.41461,103.46875
08:19:22,912810UA4,TSRYS5802849,D,B,C,2024-06-26,1000000.00,4.414623,103.468523
08:19:22,912810UA4,TSRYS5802849,D,S,D,2024-06-26,1000000.00,4.41461,103.46875
08:19:22,912810UA4,TSRYS5802849,D,S,D,2024-06-26,1000000.00,4.41461,103.46875
08:19:22,912810UA4,TSRYS5802849,D,B,C,2024-06-26,1000000.00,4.41461,103.46875
08:19:22,912810UA4,TSRYS5802849,D,S,D,2024-06-26,1000000.00,4.41461,103.46875
08:19:22,912810UA4,TSRYS5802849,D,B,C,2024-06-26,1000000.00,4.414623,103.468523
08:19:25,912810UA4,TSRYS5802849,D,S,T,2024-06-26,1000000.00,4.41334,103.490234375
08:19:25,912810UA4,TSRYS5802849,D,S,T,2024-06-26,3000000.00,4.41334,103.490234375
08:19:26,912810UA4,TSRYS5802849,D,S,T,2024-06-26,3000000.00,4.41334,103.490234375
08:19:26,912810UA4,TSRYS5802849,D,B,C,2024-06-26,1000000.00,4.413225,103.4921875
08:19:26,912810UA4,TSRYS5802849,D,B,C,2024-06-26,1000000.00,4.413225,103.4921875
08:19:26,912810UA4,TSRYS5802849,D,S,D,2024-06-26,1000000.00,4.413225,103.4921875
08:19:26,912810UA4,TSRYS5802849,D,S,C,2024-06-26,1000000.00,4.413225,103.4921875
08:19:26,912810UA4,TSRYS5802849,D,S,D,2024-06-26,1000000.00,4.413225,103.4921875
08:19:26,912810UA4,TSRYS5802849,D,B,C,2024-06-26,1000000.00,4.413225,103.4921875
08:19:26,912810UA4,TSRYS5802849,D,B,C,2024-06-26,1000000.00,4.413225,103.4921875
08:19:27,912810UA4,TSRYS5802849,D,S,D,2024-06-26,1000000.00,4.413225,103.4921875
08:19:27,912810UA4,TSRYS5802849,D,S,D,2024-06-26,1000000.00,4.413225,103.4921875
08:19:27,912810UA4,TSRYS5802849,D,S,D,2024-06-26,1000000.00,4.413225,103.4921875
08:19:27,912810UA4,TSRYS5802849,D,S,D,2024-06-26,1000000.00,4.413225,103.4921875
08:19:28,912810UA4,TSRYS5802849,D,S,D,2024-06-26,1000000.00,4.413225,103.4921875
08:19:28,912810UA4,TSRYS5802849,D,S,D,2024-06-26,1000000.00,4.413225,103.4921875
08:19:29,912810UA4,TSRYS5802849,D,S,T,2024-06-26,1000000.00,4.412763,103.5
08:19:32,912810UA4,TSRYS5802849,D,S,D,2024-06-26,1000000.00,4.413109,103.494140625
08:19:35,912810UA4,TSRYS5802849,D,S,T,2024-06-26,1000000.00,4.412763,103.5
08:19:37,912810UA4,TSRYS5802849,D,B,C,2024-06-26,1000000.00,4.412763,103.5
08:19:45,912810UA4,TSRYS5802849,D,S,D,2024-06-26,1000000.00,4.413383,103.489509897
08:19:45,912810UA4,TSRYS5802849,D,S,D,2024-06-26,1000000.00,4.412883,103.4979707792
08:19:48,912810UA4,TSRYS5802849,D,B,C,2024-06-26,1000000.00,4.411737,103.517378125
08:19:48,912810UA4,TSRYS5802849,D,S,D,2024-06-26,1000000.00,4.411725,103.517578125
08:19:51,912810UA4,TSRYS5802849,D,B,C,2024-06-26,1000000.00,4.411609,103.51953125
08:19:51,912810UA4,TSRYS5802849,D,S,C,2024-06-26,1000000.00,4.411609,103.51953125
08:19:51,912810UA4,TSRYS5802849,D,B,C,2024-06-26,1000000.00,4.411609,103.51953125
08:19:51,912810UA4,TSRYS5802849,D,S,C,2024-06-26,1000000.00,4.411609,103.51953125
08:19:51,912810UA4,TSRYS5802849,D,B,C,2024-06-26,1000000.00,4.411609,103.51953125
08:19:51,912810UA4,TSRYS5802849,D,B,C,2024-06-26,1000000.00,4.411609,103.51953125
08:19:51,912810UA4,TSRYS5802849,D,S,C,2024-06-26,1000000.00,4.412763,103.5
08:19:51,912810UA4,TSRYS5802849,D,S,C,2024-06-26,1000000.00,4.411609,103.51953125
08:19:51,912810UA4,TSRYS5802849,D,S,D,2024-06-26,1000000.00,4.411609,103.51953125
08:19:51,912810UA4,TSRYS5802849,D,S,D,2024-06-26,1000000.00,4.412763,103.5
08:19:51,912810UA4,TSRYS5802849,D,B,C,2024-06-26,1000000.00,4.412763,103.5
08:19:52,912810UA4,TSRYS5802849,D,S,D,2024-06-26,1000000.00,4.411609,103.51953125
08:19:55,912810UA4,TSRYS5802849,D,S,T,2024-06-26,1000000.00,4.413109,103.49414062
08:20:02,912810UA4,TSRYS5802849,D,S,T,2024-06-26,1000000.00,4.41184,103.515625
08:20:08,912810UA4,TSRYS5802849,D,S,D,2024-06-26,1000000.00,4.412763,103.5
08:20:15,912810UA4,TSRYS5802849,D,B,C,2024-06-26,7000000.00,4.415731,103.44978
08:20:16,912810UA4,TSRYS5802849,D,S,D,2024-06-26,1000000.00,4.41184,103.515625
08:20:18,912810UA4,TSRYS5802849,D,S,T,2024-06-26,1000000.00,4.410923,103.53115
08:20:18,912810UA4,TSRYS5802849,D,S,D,2024-06-26,1000000.00,4.410917,103.53125
08:20:18,912810UA4,TSRYS5802849,D,S,D,2024-06-26,1000000.00,4.410917,103.53125
08:20:19,912810UA4,TSRYS5802849,D,S,T,2024-06-26,1000000.00,4.410928,103.531073
08:20:20,912810UA4,TSRYS5802849,D,S,T,2024-06-26,1000000.00,4.410925,103.53112
08:20:20,912810UA4,TSRYS5802849,D,S,T,2024-06-26,6000000.00,4.410925,103.53112
08:20:20,912810UA4,TSRYS5802849,D,S,T,2024-06-26,1000000.00,4.410925,103.53112
08:20:21,912810UA4,TSRYS5802849,D,S,T,2024-06-26,1000000.00,4.410925,103.53112
08:20:21,912810UA4,TSRYS5802849,D,S,T,2024-06-26,2000000.00,4.410925,103.53112
08:20:21,912810UA4,TSRYS5802849,D,S,T,2024-06-26,1000000.00,4.410925,103.53112
08:20:22,912810UA4,TSRYS5802849,D,S,T,2024-06-26,1000000.00,4.411033,103.529296875
08:20:22,912810UA4,TSRYS5802849,D,B,C,2024-06-26,1000000.00,4.411609,103.51953125
08:20:22,912810UA4,TSRYS5802849,D,S,C,2024-06-26,1000000.00,4.411609,103.51953125
08:20:22,912810UA4,TSRYS5802849,D,S,D,2024-06-26,1000000.00,4.411033,103.529296875
08:20:23,912810UA4,TSRYS5802849,D,B,C,2024-06-26,1000000.00,4.410917,103.53125
08:20:23,912810UA4,TSRYS5802849,D,S,D,2024-06-26,1000000.00,4.410917,103.53125
08:20:23,912810UA4,TSRYS5802849,D,S,D,2024-06-26,1000000.00,4.41184,103.515625
08:20:23,912810UA4,TSRYS5802849,D,B,C,2024-06-26,1000000.00,4.41184,103.515625
08:20:24,912810UA4,TSRYS5802849,D,S,T,2024-06-26,3000000.00,4.410925,103.53112
08:20:25,912810UA4,TSRYS5802849,D,S,T,2024-06-26,3000000.00,4.410925,103.53112
08:20:26,912810UA4,TSRYS5802849,D,S,D,2024-06-26,1000000.00,4.411148,103.52734375
08:20:26,912810UA4,TSRYS5802849,D,S,D,2024-06-26,1000000.00,4.411148,103.52734375
08:20:28,912810UA4,TSRYS5802849,D,S,T,2024-06-26,1000000.00,4.410917,103.53125
08:20:29,912810UA4,TSRYS5802849,D,S,D,2024-06-26,1000000.00,4.411148,103.52734375
08:20:29,912810UA4,TSRYS5802849,D,S,D,2024-06-26,1000000.00,4.411148,103.52734375
08:20:30,912810UA4,TSRYS5802849,D,S,D,2024-06-26,1000000.00,4.411148,103.52734375
08:20:37,912810UA4,TSRYS5802849,D,S,T,2024-06-26,1000000.00,4.41184,103.515625
08:20:37,912810UA4,TSRYS5802849,D,S,T,2024-06-26,1000000.00,4.41184,103.515625
08:20:41,912810UA4,TSRYS5802849,D,S,T,2024-06-26,1000000.00,4.411848,103.515495
08:20:41,912810UA4,TSRYS5802849,D,S,T,2024-06-26,1000000.00,4.411848,103.515495
08:20:41,912810UA4,TSRYS5802849,D,S,T,2024-06-26,1000000.00,4.411848,103.515495
08:20:41,912810UA4,TSRYS5802849,D,S,T,2024-06-26,1000000.00,4.411848,103.515495
08:20:42,912810UA4,TSRYS5802849,D,S,T,2024-06-26,1000000.00,4.411848,103.515495
08:20:42,912810UA4,TSRYS5802849,D,S,T,2024-06-26,1000000.00,4.411848,103.515495
08:20:43,912810UA4,TSRYS5802849,D,S,C,2024-06-26,1000000.00,4.413225,103.4921875
08:20:43,912810UA4,TSRYS5802849,D,B,C,2024-06-26,1000000.00,4.413225,103.4921875
08:20:43,912810UA4,TSRYS5802849,D,S,T,2024-06-26,1000000.00,4.412763,103.5
08:20:43,912810UA4,TSRYS5802849,D,S,T,2024-06-26,1000000.00,4.412763,103.5
08:20:43,912810UA4,TSRYS5802849,D,S,T,2024-06-26,1000000.00,4.411848,103.515495
08:20:43,912810UA4,TSRYS5802849,D,S,D,2024-06-26,1000000.00,4.412756,103.500125
08:20:43,912810UA4,TSRYS5802849,D,S,T,2024-06-26,1000000.00,4.411848,103.515495
08:20:43,912810UA4,TSRYS5802849,D,S,T,2024-06-26,1000000.00,4.411848,103.515495
08:20:44,912810UA4,TSRYS5802849,D,S,T,2024-06-26,1000000.00,4.411848,103.515495
08:20:44,912810UA4,TSRYS5802849,D,S,T,2024-06-26,1000000.00,4.413456,103.48828125
08:20:44,912810UA4,TSRYS5802849,D,S,T,2024-06-26,1000000.00,4.413456,103.48828125
08:20:44,912810UA4,TSRYS5802849,D,S,T,2024-06-26,1000000.00,4.41334,103.490234375
08:20:44,912810UA4,TSRYS5802849,D,B,C,2024-06-26,2000000.00,4.413571,103.486328125
08:20:44,912810UA4,TSRYS5802849,D,S,D,2024-06-26,2000000.00,4.413564,103.486453125
08:20:44,912810UA4,TSRYS5802849,D,S,T,2024-06-26,1000000.00,4.411848,103.515495
08:20:44,912810UA4,TSRYS5802849,D,S,T,2024-06-26,1000000.00,4.411848,103.515495
08:20:44,912810UA4,TSRYS5802849,D,S,T,2024-06-26,1000000.00,4.411848,103.515495
08:20:45,912810UA4,TSRYS5802849,D,S,D,2024-06-26,1000000.00,4.413686,103.484375
08:20:45,912810UA4,TSRYS5802849,D,S,C,2024-06-26,1000000.00,4.413686,103.484375
08:20:45,912810UA4,TSRYS5802849,D,S,T,2024-06-26,1000000.00,4.411848,103.515495
08:20:45,912810UA4,TSRYS5802849,D,S,T,2024-06-26,1000000.00,4.411848,103.515495
08:20:45,912810UA4,TSRYS5802849,D,S,T,2024-06-26,2000000.00,4.411848,103.515495
08:20:46,912810UA4,TSRYS5802849,D,S,T,2024-06-26,1000000.00,4.411848,103.515495
08:20:47,912810UA4,TSRYS5802849,D,S,C,2024-06-26,1000000.00,4.412763,103.5
08:20:48,912810UA4,TSRYS5802849,D,S,T,2024-06-26,1000000.00,4.411848,103.515495
08:20:48,912810UA4,TSRYS5802849,D,S,T,2024-06-26,1000000.00,4.411848,103.515495
08:20:48,912810UA4,TSRYS5802849,D,S,T,2024-06-26,1000000.00,4.413456,103.48828125
08:20:48,912810UA4,TSRYS5802849,D,S,T,2024-06-26,1000000.00,4.411848,103.515495
08:20:48,912810UA4,TSRYS5802849,D,S,T,2024-06-26,1000000.00,4.411848,103.515495
08:20:48,912810UA4,TSRYS5802849,D,S,T,2024-06-26,1000000.00,4.412994,103.49609375
08:20:48,912810UA4,TSRYS5802849,D,S,T,2024-06-26,1000000.00,4.412994,103.49609375
08:20:48,912810UA4,TSRYS5802849,D,S,T,2024-06-26,1000000.00,4.412879,103.498046875
08:20:49,912810UA4,TSRYS5802849,D,S,T,2024-06-26,1000000.00,4.411848,103.515495
08:20:49,912810UA4,TSRYS5802849,D,S,D,2024-06-26,1000000.00,4.413456,103.48828125
08:20:49,912810UA4,TSRYS5802849,D,S,D,2024-06-26,1000000.00,4.413456,103.48828125
08:20:49,912810UA4,TSRYS5802849,D,S,D,2024-06-26,1000000.00,4.413456,103.48828125
08:20:49,912810UA4,TSRYS5802849,D,S,D,2024-06-26,1000000.00,4.41334,103.490234375
08:20:49,912810UA4,TSRYS5802849,D,S,D,2024-06-26,1000000.00,4.412987,103.49621875
08:20:49,912810UA4,TSRYS5802849,D,S,T,2024-06-26,2000000.00,4.411848,103.515495
08:20:49,912810UA4,TSRYS5802849,D,S,C,2024-06-26,1000000.00,4.41184,103.515625
08:20:49,912810UA4,TSRYS5802849,D,S,D,2024-06-26,1000000.00,4.412987,103.49621875
08:20:49,912810UA4,TSRYS5802849,D,S,D,2024-06-26,1000000.00,4.412871,103.498171875
08:20:49,912810UA4,TSRYS5802849,D,S,T,2024-06-26,1000000.00,4.413694,103.48425
08:20:50,912810UA4,TSRYS5802849,D,S,T,2024-06-26,1000000.00,4.413694,103.48425
08:20:51,912810UA4,TSRYS5802849,D,S,C,2024-06-26,1000000.00,4.41184,103.515625
08:20:53,912810UA4,TSRYS5802849,D,S,T,2024-06-26,1000000.00,4.413109,103.494140625
08:20:53,912810UA4,TSRYS5802849,D,S,T,2024-06-26,1000000.00,4.412994,103.49609375
08:20:53,912810UA4,TSRYS5802849,D,S,D,2024-06-26,1000000.00,4.413109,103.494140625
08:20:53,912810UA4,TSRYS5802849,D,S,D,2024-06-26,1000000.00,4.412994,103.49609375
08:20:56,912810UA4,TSRYS5802849,D,S,T,2024-06-26,1000000.00,4.414264,103.474609375
08:20:56,912810UA4,TSRYS5802849,D,S,T,2024-06-26,1000000.00,4.414148,103.4765625
08:20:56,912810UA4,TSRYS5802849,D,B,C,2024-06-26,2000000.00,4.414264,103.474609375
08:20:56,912810UA4,TSRYS5802849,D,S,D,2024-06-26,2000000.00,4.414256,103.474734375
08:20:57,912810UA4,TSRYS5802849,D,S,D,2024-06-26,1000000.00,4.414256,103.474734375
08:20:57,912810UA4,TSRYS5802849,D,S,D,2024-06-26,1000000.00,4.414141,103.4766875
08:20:59,912810UA4,TSRYS5802849,D,S,T,2024-06-26,1000000.00,4.414379,103.47265625
08:20:59,912810UA4,TSRYS5802849,D,S,T,2024-06-26,1000000.00,4.414148,103.4765625
08:20:59,912810UA4,TSRYS5802849,D,S,T,2024-06-26,1000000.00,4.414264,103.474609375
08:20:59,912810UA4,TSRYS5802849,D,B,C,2024-06-26,7000000.00,4.415333,103.45652
08:21:00,912810UA4,TSRYS5802849,D,B,C,2024-06-26,1000000.00,4.413917,103.48046875
08:21:00,912810UA4,TSRYS5802849,D,S,D,2024-06-26,1000000.00,4.41391,103.48059375
08:21:00,912810UA4,TSRYS5802849,D,B,C,2024-06-26,1000000.00,4.413802,103.482421875
08:21:00,912810UA4,TSRYS5802849,D,S,D,2024-06-26,1000000.00,4.413795,103.482546875
08:21:01,912810UA4,TSRYS5802849,D,B,C,2024-06-26,1000000.00,4.414264,103.474609375
08:21:01,912810UA4,TSRYS5802849,D,S,D,2024-06-26,1000000.00,4.414264,103.474609375
08:21:04,912810UA4,TSRYS5802849,D,S,D,2024-06-26,1000000.00,4.414379,103.47265625
08:21:04,912810UA4,TSRYS5802849,D,S,D,2024-06-26,1000000.00,4.414264,103.474609375
08:21:04,912810UA4,TSRYS5802849,D,S,D,2024-06-26,1000000.00,4.414148,103.4765625
08:21:04,912810UA4,TSRYS5802849,D,B,C,2024-06-26,1000000.00,4.413917,103.48046875
08:21:04,912810UA4,TSRYS5802849,D,S,D,2024-06-26,1000000.00,4.413917,103.48046875
08:21:04,912810UA4,TSRYS5802849,D,B,C,2024-06-26,1000000.00,4.413802,103.482421875
08:21:04,912810UA4,TSRYS5802849,D,S,D,2024-06-26,1000000.00,4.413802,103.482421875
08:21:05,912810UA4,TSRYS5802849,D,S,C,2024-06-26,3000000.00,4.410917,103.53125
08:21:05,912810UA4,TSRYS5802849,D,S,D,2024-06-26,3000000.00,4.410917,103.53125
08:21:06,912810UA4,TSRYS5802849,D,S,T,2024-06-26,1000000.00,4.413692,103.484275
08:21:06,912810UA4,TSRYS5802849,D,S,C,2024-06-26,1000000.00,4.413681,103.484475
08:21:08,912810UA4,TSRYS5802849,D,S,T,2024-06-26,1000000.00,4.413686,103.484375
08:21:08,912810UA4,TSRYS5802849,D,S,T,2024-06-26,1000000.00,4.413686,103.484375
08:21:10,912810UA4,TSRYS5802849,D,B,C,2024-06-26,1500000.00,4.413686,103.484375
08:21:14,912810UA4,TSRYS5802849,D,S,D,2024-06-26,1000000.00,4.414148,103.4765625
08:21:16,912810UA4,TSRYS5802849,D,S,T,2024-06-26,1000000.00,4.413692,103.484275
08:21:19,912810UA4,TSRYS5802849,D,S,C,2024-06-26,1000000.00,4.413686,103.484375
08:21:20,912810UA4,TSRYS5802849,D,S,T,2024-06-26,1000000.00,4.413692,103.484275
08:21:21,912810UA4,TSRYS5802849,D,S,D,2024-06-26,1000000.00,4.413679,103.4845
08:21:26,912810UA4,TSRYS5802849,D,S,D,2024-06-26,1000000.00,4.410917,103.53125
08:21:26,912810UA4,TSRYS5802849,D,S,C,2024-06-26,1000000.00,4.410917,103.53125
08:21:26,912810UA4,TSRYS5802849,D,S,D,2024-06-26,1000000.00,4.410917,103.53125
08:21:26,912810UA4,TSRYS5802849,D,S,D,2024-06-26,2000000.00,4.410917,103.53125
08:21:26,912810UA4,TSRYS5802849,D,S,C,2024-06-26,1000000.00,4.410917,103.53125
08:21:26,912810UA4,TSRYS5802849,D,S,D,2024-06-26,1000000.00,4.414841,103.46484375
08:21:27,912810UA4,TSRYS5802849,D,S,C,2024-06-26,1000000.00,4.414823,103.46514375
08:21:35,912810UA4,TSRYS5802849,D,S,D,2024-06-26,7100000.00,4.414355,103.47305625
08:21:35,912810UA4,TSRYS5802849,D,S,C,2024-06-26,7100000.00,4.414355,103.47305625
08:21:38,912810UA4,TSRYS5802849,D,S,C,2024-06-26,1000000.00,4.410917,103.53125
08:21:38,912810UA4,TSRYS5802849,D,S,C,2024-06-26,1000000.00,4.410917,103.53125
08:21:38,912810UA4,TSRYS5802849,D,B,C,2024-06-26,1000000.00,4.410935,103.53095
08:21:38,912810UA4,TSRYS5802849,D,S,C,2024-06-26,6000000.00,4.410917,103.53125
08:21:38,912810UA4,TSRYS5802849,D,S,D,2024-06-26,1000000.00,4.41184,103.515625
08:21:38,912810UA4,TSRYS5802849,D,S,D,2024-06-26,1000000.00,4.41184,103.515625
08:21:38,912810UA4,TSRYS5802849,D,S,D,2024-06-26,1000000.00,4.411827,103.515852
08:21:38,912810UA4,TSRYS5802849,D,S,D,2024-06-26,1000000.00,4.41184,103.515625
08:21:38,912810UA4,TSRYS5802849,D,S,D,2024-06-26,1000000.00,4.41184,103.515625
08:21:38,912810UA4,TSRYS5802849,D,S,C,2024-06-26,1000000.00,4.41184,103.515625
08:21:38,912810UA4,TSRYS5802849,D,S,C,2024-06-26,1000000.00,4.41184,103.515625
08:21:38,912810UA4,TSRYS5802849,D,S,C,2024-06-26,1000000.00,4.41184,103.515625
08:21:38,912810UA4,TSRYS5802849,D,S,D,2024-06-26,1000000.00,4.41184,103.515625
08:21:38,912810UA4,TSRYS5802849,D,S,C,2024-06-26,1000000.00,4.41184,103.515625
08:21:38,912810UA4,TSRYS5802849,D,S,C,2024-06-26,1000000.00,4.41184,103.515625
08:21:38,912810UA4,TSRYS5802849,D,S,C,2024-06-26,1000000.00,4.41184,103.515625
08:21:38,912810UA4,TSRYS5802849,D,S,C,2024-06-26,1000000.00,4.41184,103.515625
08:21:38,912810UA4,TSRYS5802849,D,S,D,2024-06-26,2000000.00,4.411833,103.515755
08:21:38,912810UA4,TSRYS5802849,D,S,C,2024-06-26,1000000.00,4.41184,103.515625
08:21:38,912810UA4,TSRYS5802849,D,S,C,2024-06-26,1000000.00,4.41184,103.515625
08:21:38,912810UA4,TSRYS5802849,D,S,D,2024-06-26,1000000.00,4.41184,103.515625
08:21:44,912810UA4,TSRYS5802849,D,S,D,2024-06-26,1000000.00,4.414033,103.478515625
08:21:46,912810UA4,TSRYS5802849,D,S,T,2024-06-26,1000000.00,4.414033,103.478515625
08:21:46,912810UA4,TSRYS5802849,D,S,T,2024-06-26,1000000.00,4.414148,103.4765625
08:21:48,912810UA4,TSRYS5802849,D,S,T,2024-06-26,1000000.00,4.41404,103.478390625
08:21:48,912810UA4,TSRYS5802849,D,S,D,2024-06-26,1000000.00,4.414033,103.478515625
08:21:49,912810UA4,TSRYS5802849,D,S,D,2024-06-26,1000000.00,4.414148,103.4765625
08:21:53,912810UA4,TSRYS5802849,D,S,C,2024-06-26,1000000.00,4.41184,103.515625
08:21:53,912810UA4,TSRYS5802849,D,S,C,2024-06-26,1000000.00,4.41184,103.515625
08:21:53,912810UA4,TSRYS5802849,D,S,D,2024-06-26,1000000.00,4.41184,103.515625
08:21:53,912810UA4,TSRYS5802849,D,S,C,2024-06-26,1000000.00,4.41183,103.5158
08:21:53,912810UA4,TSRYS5802849,D,S,C,2024-06-26,1000000.00,4.41184,103.515625
08:21:53,912810UA4,TSRYS5802849,D,S,C,2024-06-26,2000000.00,4.41184,103.515625
08:21:53,912810UA4,TSRYS5802849,D,S,C,2024-06-26,1000000.00,4.41183,103.5158
08:21:53,912810UA4,TSRYS5802849,D,S,D,2024-06-26,1000000.00,4.411828,103.515825
08:21:53,912810UA4,TSRYS5802849,D,B,C,2024-06-26,1000000.00,4.413701,103.484125
08:21:53,912810UA4,TSRYS5802849,D,S,C,2024-06-26,1000000.00,4.413686,103.484375
08:21:53,912810UA4,TSRYS5802849,D,B,C,2024-06-26,1000000.00,4.413692,103.484275
08:21:53,912810UA4,TSRYS5802849,D,S,D,2024-06-26,1000000.00,4.413686,103.484375
08:21:53,912810UA4,TSRYS5802849,D,B,C,2024-06-26,1000000.00,4.413686,103.484375
08:21:53,912810UA4,TSRYS5802849,D,S,C,2024-06-26,1000000.00,4.413686,103.484375
08:21:53,912810UA4,TSRYS5802849,D,S,D,2024-06-26,1000000.00,4.413673,103.484602
08:21:53,912810UA4,TSRYS5802849,D,B,C,2024-06-26,1000000.00,4.413686,103.484375
08:21:53,912810UA4,TSRYS5802849,D,S,C,2024-06-26,1000000.00,4.413678,103.484525
08:21:53,912810UA4,TSRYS5802849,D,B,C,2024-06-26,1000000.00,4.413243,103.4918875
08:21:53,912810UA4,TSRYS5802849,D,B,C,2024-06-26,1000000.00,4.413701,103.484125
08:21:53,912810UA4,TSRYS5802849,D,S,C,2024-06-26,1000000.00,4.413686,103.484375
08:21:53,912810UA4,TSRYS5802849,D,S,C,2024-06-26,1000000.00,4.413678,103.484525
08:21:53,912810UA4,TSRYS5802849,D,B,C,2024-06-26,1000000.00,4.413692,103.484275
08:21:53,912810UA4,TSRYS5802849,D,B,C,2024-06-26,1000000.00,4.413686,103.484375
08:21:54,912810UA4,TSRYS5802849,D,S,D,2024-06-26,1000000.00,4.413225,103.4921875
08:21:57,912810UA4,TSRYS5802849,D,B,C,2024-06-26,1000000.00,4.414264,103.47460937
08:22:11,912810UA4,TSRYS5802849,D,B,C,2024-06-26,1000000.00,4.413686,103.484375
08:22:11,912810UA4,TSRYS5802849,D,S,C,2024-06-26,1000000.00,4.413676,103.48455
08:22:11,912810UA4,TSRYS5802849,D,B,C,2024-06-26,1000000.00,4.413686,103.484375
08:22:11,912810UA4,TSRYS5802849,D,S,C,2024-06-26,1000000.00,4.413686,103.484375
08:22:11,912810UA4,TSRYS5802849,D,S,D,2024-06-26,1000000.00,4.413686,103.484375
08:22:11,912810UA4,TSRYS5802849,D,B,C,2024-06-26,1000000.00,4.413692,103.484275
08:22:11,912810UA4,TSRYS5802849,D,S,D,2024-06-26,1000000.00,4.413686,103.484375
08:22:11,912810UA4,TSRYS5802849,D,B,C,2024-06-26,1000000.00,4.412763,103.5
08:22:11,912810UA4,TSRYS5802849,D,S,C,2024-06-26,1000000.00,4.412753,103.500175
08:22:11,912810UA4,TSRYS5802849,D,S,C,2024-06-26,1000000.00,4.413686,103.484375
08:22:11,912810UA4,TSRYS5802849,D,S,C,2024-06-26,1000000.00,4.413678,103.484525
08:22:11,912810UA4,TSRYS5802849,D,B,C,2024-06-26,1000000.00,4.413686,103.484375
08:22:11,912810UA4,TSRYS5802849,D,B,C,2024-06-26,1000000.00,4.412775,103.4998
08:22:11,912810UA4,TSRYS5802849,D,B,C,2024-06-26,1000000.00,4.412778,103.49975
08:22:11,912810UA4,TSRYS5802849,D,S,C,2024-06-26,1000000.00,4.412754,103.50015
08:22:11,912810UA4,TSRYS5802849,D,S,C,2024-06-26,1000000.00,4.412754,103.50015
08:22:11,912810UA4,TSRYS5802849,D,S,D,2024-06-26,1000000.00,4.413673,103.484602
08:22:11,912810UA4,TSRYS5802849,D,B,C,2024-06-26,1000000.00,4.413686,103.484375
08:22:16,912810UA4,TSRYS5802849,D,S,T,2024-06-26,1000000.00,4.413686,103.484375
08:22:16,912810UA4,TSRYS5802849,D,S,D,2024-06-26,1000000.00,4.413686,103.484375
08:22:16,912810UA4,TSRYS5802849,D,S,D,2024-06-26,1000000.00,4.413686,103.484375
08:22:17,912810UA4,TSRYS5802849,D,S,D,2024-06-26,1000000.00,4.413686,103.484375
08:22:17,912810UA4,TSRYS5802849,D,S,D,2024-06-26,1000000.00,4.413686,103.484375
08:22:21,912810UA4,TSRYS5802849,D,S,D,2024-06-26,1000000.00,4.413686,103.484375
08:22:22,912810UA4,TSRYS5802849,D,S,D,2024-06-26,1000000.00,4.414379,103.47265625
08:22:23,912810UA4,TSRYS5802849,D,S,T,2024-06-26,1000000.00,4.413686,103.484375
08:22:23,912810UA4,TSRYS5802849,D,S,T,2024-06-26,1000000.00,4.413686,103.484375
08:22:23,912810UA4,TSRYS5802849,D,S,T,2024-06-26,2000000.00,4.413686,103.484375
08:22:23,912810UA4,TSRYS5802849,D,S,D,2024-06-26,2000000.00,4.413679,103.4845
08:22:23,912810UA4,TSRYS5802849,D,S,T,2024-06-26,1000000.00,4.413917,103.48046875
08:22:24,912810UA4,TSRYS5802849,D,S,A,2024-06-26,1000000.00,4.413686,103.484375
08:22:24,912810UA4,TSRYS5802849,D,S,A,2024-06-26,1573000.00,4.413686,103.484375
08:22:25,912810UA4,TSRYS5802849,D,S,A,2024-06-26,1000000.00,4.413686,103.484375
08:22:25,912810UA4,TSRYS5802849,D,S,A,2024-06-26,1000000.00,4.413686,103.484375
08:22:25,912810UA4,TSRYS5802849,D,S,A,2024-06-26,427000.00,4.413686,103.484375
08:22:26,912810UA4,TSRYS5802849,D,B,C,2024-06-26,1000000.00,4.412775,103.4998
08:22:26,912810UA4,TSRYS5802849,D,S,C,2024-06-26,1000000.00,4.412754,103.50015
08:22:26,912810UA4,TSRYS5802849,D,B,C,2024-06-26,1000000.00,4.412763,103.5
08:22:26,912810UA4,TSRYS5802849,D,S,C,2024-06-26,1000000.00,4.412754,103.50015
08:22:28,912810UA4,TSRYS5802849,D,S,D,2024-06-26,1000000.00,4.413686,103.484375
08:22:28,912810UA4,TSRYS5802849,D,S,D,2024-06-26,1000000.00,4.413686,103.484375
08:22:28,912810UA4,TSRYS5802849,D,S,D,2024-06-26,1000000.00,4.413917,103.48046875
08:22:31,912810UA4,TSRYS5802849,D,S,D,2024-06-26,1000000.00,4.413917,103.48046875
08:22:37,912810UA4,TSRYS5802849,D,S,T,2024-06-26,1000000.00,4.413571,103.486328125
08:22:42,912810UA4,TSRYS5802849,D,S,D,2024-06-26,1000000.00,4.413571,103.486328125
08:22:44,912810UA4,TSRYS5802849,D,S,T,2024-06-26,1000000.00,4.413571,103.486328125
08:22:46,912810UA4,TSRYS5802849,D,S,T,2024-06-26,1000000.00,4.414379,103.47265625
08:22:46,912810UA4,TSRYS5802849,D,S,D,2024-06-26,1000000.00,4.414148,103.4765625
08:22:48,912810UA4,TSRYS5802849,D,S,D,2024-06-26,1000000.00,4.413917,103.48046875
08:22:48,912810UA4,TSRYS5802849,D,S,D,2024-06-26,1000000.00,4.413917,103.48046875
08:22:49,912810UA4,TSRYS5802849,D,S,D,2024-06-26,1000000.00,4.413571,103.486328125
08:22:50,912810UA4,TSRYS5802849,D,S,T,2024-06-26,1000000.00,4.413917,103.48046875
08:23:11,912810UA4,TSRYS5802849,D,B,C,2024-06-26,5000000.00,4.414076,103.47778
08:23:29,912810UA4,TSRYS5802849,D,S,T,2024-06-26,1000000.00,4.413686,103.484375
08:23:29,912810UA4,TSRYS5802849,D,S,T,2024-06-26,1000000.00,4.413686,103.484375
08:23:29,912810UA4,TSRYS5802849,D,S,D,2024-06-26,1000000.00,4.413109,103.494140625
08:23:36,912810UA4,TSRYS5802849,D,S,T,2024-06-26,1000000.00,4.413109,103.494140625
08:23:38,912810UA4,TSRYS5802849,D,S,D,2024-06-26,1000000.00,4.413109,103.494140625
08:23:40,912810UA4,TSRYS5802849,D,S,T,2024-06-26,1000000.00,4.413686,103.484375
08:23:41,912810UA4,TSRYS5802849,D,S,D,2024-06-26,1000000.00,4.413109,103.494140625
08:23:41,912810UA4,TSRYS5802849,D,S,T,2024-06-26,1000000.00,4.413109,103.494140625
08:23:42,912810UA4,TSRYS5802849,D,S,T,2024-06-26,1000000.00,4.412771,103.49987
08:23:43,912810UA4,TSRYS5802849,D,S,T,2024-06-26,1000000.00,4.412771,103.49987
08:23:47,912810UA4,TSRYS5802849,D,S,T,2024-06-26,1000000.00,4.413109,103.494140625
08:23:50,912810UA4,TSRYS5802849,D,S,T,2024-06-26,1000000.00,4.41184,103.515625
08:24:08,912810UA4,TSRYS5802849,D,S,C,2024-06-26,1000000.00,4.413675,103.484575
08:24:08,912810UA4,TSRYS5802849,D,S,C,2024-06-26,1000000.00,4.413686,103.484375
08:24:08,912810UA4,TSRYS5802849,D,S,C,2024-06-26,1000000.00,4.412757,103.5001
08:24:08,912810UA4,TSRYS5802849,D,S,D,2024-06-26,1000000.00,4.413686,103.484375
08:24:08,912810UA4,TSRYS5802849,D,S,D,2024-06-26,1000000.00,4.412763,103.5
08:24:23,912810UA4,TSRYS5802849,D,S,D,2024-06-26,1000000.00,4.41184,103.515625
08:24:23,912810UA4,TSRYS5802849,D,B,C,2024-06-26,1000000.00,4.41184,103.515625
08:24:23,912810UA4,TSRYS5802849,D,S,D,2024-06-26,1000000.00,4.41184,103.515625
08:24:23,912810UA4,TSRYS5802849,D,B,C,2024-06-26,2000000.00,4.41184,103.515625
08:24:23,912810UA4,TSRYS5802849,D,S,D,2024-06-26,2000000.00,4.41184,103.515625
08:24:44,912810UA4,TSRYS5802849,D,B,C,2024-06-26,1000000.00,4.411148,103.52734375
08:24:44,912810UA4,TSRYS5802849,D,B,C,2024-06-26,1000000.00,4.410917,103.53125
08:24:45,912810UA4,TSRYS5802849,D,S,D,2024-06-26,1000000.00,4.411148,103.52734375
08:24:45,912810UA4,TSRYS5802849,D,S,D,2024-06-26,1000000.00,4.410917,103.53125
08:24:55,912810UA4,TSRYS5802849,D,S,D,2024-06-26,15000000.00,4.412977,103.49638
08:25:13,912810UA4,TSRYS5802849,D,B,C,2024-06-26,1000000.00,4.411154,103.52724375
08:25:13,912810UA4,TSRYS5802849,D,S,C,2024-06-26,1000000.00,4.411148,103.52734375
08:25:13,912810UA4,TSRYS5802849,D,S,D,2024-06-26,3000000.00,4.410917,103.53125
08:25:14,912810UA4,TSRYS5802849,D,S,D,2024-06-26,1000000.00,4.410917,103.53125
08:25:14,912810UA4,TSRYS5802849,D,S,T,2024-06-26,3000000.00,4.410925,103.531125
08:25:14,912810UA4,TSRYS5802849,D,S,T,2024-06-26,1000000.00,4.410917,103.53125
08:25:15,912810UA4,TSRYS5802849,D,S,T,2024-06-26,1000000.00,4.410931,103.531023
08:25:16,912810UA4,TSRYS5802849,D,S,T,2024-06-26,1000000.00,4.410917,103.53125
08:25:18,912810UA4,TSRYS5802849,D,S,D,2024-06-26,1000000.00,4.410917,103.53125
08:25:18,912810UA4,TSRYS5802849,D,S,D,2024-06-26,1000000.00,4.411379,103.5234375
08:25:18,912810UA4,TSRYS5802849,D,S,T,2024-06-26,1000000.00,4.41184,103.515625
08:25:18,912810UA4,TSRYS5802849,D,S,T,2024-06-26,1000000.00,4.41184,103.515625
08:25:18,912810UA4,TSRYS5802849,D,B,C,2024-06-26,1000000.00,4.411609,103.51953125
08:25:18,912810UA4,TSRYS5802849,D,S,D,2024-06-26,1000000.00,4.411609,103.51953125
08:25:19,912810UA4,TSRYS5802849,D,S,C,2024-06-26,1000000.00,4.411361,103.5237375
08:25:19,912810UA4,TSRYS5802849,D,S,T,2024-06-26,1000000.00,4.410917,103.53125
08:25:19,912810UA4,TSRYS5802849,D,S,T,2024-06-26,1000000.00,4.410917,103.53125
08:25:21,912810UA4,TSRYS5802849,D,S,T,2024-06-26,1000000.00,4.410917,103.53125
08:25:22,912810UA4,TSRYS5802849,D,S,T,2024-06-26,1000000.00,4.410917,103.53125
08:25:23,912810UA4,TSRYS5802849,D,S,D,2024-06-26,3000000.00,4.410917,103.53125
08:25:23,912810UA4,TSRYS5802849,D,B,C,2024-06-26,1000000.00,4.410802,103.533203125
08:25:23,912810UA4,TSRYS5802849,D,S,D,2024-06-26,1000000.00,4.410802,103.533203125
08:25:23,912810UA4,TSRYS5802849,D,B,C,2024-06-26,1000000.00,4.410693,103.53505625
08:25:23,912810UA4,TSRYS5802849,D,B,C,2024-06-26,1000000.00,4.410917,103.53125
08:25:23,912810UA4,TSRYS5802849,D,S,D,2024-06-26,1000000.00,4.410917,103.53125
08:25:23,912810UA4,TSRYS5802849,D,S,D,2024-06-26,1000000.00,4.410687,103.53515625
08:25:23,912810UA4,TSRYS5802849,D,S,D,2024-06-26,1000000.00,4.410917,103.53125
08:25:23,912810UA4,TSRYS5802849,D,S,D,2024-06-26,1000000.00,4.410917,103.53125
08:25:24,912810UA4,TSRYS5802849,D,S,D,2024-06-26,1000000.00,4.410917,103.53125
08:25:24,912810UA4,TSRYS5802849,D,S,D,2024-06-26,1000000.00,4.410917,103.53125
08:25:24,912810UA4,TSRYS5802849,D,S,D,2024-06-26,1000000.00,4.410917,103.53125
08:25:24,912810UA4,TSRYS5802849,D,S,D,2024-06-26,1000000.00,4.410917,103.53125
08:25:27,912810UA4,TSRYS5802849,D,S,T,2024-06-26,1000000.00,4.410917,103.53125
08:25:28,912810UA4,TSRYS5802849,D,S,T,2024-06-26,1000000.00,4.410917,103.53125
08:25:28,912810UA4,TSRYS5802849,D,S,T,2024-06-26,1000000.00,4.410917,103.53125
08:25:28,912810UA4,TSRYS5802849,D,S,T,2024-06-26,1000000.00,4.410917,103.53125
08:25:28,912810UA4,TSRYS5802849,D,S,T,2024-06-26,1000000.00,4.410917,103.53125
08:25:28,912810UA4,TSRYS5802849,D,S,T,2024-06-26,1000000.00,4.410917,103.53125
08:25:33,912810UA4,TSRYS5802849,D,S,T,2024-06-26,1000000.00,4.41184,103.515625
08:25:33,912810UA4,TSRYS5802849,D,S,T,2024-06-26,1000000.00,4.41184,103.515625
08:25:33,912810UA4,TSRYS5802849,D,S,T,2024-06-26,1000000.00,4.41184,103.515625
08:25:34,912810UA4,TSRYS5802849,D,S,T,2024-06-26,1000000.00,4.41184,103.515625
08:25:37,912810UA4,TSRYS5802849,D,S,D,2024-06-26,1000000.00,4.411449,103.5222512202
08:25:38,912810UA4,TSRYS5802849,D,S,C,2024-06-26,1000000.00,4.41184,103.515625
08:25:39,912810UA4,TSRYS5802849,D,S,D,2024-06-26,1000000.00,4.410917,103.53125
08:25:39,912810UA4,TSRYS5802849,D,S,D,2024-06-26,1000000.00,4.412302,103.5078125
08:25:39,912810UA4,TSRYS5802849,D,S,D,2024-06-26,1000000.00,4.410917,103.53125
08:25:39,912810UA4,TSRYS5802849,D,S,T,2024-06-26,1000000.00,4.410929,103.53105
08:25:40,912810UA4,TSRYS5802849,D,S,C,2024-06-26,1000000.00,4.412284,103.5081125
08:25:41,912810UA4,TSRYS5802849,D,S,D,2024-06-26,1000000.00,4.413109,103.494140625
08:25:42,912810UA4,TSRYS5802849,D,S,D,2024-06-26,1000000.00,4.413109,103.494140625
08:25:46,912810UA4,TSRYS5802849,D,S,D,2024-06-26,1000000.00,4.412763,103.5
08:25:46,912810UA4,TSRYS5802849,D,S,T,2024-06-26,1000000.00,4.413109,103.494140625
08:25:46,912810UA4,TSRYS5802849,D,S,T,2024-06-26,1000000.00,4.413109,103.494140625
08:25:47,912810UA4,TSRYS5802849,D,S,T,2024-06-26,1000000.00,4.412763,103.5
08:25:53,912810UA4,TSRYS5802849,D,S,T,2024-06-26,1000000.00,4.412793,103.4995
08:25:53,912810UA4,TSRYS5802849,D,S,T,2024-06-26,1000000.00,4.412793,103.4995
08:26:11,912810UA4,TSRYS5802849,D,S,D,2024-06-26,1000000.00,4.410917,103.53125
08:26:11,912810UA4,TSRYS5802849,D,B,C,2024-06-26,1000000.00,4.410917,103.53125
08:26:11,912810UA4,TSRYS5802849,D,S,C,2024-06-26,1000000.00,4.411831,103.515777
08:26:11,912810UA4,TSRYS5802849,D,S,D,2024-06-26,1000000.00,4.41184,103.515625
08:26:11,912810UA4,TSRYS5802849,D,B,C,2024-06-26,1000000.00,4.410929,103.53105
08:26:11,912810UA4,TSRYS5802849,D,S,D,2024-06-26,1000000.00,4.410917,103.53125
08:26:11,912810UA4,TSRYS5802849,D,S,D,2024-06-26,1000000.00,4.410917,103.53125
08:26:11,912810UA4,TSRYS5802849,D,S,D,2024-06-26,1000000.00,4.410917,103.53125
08:26:11,912810UA4,TSRYS5802849,D,B,C,2024-06-26,1000000.00,4.410917,103.53125
08:26:11,912810UA4,TSRYS5802849,D,S,D,2024-06-26,1000000.00,4.410917,103.53125
08:26:11,912810UA4,TSRYS5802849,D,S,D,2024-06-26,1000000.00,4.41184,103.515625
08:26:11,912810UA4,TSRYS5802849,D,S,D,2024-06-26,1000000.00,4.41184,103.515625
08:26:11,912810UA4,TSRYS5802849,D,B,C,2024-06-26,1000000.00,4.41184,103.515625
08:26:25,912810UA4,TSRYS5802849,D,S,D,2024-06-26,2000000.00,4.411033,103.5293
08:26:26,912810UA4,TSRYS5802849,D,S,D,2024-06-26,1000000.00,4.41184,103.515625
08:26:26,912810UA4,TSRYS5802849,D,B,C,2024-06-26,1000000.00,4.41184,103.515625
08:26:26,912810UA4,TSRYS5802849,D,S,D,2024-06-26,1000000.00,4.41184,103.515625
08:26:26,912810UA4,TSRYS5802849,D,S,D,2024-06-26,1000000.00,4.41184,103.515625
08:26:26,912810UA4,TSRYS5802849,D,B,C,2024-06-26,1000000.00,4.412763,103.5
08:26:26,912810UA4,TSRYS5802849,D,S,C,2024-06-26,1000000.00,4.412754,103.500152
08:26:26,912810UA4,TSRYS5802849,D,S,D,2024-06-26,1000000.00,4.412763,103.5
08:26:26,912810UA4,TSRYS5802849,D,S,D,2024-06-26,1000000.00,4.412763,103.5
08:26:28,912810UA4,TSRYS5802849,D,S,T,2024-06-26,1000000.00,4.411379,103.5234375
08:26:28,912810UA4,TSRYS5802849,D,S,T,2024-06-26,2000000.00,4.411379,103.5234375
08:26:28,912810UA4,TSRYS5802849,D,S,T,2024-06-26,1000000.00,4.411379,103.5234375
08:26:29,912810UA4,TSRYS5802849,D,S,D,2024-06-26,2000000.00,4.411371,103.5235625
08:26:33,912810UA4,TSRYS5802849,D,S,D,2024-06-26,1000000.00,4.411379,103.5234375
08:26:33,912810UA4,TSRYS5802849,D,S,D,2024-06-26,1000000.00,4.411379,103.5234375
08:26:34,912810UA4,TSRYS5802849,D,S,T,2024-06-26,1000000.00,4.412763,103.5
08:26:35,912810UA4,TSRYS5802849,D,S,T,2024-06-26,1000000.00,4.41184,103.515625
08:26:35,912810UA4,TSRYS5802849,D,S,T,2024-06-26,1000000.00,4.41184,103.515625
08:26:35,912810UA4,TSRYS5802849,D,S,D,2024-06-26,1000000.00,4.411833,103.51575
08:26:35,912810UA4,TSRYS5802849,D,S,D,2024-06-26,1000000.00,4.411833,103.51575
08:26:41,912810UA4,TSRYS5802849,D,B,C,2024-06-26,1000000.00,4.41184,103.515625
08:26:41,912810UA4,TSRYS5802849,D,S,C,2024-06-26,1000000.00,4.41184,103.515625
08:26:44,912810UA4,TSRYS5802849,D,B,C,2024-06-26,1000000.00,4.413109,103.494140625
08:26:45,912810UA4,TSRYS5802849,D,S,T,2024-06-26,1000000.00,4.412763,103.5
08:26:47,912810UA4,TSRYS5802849,D,S,T,2024-06-26,1000000.00,4.412763,103.5
08:26:47,912810UA4,TSRYS5802849,D,S,T,2024-06-26,2000000.00,4.412763,103.5
08:26:47,912810UA4,TSRYS5802849,D,S,T,2024-06-26,1000000.00,4.412763,103.5
08:26:47,912810UA4,TSRYS5802849,D,S,D,2024-06-26,300000.00,4.41184,103.515625
08:26:48,912810UA4,TSRYS5802849,D,S,D,2024-06-26,300000.00,4.411822,103.515925
08:27:12,912810UA4,TSRYS5802849,D,S,C,2024-06-26,1000000.00,4.412751,103.5002
08:27:12,912810UA4,TSRYS5802849,D,B,C,2024-06-26,1000000.00,4.412777,103.499775
08:27:12,912810UA4,TSRYS5802849,D,S,C,2024-06-26,1000000.00,4.412763,103.5
08:27:12,912810UA4,TSRYS5802849,D,S,D,2024-06-26,1000000.00,4.41275,103.500227
08:27:13,912810UA4,TSRYS5802849,D,S,D,2024-06-26,2000000.00,4.412763,103.5
08:27:27,912810UA4,TSRYS5802849,D,S,D,2024-06-26,1000000.00,4.412763,103.5
08:27:27,912810UA4,TSRYS5802849,D,S,D,2024-06-26,1000000.00,4.412763,103.5
08:28:15,912810UA4,TSRYS5802849,D,S,T,2024-06-26,1000000.00,4.41184,103.515625
08:28:17,912810UA4,TSRYS5802849,D,S,T,2024-06-26,1000000.00,4.41184,103.515625
08:28:17,912810UA4,TSRYS5802849,D,S,D,2024-06-26,1000000.00,4.41184,103.515625
08:28:17,912810UA4,TSRYS5802849,D,S,D,2024-06-26,1000000.00,4.41184,103.515625
08:28:49,912810UA4,TSRYS5802849,D,S,A,2024-06-26,5000000.00,4.410917,103.53125
08:28:56,912810UA4,TSRYS5802849,D,S,D,2024-06-26,1000000.00,4.411256,103.525515625
08:28:56,912810UA4,TSRYS5802849,D,S,T,2024-06-26,1000000.00,4.410917,103.53125
08:28:56,912810UA4,TSRYS5802849,D,S,D,2024-06-26,1000000.00,4.41184,103.515625
08:28:56,912810UA4,TSRYS5802849,D,S,D,2024-06-26,1000000.00,4.41184,103.515625
08:28:56,912810UA4,TSRYS5802849,D,S,D,2024-06-26,2000000.00,4.41184,103.515625
08:28:58,912810UA4,TSRYS5802849,D,S,D,2024-06-26,2000000.00,4.410917,103.53125
08:28:58,912810UA4,TSRYS5802849,D,S,C,2024-06-26,1000000.00,4.411148,103.52734375
08:28:58,912810UA4,TSRYS5802849,D,B,C,2024-06-26,1000000.00,4.411379,103.5234375
08:28:59,912810UA4,TSRYS5802849,D,S,T,2024-06-26,1000000.00,4.410917,103.53125
08:29:01,912810UA4,TSRYS5802849,D,S,T,2024-06-26,1000000.00,4.410917,103.53125
08:29:01,912810UA4,TSRYS5802849,D,S,T,2024-06-26,1000000.00,4.411263,103.525390625
08:29:02,912810UA4,TSRYS5802849,D,B,C,2024-06-26,1000000.00,4.410917,103.53125
08:29:02,912810UA4,TSRYS5802849,D,S,D,2024-06-26,1000000.00,4.410917,103.53125
08:29:02,912810UA4,TSRYS5802849,D,S,T,2024-06-26,1000000.00,4.410947,103.53075
08:29:03,912810UA4,TSRYS5802849,D,S,C,2024-06-26,1000000.00,4.411263,103.525390625
08:29:03,912810UA4,TSRYS5802849,D,S,T,2024-06-26,1000000.00,4.410917,103.53125
08:29:03,912810UA4,TSRYS5802849,D,S,C,2024-06-26,1000000.00,4.410917,103.53125
08:29:05,912810UA4,TSRYS5802849,D,S,D,2024-06-26,1000000.00,4.410917,103.53125
08:29:08,912810UA4,TSRYS5802849,D,S,C,2024-06-26,1000000.00,4.410917,103.53125
08:29:11,912810UA4,TSRYS5802849,D,S,T,2024-06-26,1000000.00,4.410917,103.53125
08:29:11,912810UA4,TSRYS5802849,D,S,T,2024-06-26,1000000.00,4.410917,103.53125
08:29:11,912810UA4,TSRYS5802849,D,S,T,2024-06-26,1000000.00,4.410917,103.53125
08:29:18,912810UA4,TSRYS5802849,D,B,C,2024-06-26,875000.00,4.411148,103.52734375
08:29:18,912810UA4,TSRYS5802849,D,S,T,2024-06-26,1000000.00,4.41184,103.515625
08:29:18,912810UA4,TSRYS5802849,D,S,T,2024-06-26,1000000.00,4.41184,103.515625
08:29:19,912810UA4,TSRYS5802849,D,S,T,2024-06-26,1000000.00,4.41184,103.515625
08:29:22,912810UA4,TSRYS5802849,D,S,D,2024-06-26,1000000.00,4.410917,103.53125
08:29:22,912810UA4,TSRYS5802849,D,S,D,2024-06-26,1000000.00,4.410917,103.53125
08:29:23,912810UA4,TSRYS5802849,D,S,C,2024-06-26,1000000.00,4.41184,103.515625
08:29:24,912810UA4,TSRYS5802849,D,S,D,2024-06-26,1000000.00,4.41184,103.515625
08:29:24,912810UA4,TSRYS5802849,D,S,D,2024-06-26,1000000.00,4.41184,103.515625
08:29:28,912810UA4,TSRYS5802849,D,S,D,2024-06-26,1000000.00,4.410917,103.53125
08:29:28,912810UA4,TSRYS5802849,D,B,C,2024-06-26,1000000.00,4.410917,103.53125
08:29:28,912810UA4,TSRYS5802849,D,S,D,2024-06-26,1000000.00,4.410917,103.53125
08:29:28,912810UA4,TSRYS5802849,D,B,C,2024-06-26,1000000.00,4.410928,103.531075
08:29:28,912810UA4,TSRYS5802849,D,S,D,2024-06-26,1000000.00,4.410917,103.53125
08:29:28,912810UA4,TSRYS5802849,D,S,D,2024-06-26,1000000.00,4.410917,103.53125
08:29:28,912810UA4,TSRYS5802849,D,S,D,2024-06-26,1000000.00,4.410917,103.53125
08:29:28,912810UA4,TSRYS5802849,D,B,C,2024-06-26,1000000.00,4.410917,103.53125
08:29:29,912810UA4,TSRYS5802849,D,S,T,2024-06-26,1000000.00,4.41184,103.515625
08:29:32,912810UA4,TSRYS5802849,D,S,T,2024-06-26,1000000.00,4.41184,103.515625
08:29:35,912810UA4,TSRYS5802849,D,S,T,2024-06-26,1000000.00,4.41184,103.515625
08:29:35,912810UA4,TSRYS5802849,D,S,T,2024-06-26,1000000.00,4.41184,103.515625
08:29:35,912810UA4,TSRYS5802849,D,S,T,2024-06-26,1000000.00,4.41184,103.515625
08:29:42,912810UA4,TSRYS5802849,D,B,C,2024-06-26,1000000.00,4.410928,103.531075
08:29:42,912810UA4,TSRYS5802849,D,S,C,2024-06-26,1000000.00,4.410917,103.53125
08:29:42,912810UA4,TSRYS5802849,D,S,D,2024-06-26,1000000.00,4.410917,103.53125
08:29:48,912810UA4,TSRYS5802849,D,S,T,2024-06-26,1000000.00,4.410917,103.53125
08:29:48,912810UA4,TSRYS5802849,D,S,T,2024-06-26,1000000.00,4.410917,103.53125
08:29:52,912810UA4,TSRYS5802849,D,S,T,2024-06-26,1000000.00,4.41184,103.515625
08:29:52,912810UA4,TSRYS5802849,D,S,T,2024-06-26,1000000.00,4.41184,103.515625
08:29:52,912810UA4,TSRYS5802849,D,S,D,2024-06-26,1000000.00,4.41184,103.515625
08:29:57,912810UA4,TSRYS5802849,D,S,C,2024-06-26,1000000.00,4.41184,103.515625
08:29:57,912810UA4,TSRYS5802849,D,S,D,2024-06-26,1000000.00,4.41184,103.515625
08:29:57,912810UA4,TSRYS5802849,D,S,C,2024-06-26,1000000.00,4.41184,103.515625
08:29:57,912810UA4,TSRYS5802849,D,S,C,2024-06-26,1000000.00,4.41184,103.515625
08:29:57,912810UA4,TSRYS5802849,D,S,C,2024-06-26,1000000.00,4.41184,103.515625
08:29:57,912810UA4,TSRYS5802849,D,S,C,2024-06-26,1000000.00,4.41184,103.515625
08:30:02,912810UA4,TSRYS5802849,D,S,D,2024-06-26,1000000.00,4.412879,103.498046875
08:30:02,912810UA4,TSRYS5802849,D,B,C,2024-06-26,1000000.00,4.412879,103.498046875
08:30:02,912810UA4,TSRYS5802849,D,S,C,2024-06-26,1000000.00,4.412994,103.49609375
08:30:04,912810UA4,TSRYS5802849,D,S,T,2024-06-26,1000000.00,4.411263,103.52539062
08:30:04,912810UA4,TSRYS5802849,D,S,T,2024-06-26,1000000.00,4.412763,103.5
08:30:06,912810UA4,TSRYS5802849,D,S,D,2024-06-26,1000000.00,4.412994,103.49609375
08:30:06,912810UA4,TSRYS5802849,D,S,D,2024-06-26,1000000.00,4.411263,103.52539062
08:30:07,912810UA4,TSRYS5802849,D,S,D,2024-06-26,1000000.00,4.412763,103.5
08:30:14,912810UA4,TSRYS5802849,D,S,C,2024-06-26,1000000.00,4.41184,103.515625
08:30:14,912810UA4,TSRYS5802849,D,B,C,2024-06-26,1000000.00,4.412777,103.499775
08:30:14,912810UA4,TSRYS5802849,D,B,C,2024-06-26,1000000.00,4.412777,103.499775
08:30:14,912810UA4,TSRYS5802849,D,S,C,2024-06-26,1000000.00,4.412751,103.5002
08:30:14,912810UA4,TSRYS5802849,D,S,C,2024-06-26,1000000.00,4.412763,103.5
08:30:14,912810UA4,TSRYS5802849,D,B,C,2024-06-26,1000000.00,4.412777,103.499775
08:30:14,912810UA4,TSRYS5802849,D,S,C,2024-06-26,1000000.00,4.412751,103.5002
08:30:18,912810UA4,TSRYS5802849,D,S,D,2024-06-26,1000000.00,4.411148,103.52734375
08:30:28,912810UA4,TSRYS5802849,D,S,D,2024-06-26,1000000.00,4.412763,103.5
08:30:28,912810UA4,TSRYS5802849,D,B,C,2024-06-26,1000000.00,4.412777,103.499775
08:30:38,912810UA4,TSRYS5802849,D,S,D,2024-06-26,4750000.00,4.368681,104.25
08:30:38,912810UA4,TSRYS5802849,D,S,D,2024-06-26,39050000.00,4.368681,104.25
08:30:39,912810UA4,TSRYS5802849,D,S,D,2024-06-26,1000000.00,4.412763,103.5
08:30:43,912810UA4,TSRYS5802849,D,S,D,2024-06-26,1000000.00,4.412763,103.5
08:30:43,912810UA4,TSRYS5802849,D,B,C,2024-06-26,2000000.00,4.412777,103.499775
08:30:43,912810UA4,TSRYS5802849,D,S,D,2024-06-26,2000000.00,4.412763,103.5
08:30:43,912810UA4,TSRYS5802849,D,B,C,2024-06-26,1000000.00,4.412777,103.499775
08:30:47,912810UA4,TSRYS5802849,D,S,T,2024-06-26,1000000.00,4.413686,103.484375
08:30:47,912810UA4,TSRYS5802849,D,S,T,2024-06-26,1000000.00,4.413686,103.484375
08:30:47,912810UA4,TSRYS5802849,D,S,T,2024-06-26,1000000.00,4.413686,103.484375
08:30:47,912810UA4,TSRYS5802849,D,S,T,2024-06-26,1000000.00,4.413686,103.484375
08:30:47,912810UA4,TSRYS5802849,D,S,D,2024-06-26,1000000.00,4.414379,103.47265625
08:30:48,912810UA4,TSRYS5802849,D,S,D,2024-06-26,1000000.00,4.412763,103.5
08:30:49,912810UA4,TSRYS5802849,D,S,D,2024-06-26,1000000.00,4.41184,103.515625
08:30:53,912810UA4,TSRYS5802849,D,S,T,2024-06-26,1000000.00,4.414379,103.47265625
08:30:55,912810UA4,TSRYS5802849,D,S,T,2024-06-26,1000000.00,4.412763,103.5
08:30:58,912810UA4,TSRYS5802849,D,B,C,2024-06-26,1000000.00,4.412763,103.5
08:30:58,912810UA4,TSRYS5802849,D,S,D,2024-06-26,1000000.00,4.412763,103.5
08:30:58,912810UA4,TSRYS5802849,D,S,D,2024-06-26,1000000.00,4.41184,103.515625
08:30:58,912810UA4,TSRYS5802849,D,S,D,2024-06-26,1000000.00,4.41184,103.515625
08:30:58,912810UA4,TSRYS5802849,D,S,D,2024-06-26,1000000.00,4.41184,103.515625
08:31:01,912810UA4,TSRYS5802849,D,S,D,2024-06-26,950000.00,4.368681,104.25
08:31:03,912810UA4,TSRYS5802849,D,S,C,2024-06-26,20000000.00,4.414023,103.47867533
08:31:07,912810UA4,TSRYS5802849,D,S,T,2024-06-26,1000000.00,4.413694,103.484245
08:31:27,912810UA4,TSRYS5802849,D,S,D,2024-06-26,1000000.00,4.413686,103.484375
08:31:27,912810UA4,TSRYS5802849,D,S,D,2024-06-26,1000000.00,4.413686,103.484375
08:31:27,912810UA4,TSRYS5802849,D,S,C,2024-06-26,1000000.00,4.413686,103.484375
08:31:27,912810UA4,TSRYS5802849,D,S,C,2024-06-26,1000000.00,4.413678,103.484527
08:31:28,912810UA4,TSRYS5802849,D,S,T,2024-06-26,1000000.00,4.413695,103.484225
08:31:30,912810UA4,TSRYS5802849,D,S,D,2024-06-26,1000000.00,4.414256,103.474734375
08:31:30,912810UA4,TSRYS5802849,D,B,C,2024-06-26,1000000.00,4.414264,103.474609375
08:31:30,912810UA4,TSRYS5802849,D,S,D,2024-06-26,1000000.00,4.414256,103.474734375
08:31:30,912810UA4,TSRYS5802849,D,B,C,2024-06-26,1000000.00,4.414264,103.474609375
08:31:33,912810UA4,TSRYS5802849,D,S,D,2024-06-26,1000000.00,4.414841,103.46484375
08:31:34,912810UA4,TSRYS5802849,D,B,C,2024-06-26,1000000.00,4.414859,103.46454375
08:31:34,912810UA4,TSRYS5802849,D,S,D,2024-06-26,1000000.00,4.414264,103.474609375
08:31:35,912810UA4,TSRYS5802849,D,S,T,2024-06-26,1000000.00,4.414264,103.474609375
08:31:37,912810UA4,TSRYS5802849,D,S,D,2024-06-26,3000000.00,4.415072,103.4609375
08:31:39,912810UA4,TSRYS5802849,D,S,T,2024-06-26,1000000.00,4.415995,103.4453125
08:31:40,912810UA4,TSRYS5802849,D,S,T,2024-06-26,1000000.00,4.415187,103.458984375
08:31:41,912810UA4,TSRYS5802849,D,S,D,2024-06-26,1000000.00,4.413686,103.484375
08:31:41,912810UA4,TSRYS5802849,D,S,D,2024-06-26,1000000.00,4.413686,103.484375
08:31:41,912810UA4,TSRYS5802849,D,S,D,2024-06-26,1000000.00,4.415187,103.458984375
08:31:42,912810UA4,TSRYS5802849,D,S,C,2024-06-26,1000000.00,4.415995,103.4453125
08:31:42,912810UA4,TSRYS5802849,D,S,C,2024-06-26,1000000.00,4.416111,103.443359375
08:31:44,912810UA4,TSRYS5802849,D,S,T,2024-06-26,1000000.00,4.414841,103.46484375
08:31:44,912810UA4,TSRYS5802849,D,S,T,2024-06-26,1000000.00,4.414841,103.46484375
08:31:44,912810UA4,TSRYS5802849,D,S,T,2024-06-26,1000000.00,4.414841,103.46484375
08:31:44,912810UA4,TSRYS5802849,D,S,T,2024-06-26,1000000.00,4.414841,103.46484375
08:31:45,912810UA4,TSRYS5802849,D,S,D,2024-06-26,1000000.00,4.414833,103.46496875
08:31:49,912810UA4,TSRYS5802849,D,S,D,2024-06-26,1000000.00,4.414841,103.46484375
08:31:49,912810UA4,TSRYS5802849,D,S,D,2024-06-26,1000000.00,4.414841,103.46484375
08:31:49,912810UA4,TSRYS5802849,D,S,D,2024-06-26,1000000.00,4.414841,103.46484375
08:31:49,912810UA4,TSRYS5802849,D,S,D,2024-06-26,1000000.00,4.414725,103.466796875
08:31:49,912810UA4,TSRYS5802849,D,S,T,2024-06-26,1000000.00,4.416111,103.443359375
08:32:01,912810UA4,TSRYS5802849,D,S,D,2024-06-26,10000000.00,4.411471,103.52188
08:32:07,912810UA4,TSRYS5802849,D,S,T,2024-06-26,44750000.00,4.368681,104.25
08:32:10,912810UA4,TSRYS5802849,D,S,C,2024-06-26,1000000.00,4.41461,103.46875
08:32:10,912810UA4,TSRYS5802849,D,B,C,2024-06-26,1000000.00,4.41462,103.468573
08:32:10,912810UA4,TSRYS5802849,D,B,C,2024-06-26,1000000.00,4.41462,103.468573
08:32:10,912810UA4,TSRYS5802849,D,S,C,2024-06-26,1000000.00,4.414604,103.46885
08:32:10,912810UA4,TSRYS5802849,D,S,C,2024-06-26,1000000.00,4.41461,103.46875
08:32:10,912810UA4,TSRYS5802849,D,S,C,2024-06-26,1000000.00,4.41461,103.46875
08:32:10,912810UA4,TSRYS5802849,D,B,C,2024-06-26,1000000.00,4.41462,103.468573
08:32:10,912810UA4,TSRYS5802849,D,B,C,2024-06-26,1000000.00,4.41462,103.468573
08:32:10,912810UA4,TSRYS5802849,D,S,C,2024-06-26,1000000.00,4.415534,103.453125
08:32:11,912810UA4,TSRYS5802849,D,B,C,2024-06-26,1000000.00,4.415534,103.453125
08:32:28,912810UA4,TSRYS5802849,D,S,C,2024-06-26,1000000.00,4.41461,103.46875
08:32:28,912810UA4,TSRYS5802849,D,B,C,2024-06-26,1000000.00,4.41462,103.468573
08:32:28,912810UA4,TSRYS5802849,D,S,D,2024-06-26,1000000.00,4.41461,103.46875
08:32:28,912810UA4,TSRYS5802849,D,S,C,2024-06-26,1000000.00,4.41461,103.46875
08:32:28,912810UA4,TSRYS5802849,D,B,C,2024-06-26,1000000.00,4.41462,103.468573
08:32:28,912810UA4,TSRYS5802849,D,B,C,2024-06-26,1000000.00,4.41462,103.468573
08:32:28,912810UA4,TSRYS5802849,D,S,D,2024-06-26,1000000.00,4.414598,103.46895
08:32:28,912810UA4,TSRYS5802849,D,S,C,2024-06-26,1000000.00,4.41461,103.46875
08:32:28,912810UA4,TSRYS5802849,D,B,C,2024-06-26,1000000.00,4.41462,103.468573
08:32:28,912810UA4,TSRYS5802849,D,B,C,2024-06-26,1000000.00,4.41462,103.468573
08:32:28,912810UA4,TSRYS5802849,D,S,C,2024-06-26,1000000.00,4.41461,103.46875
08:32:28,912810UA4,TSRYS5802849,D,B,C,2024-06-26,1000000.00,4.41462,103.468573
08:33:07,912810UA4,TSRYS5802849,D,S,D,2024-06-26,5050000.00,4.368681,104.25
08:33:29,912810UA4,TSRYS5802849,D,S,D,2024-06-26,10050000.00,4.368681,104.25
08:33:46,912810UA4,TSRYS5802849,D,S,C,2024-06-26,1500000.00,4.41461,103.46875
08:34:05,912810UA4,TSRYS5802849,D,S,D,2024-06-26,5050000.00,4.368681,104.25
08:34:06,912810UA4,TSRYS5802849,D,S,T,2024-06-26,1000000.00,4.414841,103.46484375
08:34:07,912810UA4,TSRYS5802849,D,S,T,2024-06-26,1000000.00,4.41461,103.46875
08:34:07,912810UA4,TSRYS5802849,D,S,T,2024-06-26,1000000.00,4.41461,103.46875
08:34:07,912810UA4,TSRYS5802849,D,S,T,2024-06-26,1000000.00,4.41461,103.46875
08:34:07,912810UA4,TSRYS5802849,D,S,T,2024-06-26,2000000.00,4.414841,103.46484375
08:34:07,912810UA4,TSRYS5802849,D,S,D,2024-06-26,1000000.00,4.414841,103.46484375
08:34:07,912810UA4,TSRYS5802849,D,S,D,2024-06-26,1000000.00,4.414841,103.46484375
08:34:07,912810UA4,TSRYS5802849,D,S,D,2024-06-26,2000000.00,4.414835,103.46494375
08:34:07,912810UA4,TSRYS5802849,D,S,D,2024-06-26,1000000.00,4.414841,103.46484375
08:34:07,912810UA4,TSRYS5802849,D,B,C,2024-06-26,1000000.00,4.414841,103.46484375
08:34:07,912810UA4,TSRYS5802849,D,S,D,2024-06-26,1000000.00,4.414841,103.46484375
08:34:07,912810UA4,TSRYS5802849,D,S,D,2024-06-26,1000000.00,4.414841,103.46484375
08:34:07,912810UA4,TSRYS5802849,D,S,D,2024-06-26,1000000.00,4.414835,103.46494375
08:34:07,912810UA4,TSRYS5802849,D,S,D,2024-06-26,1000000.00,4.414835,103.46494375
08:34:07,912810UA4,TSRYS5802849,D,S,D,2024-06-26,1000000.00,4.414835,103.46494375
08:34:08,912810UA4,TSRYS5802849,D,B,C,2024-06-26,3000000.00,4.414841,103.46484375
08:34:08,912810UA4,TSRYS5802849,D,B,C,2024-06-26,1000000.00,4.414841,103.46484375
08:34:08,912810UA4,TSRYS5802849,D,S,D,2024-06-26,1000000.00,4.414835,103.46494375
08:34:11,912810UA4,TSRYS5802849,D,S,D,2024-06-26,1000000.00,4.414841,103.46484375
08:34:13,912810UA4,TSRYS5802849,D,S,D,2024-06-26,1000000.00,4.414841,103.46484375
08:34:16,912810UA4,TSRYS5802849,D,S,A,2024-06-26,1000000.00,4.41461,103.46875
08:34:17,912810UA4,TSRYS5802849,D,S,A,2024-06-26,1000000.00,4.41461,103.46875
08:34:17,912810UA4,TSRYS5802849,D,S,A,2024-06-26,1000000.00,4.41461,103.46875
08:34:17,912810UA4,TSRYS5802849,D,S,A,2024-06-26,1000000.00,4.41461,103.46875
08:34:18,912810UA4,TSRYS5802849,D,S,A,2024-06-26,1000000.00,4.41461,103.46875
08:34:19,912810UA4,TSRYS5802849,D,S,C,2024-06-26,7500000.00,4.414776,103.4659438
08:34:19,912810UA4,TSRYS5802849,D,S,C,2024-06-26,2500000.00,4.414776,103.4659438
08:34:24,912810UA4,TSRYS5802849,D,S,D,2024-06-26,1000000.00,4.368681,104.25
08:34:26,912810UA4,TSRYS5802849,D,B,C,2024-06-26,1000000.00,4.412822,103.499
08:34:26,912810UA4,TSRYS5802849,D,B,C,2024-06-26,1000000.00,4.413745,103.48338
08:34:36,912810UA4,TSRYS5802849,D,S,T,2024-06-26,5050000.00,4.368681,104.25
08:34:38,912810UA4,TSRYS5802849,D,S,D,2024-06-26,5050000.00,4.368681,104.25
08:34:42,912810UA4,TSRYS5802849,D,B,C,2024-06-26,1000000.00,4.41461,103.46875
08:34:42,912810UA4,TSRYS5802849,D,S,D,2024-06-26,1000000.00,4.414599,103.468927
08:34:42,912810UA4,TSRYS5802849,D,S,D,2024-06-26,1000000.00,4.414599,103.468927
08:34:42,912810UA4,TSRYS5802849,D,S,D,2024-06-26,1000000.00,4.414599,103.468927
08:34:43,912810UA4,TSRYS5802849,D,B,C,2024-06-26,1000000.00,4.41461,103.46875
08:34:43,912810UA4,TSRYS5802849,D,S,D,2024-06-26,1000000.00,4.414599,103.468927
08:34:43,912810UA4,TSRYS5802849,D,S,D,2024-06-26,1000000.00,4.414599,103.468927
08:34:43,912810UA4,TSRYS5802849,D,B,C,2024-06-26,2000000.00,4.413686,103.484375
08:34:43,912810UA4,TSRYS5802849,D,S,D,2024-06-26,2000000.00,4.413686,103.484375
08:34:43,912810UA4,TSRYS5802849,D,S,D,2024-06-26,1000000.00,4.413686,103.484375
08:34:43,912810UA4,TSRYS5802849,D,B,C,2024-06-26,1000000.00,4.413698,103.484175
08:34:43,912810UA4,TSRYS5802849,D,S,D,2024-06-26,1000000.00,4.413686,103.484375
08:34:43,912810UA4,TSRYS5802849,D,B,C,2024-06-26,1000000.00,4.413686,103.484375
08:34:46,912810UA4,TSRYS5802849,D,B,A,2024-06-26,1000000.00,4.41461,103.46875
08:35:04,912810UA4,TSRYS5802849,D,B,C,2024-06-26,2000000.00,4.41461,103.46875
08:35:04,912810UA4,TSRYS5802849,D,S,D,2024-06-26,2000000.00,4.41461,103.46875
08:35:29,912810UA4,TSRYS5802849,D,S,D,2024-06-26,3000000.00,4.415526,103.45325
08:35:29,912810UA4,TSRYS5802849,D,B,C,2024-06-26,3000000.00,4.415534,103.453125
08:35:30,912810UA4,TSRYS5802849,D,S,D,2024-06-26,1000000.00,4.415418,103.455078125
08:35:30,912810UA4,TSRYS5802849,D,S,D,2024-06-26,1000000.00,4.415187,103.458984375
08:35:32,912810UA4,TSRYS5802849,D,S,C,2024-06-26,50000.00,4.414379,103.47265625
08:35:32,912810UA4,TSRYS5802849,D,S,D,2024-06-26,50000.00,4.414379,103.47265625
08:35:38,912810UA4,TSRYS5802849,D,S,T,2024-06-26,1000000.00,4.415187,103.458984375
08:35:39,912810UA4,TSRYS5802849,D,S,D,2024-06-26,500000.00,4.368681,104.25
08:35:43,912810UA4,TSRYS5802849,D,B,C,2024-06-26,1000000.00,4.41461,103.46875
08:35:43,912810UA4,TSRYS5802849,D,S,D,2024-06-26,1000000.00,4.41461,103.46875
08:35:48,912810UA4,TSRYS5802849,D,S,T,2024-06-26,1000000.00,4.415418,103.455078125
08:35:49,912810UA4,TSRYS5802849,D,S,C,2024-06-26,1000000.00,4.415418,103.455078125
08:35:54,912810UA4,TSRYS5802849,D,S,T,2024-06-26,1000000.00,4.415418,103.455078125
08:35:56,912810UA4,TSRYS5802849,D,S,T,2024-06-26,1000000.00,4.41461,103.46875
08:35:58,912810UA4,TSRYS5802849,D,S,C,2024-06-26,1000000.00,4.415534,103.453125
08:35:58,912810UA4,TSRYS5802849,D,S,C,2024-06-26,1000000.00,4.415522,103.453325
08:35:58,912810UA4,TSRYS5802849,D,B,C,2024-06-26,1000000.00,4.415534,103.453125
08:35:58,912810UA4,TSRYS5802849,D,B,C,2024-06-26,1000000.00,4.415542,103.452975
08:35:58,912810UA4,TSRYS5802849,D,B,C,2024-06-26,1000000.00,4.415542,103.452975
08:35:58,912810UA4,TSRYS5802849,D,S,D,2024-06-26,1000000.00,4.415534,103.453125
08:35:58,912810UA4,TSRYS5802849,D,B,C,2024-06-26,1000000.00,4.415542,103.452975
08:35:58,912810UA4,TSRYS5802849,D,S,D,2024-06-26,1000000.00,4.41552,103.453352
08:35:58,912810UA4,TSRYS5802849,D,S,T,2024-06-26,1000000.00,4.41461,103.46875
08:36:11,912810UA4,TSRYS5802849,D,S,T,2024-06-26,1000000.00,4.414494,103.470703125
08:36:11,912810UA4,TSRYS5802849,D,S,D,2024-06-26,1000000.00,4.414489,103.470803125
08:36:11,912810UA4,TSRYS5802849,D,S,D,2024-06-26,1000000.00,4.414489,103.470803125
08:36:11,912810UA4,TSRYS5802849,D,B,C,2024-06-26,1000000.00,4.414494,103.470703125
08:36:11,912810UA4,TSRYS5802849,D,S,D,2024-06-26,1000000.00,4.414489,103.470803125
08:36:12,912810UA4,TSRYS5802849,D,B,C,2024-06-26,1000000.00,4.414494,103.470703125
08:36:13,912810UA4,TSRYS5802849,D,S,T,2024-06-26,1000000.00,4.414494,103.470703125
08:36:16,912810UA4,TSRYS5802849,D,S,D,2024-06-26,1000000.00,4.414494,103.470703125
08:36:16,912810UA4,TSRYS5802849,D,S,D,2024-06-26,1000000.00,4.414494,103.470703125
08:36:16,912810UA4,TSRYS5802849,D,B,C,2024-06-26,1000000.00,4.414494,103.470703125
08:36:18,912810UA4,TSRYS5802849,D,S,T,2024-06-26,1000000.00,4.41461,103.46875
08:36:29,912810UA4,TSRYS5802849,D,S,C,2024-06-26,1000000.00,4.41461,103.46875
08:36:29,912810UA4,TSRYS5802849,D,S,D,2024-06-26,1000000.00,4.41461,103.46875
08:36:34,912810UA4,TSRYS5802849,D,S,C,2024-06-26,3750000.00,4.414429,103.4718031
08:36:34,912810UA4,TSRYS5802849,D,S,C,2024-06-26,1250000.00,4.414429,103.4718031
08:36:44,912810UA4,TSRYS5802849,D,S,D,2024-06-26,1000000.00,4.41461,103.46875
08:36:44,912810UA4,TSRYS5802849,D,B,C,2024-06-26,1000000.00,4.41461,103.46875
08:36:44,912810UA4,TSRYS5802849,D,S,D,2024-06-26,1000000.00,4.41461,103.46875
08:36:44,912810UA4,TSRYS5802849,D,S,D,2024-06-26,1000000.00,4.41461,103.46875
08:36:44,912810UA4,TSRYS5802849,D,B,C,2024-06-26,1000000.00,4.41461,103.46875
08:36:48,912810UA4,TSRYS5802849,D,S,D,2024-06-26,1000000.00,4.41461,103.46875
08:36:52,912810UA4,TSRYS5802849,D,S,T,2024-06-26,500000.00,4.368681,104.25
08:36:54,912810UA4,TSRYS5802849,D,S,T,2024-06-26,1000000.00,4.368681,104.25
08:36:55,912810UA4,TSRYS5802849,D,S,T,2024-06-26,5050000.00,4.368681,104.25
08:36:58,912810UA4,TSRYS5802849,D,B,C,2024-06-26,1000000.00,4.415534,103.453125
08:36:58,912810UA4,TSRYS5802849,D,S,D,2024-06-26,1000000.00,4.415534,103.453125
08:37:13,912810UA4,TSRYS5802849,D,S,D,2024-06-26,1000000.00,4.41461,103.46875
08:37:13,912810UA4,TSRYS5802849,D,B,C,2024-06-26,1000000.00,4.41461,103.46875
08:38:13,912810UA4,TSRYS5802849,D,S,D,2024-06-26,1000000.00,4.41461,103.46875
08:38:13,912810UA4,TSRYS5802849,D,B,C,2024-06-26,1000000.00,4.41461,103.46875
08:38:34,912810UA4,TSRYS5802849,D,S,D,2024-06-26,1000000.00,4.413456,103.48828125
08:38:34,912810UA4,TSRYS5802849,D,B,C,2024-06-26,1000000.00,4.413473,103.48798125
08:38:38,912810UA4,TSRYS5802849,D,S,T,2024-06-26,1000000.00,4.413686,103.484375
08:38:38,912810UA4,TSRYS5802849,D,S,T,2024-06-26,1000000.00,4.413686,103.484375
08:38:38,912810UA4,TSRYS5802849,D,S,T,2024-06-26,1000000.00,4.413686,103.484375
08:38:38,912810UA4,TSRYS5802849,D,B,C,2024-06-26,1000000.00,4.413686,103.484375
08:38:38,912810UA4,TSRYS5802849,D,S,D,2024-06-26,1000000.00,4.413686,103.484375
08:38:39,912810UA4,TSRYS5802849,D,S,C,2024-06-26,1000000.00,4.413686,103.484375
08:38:40,912810UA4,TSRYS5802849,D,S,T,2024-06-26,1000000.00,4.413686,103.484375
08:38:40,912810UA4,TSRYS5802849,D,B,C,2024-06-26,1425000.00,4.413686,103.484375
08:38:40,912810UA4,TSRYS5802849,D,S,T,2024-06-26,2000000.00,4.413686,103.484375
08:38:40,912810UA4,TSRYS5802849,D,S,T,2024-06-26,1000000.00,4.413686,103.484375
08:38:40,912810UA4,TSRYS5802849,D,S,T,2024-06-26,1000000.00,4.413686,103.484375
08:38:41,912810UA4,TSRYS5802849,D,S,T,2024-06-26,1000000.00,4.413686,103.484375
08:38:41,912810UA4,TSRYS5802849,D,S,T,2024-06-26,1000000.00,4.413686,103.484375
08:38:41,912810UA4,TSRYS5802849,D,S,T,2024-06-26,1000000.00,4.413686,103.484375
08:38:44,912810UA4,TSRYS5802849,D,S,T,2024-06-26,1000000.00,4.41334,103.490234375
08:38:49,912810UA4,TSRYS5802849,D,S,D,2024-06-26,1000000.00,4.41334,103.490234375
08:38:59,912810UA4,TSRYS5802849,D,S,C,2024-06-26,1000000.00,4.413109,103.494140625
08:39:04,912810UA4,TSRYS5802849,D,B,C,2024-06-26,1000000.00,4.412763,103.5
08:39:04,912810UA4,TSRYS5802849,D,S,D,2024-06-26,1000000.00,4.412763,103.5
08:39:09,912810UA4,TSRYS5802849,D,S,T,2024-06-26,1000000.00,4.413686,103.484375
08:39:19,912810UA4,TSRYS5802849,D,S,T,2024-06-26,1000000.00,4.413109,103.494140625
08:39:21,912810UA4,TSRYS5802849,D,B,C,2024-06-26,331000.00,4.412302,103.5078125
08:39:28,912810UA4,TSRYS5802849,D,S,C,2024-06-26,1000000.00,4.413686,103.484375
08:39:28,912810UA4,TSRYS5802849,D,S,C,2024-06-26,1000000.00,4.413686,103.484375
08:39:28,912810UA4,TSRYS5802849,D,S,D,2024-06-26,2000000.00,4.413686,103.484375
08:39:28,912810UA4,TSRYS5802849,D,S,D,2024-06-26,1000000.00,4.413686,103.484375
08:39:28,912810UA4,TSRYS5802849,D,S,D,2024-06-26,1000000.00,4.413686,103.484375
08:39:28,912810UA4,TSRYS5802849,D,S,D,2024-06-26,1000000.00,4.413686,103.484375
08:39:28,912810UA4,TSRYS5802849,D,S,D,2024-06-26,1000000.00,4.413686,103.484375
08:39:28,912810UA4,TSRYS5802849,D,S,D,2024-06-26,1000000.00,4.413686,103.484375
08:39:28,912810UA4,TSRYS5802849,D,S,D,2024-06-26,1000000.00,4.413686,103.484375
08:39:33,912810UA4,TSRYS5802849,D,S,T,2024-06-26,4000000.00,4.412071,103.51171875
08:39:38,912810UA4,TSRYS5802849,D,S,D,2024-06-26,4000000.00,4.412071,103.51171875
08:39:40,912810UA4,TSRYS5802849,D,S,T,2024-06-26,1000000.00,4.411956,103.513671875
08:39:40,912810UA4,TSRYS5802849,D,S,T,2024-06-26,1000000.00,4.411956,103.513671875
08:39:42,912810UA4,TSRYS5802849,D,B,C,2024-06-26,2000000.00,4.411956,103.513671875
08:39:42,912810UA4,TSRYS5802849,D,S,D,2024-06-26,2000000.00,4.411948,103.513796875
08:39:42,912810UA4,TSRYS5802849,D,S,T,2024-06-26,1000000.00,4.41184,103.515625
08:39:43,912810UA4,TSRYS5802849,D,S,D,2024-06-26,1000000.00,4.413686,103.484375
08:39:43,912810UA4,TSRYS5802849,D,B,C,2024-06-26,1000000.00,4.413686,103.484375
08:39:43,912810UA4,TSRYS5802849,D,S,D,2024-06-26,1000000.00,4.413686,103.484375
08:39:43,912810UA4,TSRYS5802849,D,S,D,2024-06-26,1000000.00,4.411948,103.513796875
08:39:43,912810UA4,TSRYS5802849,D,S,T,2024-06-26,2000000.00,4.41184,103.515625
08:39:43,912810UA4,TSRYS5802849,D,S,D,2024-06-26,1000000.00,4.41184,103.515625
08:39:43,912810UA4,TSRYS5802849,D,S,T,2024-06-26,1000000.00,4.41184,103.515625
08:39:43,912810UA4,TSRYS5802849,D,S,T,2024-06-26,1000000.00,4.41184,103.515625
08:39:43,912810UA4,TSRYS5802849,D,S,T,2024-06-26,1000000.00,4.41184,103.515625
08:39:43,912810UA4,TSRYS5802849,D,S,D,2024-06-26,1000000.00,4.41184,103.515625
08:39:43,912810UA4,TSRYS5802849,D,S,T,2024-06-26,1000000.00,4.41184,103.515625
08:39:43,912810UA4,TSRYS5802849,D,S,T,2024-06-26,1000000.00,4.41184,103.515625
08:39:43,912810UA4,TSRYS5802849,D,S,T,2024-06-26,1000000.00,4.41184,103.515625
08:39:43,912810UA4,TSRYS5802849,D,S,D,2024-06-26,1000000.00,4.41184,103.515625
08:39:44,912810UA4,TSRYS5802849,D,S,T,2024-06-26,2000000.00,4.41184,103.515625
08:39:44,912810UA4,TSRYS5802849,D,S,T,2024-06-26,1000000.00,4.41184,103.515625
08:39:44,912810UA4,TSRYS5802849,D,S,D,2024-06-26,1000000.00,4.41184,103.515625
08:39:45,912810UA4,TSRYS5802849,D,S,D,2024-06-26,1000000.00,4.411956,103.513671875
08:39:46,912810UA4,TSRYS5802849,D,S,T,2024-06-26,3000000.00,4.41184,103.515625
08:39:46,912810UA4,TSRYS5802849,D,S,T,2024-06-26,2000000.00,4.41184,103.515625
08:39:46,912810UA4,TSRYS5802849,D,S,T,2024-06-26,1000000.00,4.41184,103.515625
08:39:46,912810UA4,TSRYS5802849,D,B,C,2024-06-26,1000000.00,4.41184,103.515625
08:39:46,912810UA4,TSRYS5802849,D,S,T,2024-06-26,1000000.00,4.41184,103.515625
08:39:46,912810UA4,TSRYS5802849,D,S,T,2024-06-26,3000000.00,4.41184,103.515625
08:39:46,912810UA4,TSRYS5802849,D,S,T,2024-06-26,3000000.00,4.41184,103.515625
08:39:46,912810UA4,TSRYS5802849,D,S,T,2024-06-26,3000000.00,4.41184,103.515625
08:39:47,912810UA4,TSRYS5802849,D,S,T,2024-06-26,2000000.00,4.41184,103.515625
08:39:47,912810UA4,TSRYS5802849,D,S,T,2024-06-26,2000000.00,4.41184,103.515625
