tradeTime,cusip,issueSymbolIdentifier,priceType,reportingSideCode,contraPartyTypeCode,tradeDate,reportedTradeVolume,lastSaleYield,lastSalePrice
08:00:05,912810TX6,TSRYS5743665,D,S,T,2024-04-24,1000000.00,4.737662,92.25
08:00:05,912810TX6,TSRYS5743665,D,S,T,2024-04-24,1000000.00,4.735968,92.275390625
08:00:05,912810TX6,TSRYS5743665,D,S,T,2024-04-24,1000000.00,4.735968,92.275390625
08:00:05,912810TX6,TSRYS5743665,D,S,T,2024-04-24,1000000.00,4.735968,92.275390625
08:00:05,912810TX6,TSRYS5743665,D,S,D,2024-04-24,1000000.00,4.734796,92.29296875
08:00:05,912810TX6,TSRYS5743665,D,S,D,2024-04-24,1000000.00,4.734796,92.29296875
08:00:08,912810TX6,TSRYS5743665,D,S,D,2024-04-24,1000000.00,4.734275,92.30078125
08:00:08,912810TX6,TSRYS5743665,D,S,D,2024-04-24,1000000.00,4.734275,92.30078125
08:00:08,912810TX6,TSRYS5743665,D,S,T,2024-04-24,1000000.00,4.734275,92.30078125
08:00:08,912810TX6,TSRYS5743665,D,S,D,2024-04-24,1000000.00,4.734275,92.30078125
08:00:08,912810TX6,TSRYS5743665,D,S,D,2024-04-24,1000000.00,4.734275,92.30078125
08:00:08,912810TX6,TSRYS5743665,D,S,T,2024-04-24,1000000.00,4.746009,92.125
08:00:08,912810TX6,TSRYS5743665,D,S,T,2024-04-24,1000000.00,4.743007,92.169921875
08:00:08,912810TX6,TSRYS5743665,D,S,T,2024-04-24,1000000.00,4.743007,92.169921875
08:00:08,912810TX6,TSRYS5743665,D,S,T,2024-04-24,1000000.00,4.741181,92.197265625
08:00:08,912810TX6,TSRYS5743665,D,S,T,2024-04-24,1000000.00,4.745618,92.130859375
08:00:08,912810TX6,TSRYS5743665,D,S,T,2024-04-24,1000000.00,4.749405,92.07421875
08:00:08,912810TX6,TSRYS5743665,D,S,D,2024-04-24,1000000.00,4.752411,92.029296875
08:00:08,912810TX6,TSRYS5743665,D,S,D,2024-04-24,1000000.00,4.752411,92.029296875
08:00:08,912810TX6,TSRYS5743665,D,S,D,2024-04-24,1000000.00,4.752411,92.029296875
08:00:08,912810TX6,TSRYS5743665,D,S,D,2024-04-24,1000000.00,4.752411,92.029296875
08:00:08,912810TX6,TSRYS5743665,D,S,D,2024-04-24,1000000.00,4.752411,92.029296875
08:00:08,912810TX6,TSRYS5743665,D,S,T,2024-04-24,1000000.00,4.752411,92.029296875
08:00:08,912810TX6,TSRYS5743665,D,S,D,2024-04-24,1000000.00,4.752019,92.03515625
08:00:08,912810TX6,TSRYS5743665,D,S,D,2024-04-24,1000000.00,4.755551,91.982421875
08:00:08,912810TX6,TSRYS5743665,D,S,D,2024-04-24,1000000.00,4.755681,91.98046875
08:00:08,912810TX6,TSRYS5743665,D,S,D,2024-04-24,1000000.00,4.755943,91.9765625
08:00:08,912810TX6,TSRYS5743665,D,S,T,2024-04-24,1000000.00,4.756598,91.966796875
08:00:08,912810TX6,TSRYS5743665,D,S,T,2024-04-24,1000000.00,4.757776,91.94921875
08:00:08,912810TX6,TSRYS5743665,D,S,D,2024-04-24,1000000.00,4.756205,91.97265625
08:00:08,912810TX6,TSRYS5743665,D,S,D,2024-04-24,1000000.00,4.756205,91.97265625
08:00:08,912810TX6,TSRYS5743665,D,S,T,2024-04-24,1000000.00,4.763409,91.865234375
08:00:08,912810TX6,TSRYS5743665,D,S,D,2024-04-24,1000000.00,4.760657,91.90625
08:00:08,912810TX6,TSRYS5743665,D,B,C,2024-04-24,1000000.00,4.762491,91.87890625
08:00:08,912810TX6,TSRYS5743665,D,S,D,2024-04-24,1000000.00,4.762884,91.873046875
08:00:08,912810TX6,TSRYS5743665,D,S,D,2024-04-24,29000000.00,4.735577,92.28125
08:00:08,912810TX6,TSRYS5743665,D,S,C,2024-04-24,700000.00,4.739747,92.21875
08:00:08,912810TX6,TSRYS5743665,D,S,T,2024-04-24,1000000.00,4.735577,92.28125
08:00:08,912810TX6,TSRYS5743665,D,B,A,2024-04-24,1000000.00,4.735577,92.28125
08:00:08,912810TX6,TSRYS5743665,D,S,A,2024-04-24,8000.00,4.735056,92.2890625
08:00:08,912810TX6,TSRYS5743665,D,S,T,2024-04-24,1000000.00,4.744965,92.140625
08:00:08,912810TX6,TSRYS5743665,D,S,D,2024-04-24,1000000.00,4.744965,92.140625
08:00:08,912810TX6,TSRYS5743665,D,S,D,2024-04-24,1000000.00,4.744965,92.140625
08:00:08,912810TX6,TSRYS5743665,D,S,T,2024-04-24,1000000.00,4.744965,92.140625
08:00:08,912810TX6,TSRYS5743665,D,S,D,2024-04-24,1000000.00,4.744965,92.140625
08:00:09,912810TX6,TSRYS5743665,D,S,D,2024-04-24,1000000.00,4.744965,92.140625
08:00:09,912810TX6,TSRYS5743665,D,S,D,2024-04-24,1000000.00,4.744965,92.140625
08:00:09,912810TX6,TSRYS5743665,D,S,T,2024-04-24,1000000.00,4.744965,92.140625
08:00:09,912810TX6,TSRYS5743665,D,S,D,2024-04-24,1000000.00,4.744965,92.140625
08:00:09,912810TX6,TSRYS5743665,D,S,A,2024-04-24,500000.00,4.743399,92.1640625
08:00:09,912810TX6,TSRYS5743665,D,S,D,2024-04-24,1000000.00,4.74079,92.203125
08:00:09,912810TX6,TSRYS5743665,D,S,D,2024-04-24,1000000.00,4.74079,92.203125
08:00:09,912810TX6,TSRYS5743665,D,B,A,2024-04-24,500000.00,4.742094,92.18359375
08:00:09,912810TX6,TSRYS5743665,D,B,A,2024-04-24,50000000.00,4.747054,92.109375
08:00:09,912810TX6,TSRYS5743665,D,S,T,2024-04-24,1000000.00,4.744704,92.14453125
08:00:09,912810TX6,TSRYS5743665,D,S,T,2024-04-24,1000000.00,4.744965,92.140625
08:00:09,912810TX6,TSRYS5743665,D,S,T,2024-04-24,1000000.00,4.744965,92.140625
08:00:09,912810TX6,TSRYS5743665,D,S,T,2024-04-24,1000000.00,4.744965,92.140625
08:00:09,912810TX6,TSRYS5743665,D,S,T,2024-04-24,1000000.00,4.744965,92.140625
08:00:09,912810TX6,TSRYS5743665,D,S,T,2024-04-24,1000000.00,4.744965,92.140625
08:00:09,912810TX6,TSRYS5743665,D,S,T,2024-04-24,1000000.00,4.744965,92.140625
08:00:09,912810TX6,TSRYS5743665,D,S,T,2024-04-24,1000000.00,4.744965,92.140625
08:00:09,912810TX6,TSRYS5743665,D,S,T,2024-04-24,1000000.00,4.744965,92.140625
08:00:09,912810TX6,TSRYS5743665,D,S,A,2024-04-24,50000000.00,4.741833,92.1875
08:00:09,912810TX6,TSRYS5743665,D,S,C,2024-04-24,18000000.00,4.742877,92.171875
08:00:09,912810TX6,TSRYS5743665,D,S,D,2024-04-24,1000000.00,4.74079,92.203125
08:00:09,912810TX6,TSRYS5743665,D,S,D,2024-04-24,1000000.00,4.74079,92.203125
08:00:09,912810TX6,TSRYS5743665,D,S,D,2024-04-24,1000000.00,4.74079,92.203125
08:00:09,912810TX6,TSRYS5743665,D,S,C,2024-04-24,21000000.00,4.743138,92.16796875
08:00:09,912810TX6,TSRYS5743665,D,S,A,2024-04-24,500000.00,4.744965,92.140625
08:00:09,912810TX6,TSRYS5743665,D,B,A,2024-04-24,500000.00,4.749144,92.078125
08:00:09,912810TX6,TSRYS5743665,D,B,A,2024-04-24,5000000.00,4.749928,92.06640625
08:00:09,912810TX6,TSRYS5743665,D,S,D,2024-04-24,1000000.00,4.750189,92.0625
08:00:09,912810TX6,TSRYS5743665,D,S,T,2024-04-24,1000000.00,4.750189,92.0625
08:00:09,912810TX6,TSRYS5743665,D,S,D,2024-04-24,1000000.00,4.750189,92.0625
08:00:09,912810TX6,TSRYS5743665,D,S,D,2024-04-24,1000000.00,4.750189,92.0625
08:00:09,912810TX6,TSRYS5743665,D,S,D,2024-04-24,1000000.00,4.750189,92.0625
08:00:09,912810TX6,TSRYS5743665,D,S,T,2024-04-24,1000000.00,4.750189,92.0625
08:00:09,912810TX6,TSRYS5743665,D,S,T,2024-04-24,1000000.00,4.750189,92.0625
08:00:09,912810TX6,TSRYS5743665,D,S,D,2024-04-24,1000000.00,4.750189,92.0625
08:00:09,912810TX6,TSRYS5743665,D,S,D,2024-04-24,1000000.00,4.751235,92.046875
08:00:09,912810TX6,TSRYS5743665,D,S,D,2024-04-24,1000000.00,4.751473,92.0433197897
08:00:09,912810TX6,TSRYS5743665,D,S,D,2024-04-24,1000000.00,4.752281,92.03125
08:00:09,912810TX6,TSRYS5743665,D,S,D,2024-04-24,1000000.00,4.753534,92.0125328633
08:00:09,912810TX6,TSRYS5743665,D,S,D,2024-04-24,1000000.00,4.75542,91.984375
08:00:09,912810TX6,TSRYS5743665,D,B,A,2024-04-24,2000000.00,4.754896,91.9921875
08:00:09,912810TX6,TSRYS5743665,D,S,D,2024-04-24,1000000.00,4.75542,91.984375
08:00:09,912810TX6,TSRYS5743665,D,S,D,2024-04-24,1000000.00,4.757514,91.953125
08:00:09,912810TX6,TSRYS5743665,D,S,D,2024-04-24,1000000.00,4.757514,91.953125
08:00:09,912810TX6,TSRYS5743665,D,S,D,2024-04-24,1000000.00,4.757514,91.953125
08:00:09,912810TX6,TSRYS5743665,D,S,D,2024-04-24,1000000.00,4.757514,91.953125
08:00:09,912810TX6,TSRYS5743665,D,S,D,2024-04-24,1000000.00,4.762753,91.875
08:00:09,912810TX6,TSRYS5743665,D,S,D,2024-04-24,1000000.00,4.762753,91.875
08:00:09,912810TX6,TSRYS5743665,D,S,D,2024-04-24,1000000.00,4.762753,91.875
08:00:09,912810TX6,TSRYS5743665,D,S,D,2024-04-24,1000000.00,4.762753,91.875
08:00:09,912810TX6,TSRYS5743665,D,S,D,2024-04-24,1000000.00,4.762753,91.875
08:00:09,912810TX6,TSRYS5743665,D,S,C,2024-04-24,20000.00,4.764589,91.84765625
08:00:09,912810TX6,TSRYS5743665,D,S,T,2024-04-24,1000000.00,4.762753,91.875
08:00:09,912810TX6,TSRYS5743665,D,S,D,2024-04-24,1000000.00,4.765348,91.8363541667
08:00:09,912810TX6,TSRYS5743665,D,S,D,2024-04-24,1000000.00,4.765638,91.83203125
08:00:09,912810TX6,TSRYS5743665,D,S,D,2024-04-24,1000000.00,4.765864,91.8286617366
08:00:09,912810TX6,TSRYS5743665,D,S,T,2024-04-24,1000000.00,4.764851,91.84375
08:00:09,912810TX6,TSRYS5743665,D,S,T,2024-04-24,1000000.00,4.764851,91.84375
08:00:09,912810TX6,TSRYS5743665,D,S,D,2024-04-24,1000000.00,4.764851,91.84375
08:00:09,912810TX6,TSRYS5743665,D,S,D,2024-04-24,1000000.00,4.764851,91.84375
08:00:09,912810TX6,TSRYS5743665,D,S,C,2024-04-24,20000.00,4.765113,91.83984375
08:00:10,912810TX6,TSRYS5743665,D,S,T,2024-04-24,1000000.00,4.760657,91.90625
08:00:10,912810TX6,TSRYS5743665,D,S,T,2024-04-24,1000000.00,4.760657,91.90625
08:00:10,912810TX6,TSRYS5743665,D,S,T,2024-04-24,1000000.00,4.760657,91.90625
08:00:10,912810TX6,TSRYS5743665,D,S,T,2024-04-24,1000000.00,4.760657,91.90625
08:00:10,912810TX6,TSRYS5743665,D,S,T,2024-04-24,1000000.00,4.760657,91.90625
08:00:10,912810TX6,TSRYS5743665,D,S,D,2024-04-24,1000000.00,4.760657,91.90625
08:00:10,912810TX6,TSRYS5743665,D,S,D,2024-04-24,1000000.00,4.760657,91.90625
08:00:10,912810TX6,TSRYS5743665,D,S,D,2024-04-24,1000000.00,4.760657,91.90625
08:00:10,912810TX6,TSRYS5743665,D,S,D,2024-04-24,1000000.00,4.760657,91.90625
08:00:10,912810TX6,TSRYS5743665,D,S,D,2024-04-24,1000000.00,4.760657,91.90625
08:00:10,912810TX6,TSRYS5743665,D,S,D,2024-04-24,29000000.00,4.7659,91.828125
08:00:10,912810TX6,TSRYS5743665,D,S,T,2024-04-24,1000000.00,4.757514,91.953125
08:00:10,912810TX6,TSRYS5743665,D,S,D,2024-04-24,1000000.00,4.756467,91.96875
08:00:10,912810TX6,TSRYS5743665,D,S,T,2024-04-24,1000000.00,4.759085,91.9296875
08:00:10,912810TX6,TSRYS5743665,D,S,D,2024-04-24,1000000.00,4.758561,91.9375
08:00:10,912810TX6,TSRYS5743665,D,S,D,2024-04-24,1000000.00,4.759609,91.921875
08:00:10,912810TX6,TSRYS5743665,D,S,D,2024-04-24,1000000.00,4.760657,91.90625
08:00:10,912810TX6,TSRYS5743665,D,S,D,2024-04-24,1000000.00,4.760657,91.90625
08:00:10,912810TX6,TSRYS5743665,D,S,D,2024-04-24,1000000.00,4.758561,91.9375
08:00:10,912810TX6,TSRYS5743665,D,S,D,2024-04-24,1000000.00,4.758561,91.9375
08:00:10,912810TX6,TSRYS5743665,D,S,D,2024-04-24,1000000.00,4.758561,91.9375
08:00:10,912810TX6,TSRYS5743665,D,S,D,2024-04-24,1000000.00,4.758561,91.9375
08:00:10,912810TX6,TSRYS5743665,D,S,D,2024-04-24,1000000.00,4.759609,91.921875
08:00:10,912810TX6,TSRYS5743665,D,S,D,2024-04-24,1000000.00,4.759609,91.921875
08:00:10,912810TX6,TSRYS5743665,D,S,D,2024-04-24,1000000.00,4.759609,91.921875
08:00:10,912810TX6,TSRYS5743665,D,S,D,2024-04-24,1000000.00,4.760657,91.90625
08:00:10,912810TX6,TSRYS5743665,D,S,D,2024-04-24,1000000.00,4.759609,91.921875
08:00:10,912810TX6,TSRYS5743665,D,S,D,2024-04-24,1000000.00,4.759609,91.921875
08:00:10,912810TX6,TSRYS5743665,D,S,D,2024-04-24,1000000.00,4.760657,91.90625
08:00:10,912810TX6,TSRYS5743665,D,S,D,2024-04-24,1000000.00,4.759609,91.921875
08:00:10,912810TX6,TSRYS5743665,D,S,D,2024-04-24,1000000.00,4.760657,91.90625
08:00:10,912810TX6,TSRYS5743665,D,S,D,2024-04-24,1000000.00,4.761705,91.890625
08:00:10,912810TX6,TSRYS5743665,D,S,D,2024-04-24,1000000.00,4.762753,91.875
08:00:10,912810TX6,TSRYS5743665,D,S,D,2024-04-24,1000000.00,4.763802,91.859375
08:00:10,912810TX6,TSRYS5743665,D,S,T,2024-04-24,1000000.00,4.762753,91.875
08:00:10,912810TX6,TSRYS5743665,D,S,D,2024-04-24,1000000.00,4.762753,91.875
08:00:10,912810TX6,TSRYS5743665,D,S,D,2024-04-24,1000000.00,4.762753,91.875
08:00:13,912810TX6,TSRYS5743665,D,B,A,2024-04-24,1000000.00,4.733494,92.3125
08:00:13,912810TX6,TSRYS5743665,D,B,A,2024-04-24,1000000.00,4.734536,92.296875
08:00:13,912810TX6,TSRYS5743665,D,B,A,2024-04-24,1000000.00,4.734536,92.296875
08:00:13,912810TX6,TSRYS5743665,D,B,A,2024-04-24,3500000.00,4.723092,92.46875
08:00:14,912810TX6,TSRYS5743665,D,B,A,2024-04-24,1000000.00,4.734536,92.296875
08:00:15,912810TX6,TSRYS5743665,D,S,D,2024-04-24,1000000.00,4.724131,92.453125
08:00:15,912810TX6,TSRYS5743665,D,S,D,2024-04-24,1000000.00,4.724391,92.44921875
08:00:15,912810TX6,TSRYS5743665,D,S,D,2024-04-24,1000000.00,4.72595,92.42578125
08:00:15,912810TX6,TSRYS5743665,D,S,D,2024-04-24,1000000.00,4.72621,92.421875
08:00:16,912810TX6,TSRYS5743665,D,S,D,2024-04-24,1000000.00,4.733754,92.30859375
08:00:18,912810TX6,TSRYS5743665,D,S,T,2024-04-24,1000000.00,4.72621,92.421875
08:00:18,912810TX6,TSRYS5743665,D,S,T,2024-04-24,1000000.00,4.72621,92.421875
08:00:18,912810TX6,TSRYS5743665,D,S,T,2024-04-24,1000000.00,4.72621,92.421875
08:00:18,912810TX6,TSRYS5743665,D,S,T,2024-04-24,1000000.00,4.72621,92.421875
08:00:18,912810TX6,TSRYS5743665,D,S,T,2024-04-24,1000000.00,4.72621,92.421875
08:00:20,912810TX6,TSRYS5743665,D,S,D,2024-04-24,1000000.00,4.735056,92.2890625
08:00:21,912810TX6,TSRYS5743665,D,B,C,2024-04-24,29000000.00,4.739747,92.21875
08:00:22,912810TX6,TSRYS5743665,D,S,D,2024-04-24,1000000.00,4.739226,92.2265625
08:00:22,912810TX6,TSRYS5743665,D,S,D,2024-04-24,1000000.00,4.739486,92.22265625
08:00:22,912810TX6,TSRYS5743665,D,S,D,2024-04-24,1000000.00,4.739486,92.22265625
08:00:22,912810TX6,TSRYS5743665,D,S,D,2024-04-24,1000000.00,4.739486,92.22265625
08:00:22,912810TX6,TSRYS5743665,D,S,D,2024-04-24,1000000.00,4.739747,92.21875
08:00:22,912810TX6,TSRYS5743665,D,S,D,2024-04-24,1000000.00,4.739486,92.22265625
08:00:22,912810TX6,TSRYS5743665,D,S,D,2024-04-24,1000000.00,4.740269,92.2109375
08:00:22,912810TX6,TSRYS5743665,D,S,D,2024-04-24,2000000.00,4.740008,92.21484375
08:00:24,912810TX6,TSRYS5743665,D,B,A,2024-04-24,500000.00,4.735056,92.2890625
08:00:24,912810TX6,TSRYS5743665,D,S,D,2024-04-24,1000000.00,4.741833,92.1875
08:00:24,912810TX6,TSRYS5743665,D,S,D,2024-04-24,1000000.00,4.741833,92.1875
08:00:24,912810TX6,TSRYS5743665,D,S,D,2024-04-24,1000000.00,4.742094,92.18359375
08:00:24,912810TX6,TSRYS5743665,D,S,D,2024-04-24,1000000.00,4.741312,92.1953125
08:00:25,912810TX6,TSRYS5743665,D,S,D,2024-04-24,1000000.00,4.738444,92.23828125
08:00:27,912810TX6,TSRYS5743665,D,S,D,2024-04-24,2000000.00,4.735317,92.28515625
08:00:27,912810TX6,TSRYS5743665,D,S,D,2024-04-24,1000000.00,4.736098,92.2734375
08:00:27,912810TX6,TSRYS5743665,D,S,D,2024-04-24,1000000.00,4.734796,92.29296875
08:00:27,912810TX6,TSRYS5743665,D,S,D,2024-04-24,1000000.00,4.734796,92.29296875
08:00:28,912810TX6,TSRYS5743665,D,B,C,2024-04-24,5000000.00,4.746532,92.1171875
08:00:29,912810TX6,TSRYS5743665,D,S,A,2024-04-24,1000000.00,4.744182,92.15234375
08:00:29,912810TX6,TSRYS5743665,D,S,A,2024-04-24,1000000.00,4.741833,92.1875
08:00:30,912810TX6,TSRYS5743665,D,S,D,2024-04-24,1000000.00,4.72673,92.4140625
08:00:30,912810TX6,TSRYS5743665,D,S,D,2024-04-24,1000000.00,4.724131,92.453125
08:00:30,912810TX6,TSRYS5743665,D,S,D,2024-04-24,1000000.00,4.738444,92.23828125
08:00:33,912810TX6,TSRYS5743665,D,S,D,2024-04-24,1000000.00,4.744704,92.14453125
08:00:33,912810TX6,TSRYS5743665,D,S,D,2024-04-24,1000000.00,4.739486,92.22265625
08:00:33,912810TX6,TSRYS5743665,D,S,D,2024-04-24,1000000.00,4.742877,92.171875
08:00:33,912810TX6,TSRYS5743665,D,S,D,2024-04-24,1000000.00,4.740529,92.20703125
08:00:33,912810TX6,TSRYS5743665,D,S,D,2024-04-24,1000000.00,4.741833,92.1875
08:00:33,912810TX6,TSRYS5743665,D,S,D,2024-04-24,1000000.00,4.742877,92.171875
08:00:33,912810TX6,TSRYS5743665,D,S,D,2024-04-24,1000000.00,4.742877,92.171875
08:00:33,912810TX6,TSRYS5743665,D,S,D,2024-04-24,1000000.00,4.743921,92.15625
08:00:33,912810TX6,TSRYS5743665,D,S,D,2024-04-24,1000000.00,4.743921,92.15625
08:00:33,912810TX6,TSRYS5743665,D,S,D,2024-04-24,1000000.00,4.754112,92.00390625
08:00:33,912810TX6,TSRYS5743665,D,S,D,2024-04-24,1000000.00,4.761705,91.890625
08:00:33,912810TX6,TSRYS5743665,D,S,D,2024-04-24,1000000.00,4.759085,91.9296875
08:00:33,912810TX6,TSRYS5743665,D,S,D,2024-04-24,1000000.00,4.760657,91.90625
08:00:33,912810TX6,TSRYS5743665,D,S,D,2024-04-24,1000000.00,4.758561,91.9375
08:00:33,912810TX6,TSRYS5743665,D,S,D,2024-04-24,1000000.00,4.758299,91.94140625
08:00:33,912810TX6,TSRYS5743665,D,S,D,2024-04-24,1000000.00,4.758037,91.9453125
08:00:33,912810TX6,TSRYS5743665,D,S,D,2024-04-24,1000000.00,4.762753,91.875
08:00:33,912810TX6,TSRYS5743665,D,S,D,2024-04-24,1000000.00,4.763016,91.87109375
08:00:33,912810TX6,TSRYS5743665,D,S,D,2024-04-24,1000000.00,4.724131,92.453125
08:00:33,912810TX6,TSRYS5743665,D,S,D,2024-04-24,1000000.00,4.724911,92.44140625
08:00:33,912810TX6,TSRYS5743665,D,S,D,2024-04-24,1000000.00,4.72673,92.4140625
08:00:33,912810TX6,TSRYS5743665,D,S,D,2024-04-24,1000000.00,4.734275,92.30078125
08:00:33,912810TX6,TSRYS5743665,D,S,D,2024-04-24,1000000.00,4.734275,92.30078125
08:00:33,912810TX6,TSRYS5743665,D,S,D,2024-04-24,1000000.00,4.744051,92.154296875
08:00:33,912810TX6,TSRYS5743665,D,S,D,2024-04-24,1000000.00,4.743921,92.15625
08:00:33,912810TX6,TSRYS5743665,D,S,D,2024-04-24,1000000.00,4.743921,92.15625
08:00:33,912810TX6,TSRYS5743665,D,S,D,2024-04-24,1000000.00,4.744312,92.150390625
08:00:33,912810TX6,TSRYS5743665,D,S,D,2024-04-24,1000000.00,4.749274,92.076171875
08:00:33,912810TX6,TSRYS5743665,D,S,D,2024-04-24,1000000.00,4.751235,92.046875
08:00:33,912810TX6,TSRYS5743665,D,S,D,2024-04-24,1000000.00,4.751104,92.048828125
08:00:33,912810TX6,TSRYS5743665,D,S,D,2024-04-24,1000000.00,4.751496,92.04296875
08:00:33,912810TX6,TSRYS5743665,D,S,D,2024-04-24,1000000.00,4.755681,91.98046875
08:00:33,912810TX6,TSRYS5743665,D,S,D,2024-04-24,1000000.00,4.755551,91.982421875
08:00:33,912810TX6,TSRYS5743665,D,S,D,2024-04-24,1000000.00,4.755551,91.982421875
08:00:33,912810TX6,TSRYS5743665,D,S,D,2024-04-24,1000000.00,4.755551,91.982421875
08:00:33,912810TX6,TSRYS5743665,D,S,D,2024-04-24,1000000.00,4.754112,92.00390625
08:00:33,912810TX6,TSRYS5743665,D,S,D,2024-04-24,1000000.00,4.756074,91.974609375
08:00:33,912810TX6,TSRYS5743665,D,S,D,2024-04-24,1000000.00,4.757514,91.953125
08:00:33,912810TX6,TSRYS5743665,D,S,D,2024-04-24,1000000.00,4.756728,91.96484375
08:00:33,912810TX6,TSRYS5743665,D,S,D,2024-04-24,1000000.00,4.755812,91.978515625
08:00:33,912810TX6,TSRYS5743665,D,S,D,2024-04-24,1000000.00,4.759216,91.927734375
08:00:33,912810TX6,TSRYS5743665,D,S,D,2024-04-24,1000000.00,4.760002,91.916015625
08:00:33,912810TX6,TSRYS5743665,D,S,T,2024-04-24,1000000.00,4.724131,92.453125
08:00:33,912810TX6,TSRYS5743665,D,S,T,2024-04-24,1000000.00,4.72673,92.4140625
08:00:33,912810TX6,TSRYS5743665,D,S,T,2024-04-24,1000000.00,4.735187,92.287109375
08:00:33,912810TX6,TSRYS5743665,D,S,T,2024-04-24,1000000.00,4.735056,92.2890625
08:00:33,912810TX6,TSRYS5743665,D,S,T,2024-04-24,1000000.00,4.735056,92.2890625
08:00:33,912810TX6,TSRYS5743665,D,S,T,2024-04-24,1000000.00,4.738313,92.240234375
08:00:33,912810TX6,TSRYS5743665,D,S,T,2024-04-24,1000000.00,4.738183,92.2421875
08:00:33,912810TX6,TSRYS5743665,D,S,T,2024-04-24,1000000.00,4.738704,92.234375
08:00:33,912810TX6,TSRYS5743665,D,S,T,2024-04-24,4000000.00,4.740138,92.212890625
08:00:33,912810TX6,TSRYS5743665,D,S,T,2024-04-24,1000000.00,4.738183,92.2421875
08:00:33,912810TX6,TSRYS5743665,D,S,T,2024-04-24,1000000.00,4.738053,92.244140625
08:00:33,912810TX6,TSRYS5743665,D,S,T,2024-04-24,1000000.00,4.735056,92.2890625
08:00:33,912810TX6,TSRYS5743665,D,S,T,2024-04-24,1000000.00,4.735317,92.28515625
08:00:33,912810TX6,TSRYS5743665,D,S,T,2024-04-24,1000000.00,4.735708,92.279296875
08:00:33,912810TX6,TSRYS5743665,D,S,T,2024-04-24,1000000.00,4.743529,92.162109375
08:00:33,912810TX6,TSRYS5743665,D,S,T,2024-04-24,1000000.00,4.745095,92.138671875
08:00:33,912810TX6,TSRYS5743665,D,S,T,2024-04-24,1000000.00,4.745226,92.13671875
08:00:33,912810TX6,TSRYS5743665,D,S,T,2024-04-24,1000000.00,4.745095,92.138671875
08:00:33,912810TX6,TSRYS5743665,D,S,T,2024-04-24,1000000.00,4.74092,92.201171875
08:00:33,912810TX6,TSRYS5743665,D,S,T,2024-04-24,1000000.00,4.740529,92.20703125
08:00:33,912810TX6,TSRYS5743665,D,S,T,2024-04-24,1000000.00,4.741181,92.197265625
08:00:33,912810TX6,TSRYS5743665,D,S,T,2024-04-24,1000000.00,4.743921,92.15625
08:00:33,912810TX6,TSRYS5743665,D,S,T,2024-04-24,1000000.00,4.743921,92.15625
08:00:33,912810TX6,TSRYS5743665,D,S,T,2024-04-24,1000000.00,4.743921,92.15625
08:00:33,912810TX6,TSRYS5743665,D,S,T,2024-04-24,1000000.00,4.744312,92.150390625
08:00:33,912810TX6,TSRYS5743665,D,S,T,2024-04-24,1000000.00,4.749274,92.076171875
08:00:33,912810TX6,TSRYS5743665,D,S,T,2024-04-24,1000000.00,4.751235,92.046875
08:00:33,912810TX6,TSRYS5743665,D,S,T,2024-04-24,1000000.00,4.754373,92.0
08:00:33,912810TX6,TSRYS5743665,D,S,T,2024-04-24,1000000.00,4.756205,91.97265625
08:00:33,912810TX6,TSRYS5743665,D,S,T,2024-04-24,1000000.00,4.756205,91.97265625
08:00:33,912810TX6,TSRYS5743665,D,S,T,2024-04-24,1000000.00,4.757645,91.951171875
08:00:33,912810TX6,TSRYS5743665,D,S,T,2024-04-24,1000000.00,4.758823,91.93359375
08:00:33,912810TX6,TSRYS5743665,D,S,T,2024-04-24,1000000.00,4.755681,91.98046875
08:00:33,912810TX6,TSRYS5743665,D,S,T,2024-04-24,1000000.00,4.755551,91.982421875
08:00:33,912810TX6,TSRYS5743665,D,S,T,2024-04-24,1000000.00,4.75542,91.984375
08:00:33,912810TX6,TSRYS5743665,D,S,T,2024-04-24,1000000.00,4.756859,91.962890625
08:00:33,912810TX6,TSRYS5743665,D,S,T,2024-04-24,1000000.00,4.756728,91.96484375
08:00:33,912810TX6,TSRYS5743665,D,S,T,2024-04-24,1000000.00,4.757645,91.951171875
08:00:33,912810TX6,TSRYS5743665,D,S,T,2024-04-24,1000000.00,4.757514,91.953125
08:00:33,912810TX6,TSRYS5743665,D,S,T,2024-04-24,1000000.00,4.757514,91.953125
08:00:33,912810TX6,TSRYS5743665,D,S,T,2024-04-24,1000000.00,4.761705,91.890625
08:00:33,912810TX6,TSRYS5743665,D,S,T,2024-04-24,1000000.00,4.761705,91.890625
08:00:33,912810TX6,TSRYS5743665,D,S,T,2024-04-24,1000000.00,4.761705,91.890625
08:00:33,912810TX6,TSRYS5743665,D,S,T,2024-04-24,1000000.00,4.758823,91.93359375
08:00:33,912810TX6,TSRYS5743665,D,S,T,2024-04-24,1000000.00,4.759085,91.9296875
08:00:33,912810TX6,TSRYS5743665,D,S,T,2024-04-24,1000000.00,4.759085,91.9296875
08:00:33,912810TX6,TSRYS5743665,D,S,T,2024-04-24,1000000.00,4.759609,91.921875
08:00:33,912810TX6,TSRYS5743665,D,S,T,2024-04-24,1000000.00,4.759609,91.921875
08:00:33,912810TX6,TSRYS5743665,D,S,T,2024-04-24,1000000.00,4.759871,91.91796875
08:00:33,912810TX6,TSRYS5743665,D,S,T,2024-04-24,1000000.00,4.758299,91.94140625
08:00:33,912810TX6,TSRYS5743665,D,S,T,2024-04-24,1000000.00,4.758168,91.943359375
08:00:33,912810TX6,TSRYS5743665,D,S,T,2024-04-24,1000000.00,4.758037,91.9453125
08:00:33,912810TX6,TSRYS5743665,D,S,T,2024-04-24,1000000.00,4.762753,91.875
08:00:33,912810TX6,TSRYS5743665,D,S,T,2024-04-24,1000000.00,4.762753,91.875
08:00:33,912810TX6,TSRYS5743665,D,S,T,2024-04-24,1000000.00,4.725171,92.4375
08:00:33,912810TX6,TSRYS5743665,D,S,T,2024-04-24,1000000.00,4.725171,92.4375
08:00:33,912810TX6,TSRYS5743665,D,S,T,2024-04-24,1000000.00,4.725301,92.435546875
08:00:33,912810TX6,TSRYS5743665,D,S,T,2024-04-24,1000000.00,4.725171,92.4375
08:00:33,912810TX6,TSRYS5743665,D,S,T,2024-04-24,1000000.00,4.724131,92.453125
08:00:33,912810TX6,TSRYS5743665,D,S,T,2024-04-24,1000000.00,4.72621,92.421875
08:00:33,912810TX6,TSRYS5743665,D,S,T,2024-04-24,1000000.00,4.72751,92.40234375
08:00:33,912810TX6,TSRYS5743665,D,S,T,2024-04-24,1000000.00,4.729851,92.3671875
08:00:33,912810TX6,TSRYS5743665,D,S,T,2024-04-24,1000000.00,4.72907,92.37890625
08:00:33,912810TX6,TSRYS5743665,D,S,T,2024-04-24,1000000.00,4.72621,92.421875
08:00:33,912810TX6,TSRYS5743665,D,S,T,2024-04-24,1000000.00,4.72621,92.421875
08:00:33,912810TX6,TSRYS5743665,D,S,T,2024-04-24,1000000.00,4.72621,92.421875
08:00:33,912810TX6,TSRYS5743665,D,S,T,2024-04-24,1000000.00,4.732453,92.328125
08:00:33,912810TX6,TSRYS5743665,D,S,T,2024-04-24,1000000.00,4.734536,92.296875
08:00:33,912810TX6,TSRYS5743665,D,S,T,2024-04-24,1000000.00,4.735577,92.28125
08:00:33,912810TX6,TSRYS5743665,D,S,T,2024-04-24,1000000.00,4.735056,92.2890625
08:00:33,912810TX6,TSRYS5743665,D,S,T,2024-04-24,1000000.00,4.735056,92.2890625
08:00:33,912810TX6,TSRYS5743665,D,S,T,2024-04-24,1000000.00,4.733494,92.3125
08:00:33,912810TX6,TSRYS5743665,D,S,T,2024-04-24,1000000.00,4.734536,92.296875
08:00:33,912810TX6,TSRYS5743665,D,S,T,2024-04-24,1000000.00,4.738704,92.234375
08:00:33,912810TX6,TSRYS5743665,D,S,T,2024-04-24,1000000.00,4.738704,92.234375
08:00:33,912810TX6,TSRYS5743665,D,S,T,2024-04-24,1000000.00,4.738704,92.234375
08:00:33,912810TX6,TSRYS5743665,D,S,T,2024-04-24,4000000.00,4.739226,92.2265625
08:00:33,912810TX6,TSRYS5743665,D,S,T,2024-04-24,1000000.00,4.739747,92.21875
08:00:33,912810TX6,TSRYS5743665,D,S,T,2024-04-24,1000000.00,4.739747,92.21875
08:00:33,912810TX6,TSRYS5743665,D,S,T,2024-04-24,1000000.00,4.735317,92.28515625
08:00:33,912810TX6,TSRYS5743665,D,S,T,2024-04-24,1000000.00,4.735317,92.28515625
08:00:33,912810TX6,TSRYS5743665,D,S,T,2024-04-24,1000000.00,4.735056,92.2890625
08:00:33,912810TX6,TSRYS5743665,D,S,T,2024-04-24,1000000.00,4.735577,92.28125
08:00:33,912810TX6,TSRYS5743665,D,S,T,2024-04-24,1000000.00,4.734536,92.296875
08:00:33,912810TX6,TSRYS5743665,D,S,T,2024-04-24,1000000.00,4.734536,92.296875
08:00:33,912810TX6,TSRYS5743665,D,S,T,2024-04-24,1000000.00,4.734536,92.296875
08:00:33,912810TX6,TSRYS5743665,D,S,T,2024-04-24,1000000.00,4.735577,92.28125
08:00:33,912810TX6,TSRYS5743665,D,S,T,2024-04-24,1000000.00,4.735577,92.28125
08:00:33,912810TX6,TSRYS5743665,D,S,T,2024-04-24,1000000.00,4.735577,92.28125
08:00:33,912810TX6,TSRYS5743665,D,S,T,2024-04-24,1000000.00,4.735317,92.28515625
08:00:33,912810TX6,TSRYS5743665,D,S,T,2024-04-24,1000000.00,4.735317,92.28515625
08:00:33,912810TX6,TSRYS5743665,D,S,T,2024-04-24,1000000.00,4.735577,92.28125
08:00:33,912810TX6,TSRYS5743665,D,S,T,2024-04-24,1000000.00,4.737922,92.24609375
08:00:33,912810TX6,TSRYS5743665,D,S,T,2024-04-24,1000000.00,4.736619,92.265625
08:00:33,912810TX6,TSRYS5743665,D,S,T,2024-04-24,1000000.00,4.734536,92.296875
08:00:33,912810TX6,TSRYS5743665,D,S,T,2024-04-24,1000000.00,4.739747,92.21875
08:00:33,912810TX6,TSRYS5743665,D,S,T,2024-04-24,1000000.00,4.739226,92.2265625
08:00:33,912810TX6,TSRYS5743665,D,S,T,2024-04-24,1000000.00,4.744182,92.15234375
08:00:33,912810TX6,TSRYS5743665,D,S,T,2024-04-24,1000000.00,4.744573,92.146484375
08:00:33,912810TX6,TSRYS5743665,D,S,T,2024-04-24,1000000.00,4.744443,92.1484375
08:00:33,912810TX6,TSRYS5743665,D,S,T,2024-04-24,2000000.00,4.743921,92.15625
08:00:33,912810TX6,TSRYS5743665,D,S,T,2024-04-24,1000000.00,4.743921,92.15625
08:00:33,912810TX6,TSRYS5743665,D,S,T,2024-04-24,1000000.00,4.746662,92.115234375
08:00:33,912810TX6,TSRYS5743665,D,S,T,2024-04-24,1000000.00,4.746532,92.1171875
08:00:33,912810TX6,TSRYS5743665,D,S,T,2024-04-24,1000000.00,4.746009,92.125
08:00:33,912810TX6,TSRYS5743665,D,S,T,2024-04-24,1000000.00,4.746009,92.125
08:00:33,912810TX6,TSRYS5743665,D,S,T,2024-04-24,1000000.00,4.746009,92.125
08:00:33,912810TX6,TSRYS5743665,D,S,T,2024-04-24,1000000.00,4.743921,92.15625
08:00:33,912810TX6,TSRYS5743665,D,S,T,2024-04-24,1000000.00,4.744051,92.154296875
08:00:33,912810TX6,TSRYS5743665,D,S,T,2024-04-24,1000000.00,4.743921,92.15625
08:00:33,912810TX6,TSRYS5743665,D,S,T,2024-04-24,1000000.00,4.744965,92.140625
08:00:33,912810TX6,TSRYS5743665,D,S,T,2024-04-24,1000000.00,4.744965,92.140625
08:00:33,912810TX6,TSRYS5743665,D,S,T,2024-04-24,1000000.00,4.744965,92.140625
08:00:33,912810TX6,TSRYS5743665,D,S,T,2024-04-24,1000000.00,4.738704,92.234375
08:00:33,912810TX6,TSRYS5743665,D,S,T,2024-04-24,1000000.00,4.738704,92.234375
08:00:33,912810TX6,TSRYS5743665,D,S,T,2024-04-24,1000000.00,4.738704,92.234375
08:00:33,912810TX6,TSRYS5743665,D,S,T,2024-04-24,1000000.00,4.738704,92.234375
08:00:33,912810TX6,TSRYS5743665,D,S,T,2024-04-24,1000000.00,4.739747,92.21875
08:00:33,912810TX6,TSRYS5743665,D,S,T,2024-04-24,1000000.00,4.74079,92.203125
08:00:33,912810TX6,TSRYS5743665,D,S,T,2024-04-24,1000000.00,4.74079,92.203125
08:00:33,912810TX6,TSRYS5743665,D,S,T,2024-04-24,1000000.00,4.74079,92.203125
08:00:33,912810TX6,TSRYS5743665,D,S,T,2024-04-24,1000000.00,4.739747,92.21875
08:00:33,912810TX6,TSRYS5743665,D,S,T,2024-04-24,1000000.00,4.739747,92.21875
08:00:33,912810TX6,TSRYS5743665,D,S,T,2024-04-24,1000000.00,4.739747,92.21875
08:00:33,912810TX6,TSRYS5743665,D,S,T,2024-04-24,1000000.00,4.743921,92.15625
08:00:33,912810TX6,TSRYS5743665,D,S,T,2024-04-24,1000000.00,4.744965,92.140625
08:00:33,912810TX6,TSRYS5743665,D,S,T,2024-04-24,1000000.00,4.743921,92.15625
08:00:33,912810TX6,TSRYS5743665,D,S,T,2024-04-24,1000000.00,4.743921,92.15625
08:00:33,912810TX6,TSRYS5743665,D,S,T,2024-04-24,1000000.00,4.741181,92.197265625
08:00:33,912810TX6,TSRYS5743665,D,S,T,2024-04-24,1000000.00,4.741181,92.197265625
08:00:33,912810TX6,TSRYS5743665,D,S,T,2024-04-24,1000000.00,4.741181,92.197265625
08:00:33,912810TX6,TSRYS5743665,D,S,T,2024-04-24,1000000.00,4.74092,92.201171875
08:00:33,912810TX6,TSRYS5743665,D,S,T,2024-04-24,1000000.00,4.74066,92.205078125
08:00:33,912810TX6,TSRYS5743665,D,S,T,2024-04-24,1000000.00,4.738444,92.23828125
08:00:33,912810TX6,TSRYS5743665,D,S,T,2024-04-24,1000000.00,4.74079,92.203125
08:00:33,912810TX6,TSRYS5743665,D,S,T,2024-04-24,1000000.00,4.741833,92.1875
08:00:33,912810TX6,TSRYS5743665,D,S,T,2024-04-24,1000000.00,4.741833,92.1875
08:00:33,912810TX6,TSRYS5743665,D,S,T,2024-04-24,2000000.00,4.744965,92.140625
08:00:33,912810TX6,TSRYS5743665,D,S,T,2024-04-24,1000000.00,4.744965,92.140625
08:00:33,912810TX6,TSRYS5743665,D,S,T,2024-04-24,1000000.00,4.743921,92.15625
08:00:33,912810TX6,TSRYS5743665,D,S,T,2024-04-24,1000000.00,4.743007,92.169921875
08:00:33,912810TX6,TSRYS5743665,D,S,T,2024-04-24,1000000.00,4.743007,92.169921875
08:00:33,912810TX6,TSRYS5743665,D,S,T,2024-04-24,1000000.00,4.743007,92.169921875
08:00:33,912810TX6,TSRYS5743665,D,S,T,2024-04-24,1000000.00,4.743007,92.169921875
08:00:33,912810TX6,TSRYS5743665,D,S,T,2024-04-24,1000000.00,4.744965,92.140625
08:00:33,912810TX6,TSRYS5743665,D,S,T,2024-04-24,1000000.00,4.743921,92.15625
08:00:33,912810TX6,TSRYS5743665,D,S,T,2024-04-24,1000000.00,4.743921,92.15625
08:00:33,912810TX6,TSRYS5743665,D,S,T,2024-04-24,1000000.00,4.746009,92.125
08:00:33,912810TX6,TSRYS5743665,D,S,T,2024-04-24,1000000.00,4.747315,92.10546875
08:00:33,912810TX6,TSRYS5743665,D,S,T,2024-04-24,1000000.00,4.747315,92.10546875
08:00:33,912810TX6,TSRYS5743665,D,S,T,2024-04-24,1000000.00,4.743921,92.15625
08:00:33,912810TX6,TSRYS5743665,D,S,T,2024-04-24,1000000.00,4.743921,92.15625
08:00:33,912810TX6,TSRYS5743665,D,S,T,2024-04-24,1000000.00,4.743007,92.169921875
08:00:33,912810TX6,TSRYS5743665,D,S,T,2024-04-24,1000000.00,4.743138,92.16796875
08:00:33,912810TX6,TSRYS5743665,D,S,T,2024-04-24,1000000.00,4.743138,92.16796875
08:00:33,912810TX6,TSRYS5743665,D,S,T,2024-04-24,1000000.00,4.743138,92.16796875
08:00:33,912810TX6,TSRYS5743665,D,S,T,2024-04-24,1000000.00,4.741833,92.1875
08:00:33,912810TX6,TSRYS5743665,D,S,T,2024-04-24,1000000.00,4.742877,92.171875
08:00:33,912810TX6,TSRYS5743665,D,S,T,2024-04-24,1000000.00,4.742877,92.171875
08:00:33,912810TX6,TSRYS5743665,D,S,T,2024-04-24,1000000.00,4.746009,92.125
08:00:33,912810TX6,TSRYS5743665,D,S,T,2024-04-24,1000000.00,4.746009,92.125
08:00:33,912810TX6,TSRYS5743665,D,S,T,2024-04-24,1000000.00,4.746009,92.125
08:00:33,912810TX6,TSRYS5743665,D,S,T,2024-04-24,1000000.00,4.746009,92.125
08:00:33,912810TX6,TSRYS5743665,D,S,T,2024-04-24,1000000.00,4.745487,92.1328125
08:00:33,912810TX6,TSRYS5743665,D,S,T,2024-04-24,1000000.00,4.745226,92.13671875
08:00:33,912810TX6,TSRYS5743665,D,S,T,2024-04-24,1000000.00,4.745226,92.13671875
08:00:33,912810TX6,TSRYS5743665,D,S,T,2024-04-24,1000000.00,4.746009,92.125
08:00:33,912810TX6,TSRYS5743665,D,S,T,2024-04-24,1000000.00,4.746009,92.125
08:00:33,912810TX6,TSRYS5743665,D,S,T,2024-04-24,1000000.00,4.746009,92.125
08:00:33,912810TX6,TSRYS5743665,D,S,T,2024-04-24,1000000.00,4.746009,92.125
08:00:33,912810TX6,TSRYS5743665,D,S,T,2024-04-24,1000000.00,4.744051,92.154296875
08:00:33,912810TX6,TSRYS5743665,D,S,T,2024-04-24,1000000.00,4.743921,92.15625
08:00:33,912810TX6,TSRYS5743665,D,S,T,2024-04-24,1000000.00,4.743921,92.15625
08:00:33,912810TX6,TSRYS5743665,D,S,T,2024-04-24,1000000.00,4.743921,92.15625
08:00:33,912810TX6,TSRYS5743665,D,S,T,2024-04-24,1000000.00,4.744965,92.140625
08:00:33,912810TX6,TSRYS5743665,D,S,T,2024-04-24,1000000.00,4.746009,92.125
08:00:33,912810TX6,TSRYS5743665,D,S,T,2024-04-24,1000000.00,4.746009,92.125
08:00:33,912810TX6,TSRYS5743665,D,S,T,2024-04-24,1000000.00,4.744965,92.140625
08:00:33,912810TX6,TSRYS5743665,D,S,T,2024-04-24,1000000.00,4.752542,92.02734375
08:00:33,912810TX6,TSRYS5743665,D,S,T,2024-04-24,1000000.00,4.752542,92.02734375
08:00:33,912810TX6,TSRYS5743665,D,S,T,2024-04-24,1000000.00,4.749536,92.072265625
08:00:33,912810TX6,TSRYS5743665,D,S,T,2024-04-24,1000000.00,4.749405,92.07421875
08:00:33,912810TX6,TSRYS5743665,D,S,T,2024-04-24,1000000.00,4.749405,92.07421875
08:00:33,912810TX6,TSRYS5743665,D,S,T,2024-04-24,1000000.00,4.750189,92.0625
08:00:33,912810TX6,TSRYS5743665,D,S,T,2024-04-24,1000000.00,4.751235,92.046875
08:00:33,912810TX6,TSRYS5743665,D,S,T,2024-04-24,1000000.00,4.752281,92.03125
08:00:33,912810TX6,TSRYS5743665,D,S,T,2024-04-24,1000000.00,4.752281,92.03125
08:00:33,912810TX6,TSRYS5743665,D,S,T,2024-04-24,3000000.00,4.753327,92.015625
08:00:33,912810TX6,TSRYS5743665,D,S,T,2024-04-24,1000000.00,4.754373,92.0
08:00:33,912810TX6,TSRYS5743665,D,S,T,2024-04-24,1000000.00,4.754373,92.0
08:00:33,912810TX6,TSRYS5743665,D,S,T,2024-04-24,1000000.00,4.754373,92.0
08:00:33,912810TX6,TSRYS5743665,D,S,T,2024-04-24,1000000.00,4.756467,91.96875
08:00:33,912810TX6,TSRYS5743665,D,S,T,2024-04-24,1000000.00,4.754373,92.0
08:00:33,912810TX6,TSRYS5743665,D,S,T,2024-04-24,1000000.00,4.75542,91.984375
08:00:33,912810TX6,TSRYS5743665,D,S,T,2024-04-24,1000000.00,4.754373,92.0
08:00:33,912810TX6,TSRYS5743665,D,S,T,2024-04-24,1000000.00,4.754373,92.0
08:00:33,912810TX6,TSRYS5743665,D,S,T,2024-04-24,1000000.00,4.754373,92.0
08:00:33,912810TX6,TSRYS5743665,D,S,T,2024-04-24,1000000.00,4.754373,92.0
08:00:33,912810TX6,TSRYS5743665,D,S,T,2024-04-24,1000000.00,4.754373,92.0
08:00:33,912810TX6,TSRYS5743665,D,S,T,2024-04-24,1000000.00,4.755812,91.978515625
08:00:33,912810TX6,TSRYS5743665,D,S,T,2024-04-24,1000000.00,4.754373,92.0
08:00:33,912810TX6,TSRYS5743665,D,S,T,2024-04-24,1000000.00,4.755551,91.982421875
08:00:33,912810TX6,TSRYS5743665,D,S,T,2024-04-24,1000000.00,4.756467,91.96875
08:00:33,912810TX6,TSRYS5743665,D,S,T,2024-04-24,1000000.00,4.756467,91.96875
08:00:33,912810TX6,TSRYS5743665,D,S,T,2024-04-24,1000000.00,4.756467,91.96875
08:00:33,912810TX6,TSRYS5743665,D,S,T,2024-04-24,1000000.00,4.754896,91.9921875
08:00:33,912810TX6,TSRYS5743665,D,S,T,2024-04-24,1000000.00,4.756467,91.96875
08:00:33,912810TX6,TSRYS5743665,D,S,T,2024-04-24,1000000.00,4.756467,91.96875
08:00:33,912810TX6,TSRYS5743665,D,S,T,2024-04-24,1000000.00,4.75542,91.984375
08:00:33,912810TX6,TSRYS5743665,D,S,T,2024-04-24,1000000.00,4.756728,91.96484375
08:00:33,912810TX6,TSRYS5743665,D,S,T,2024-04-24,1000000.00,4.756598,91.966796875
08:00:33,912810TX6,TSRYS5743665,D,S,T,2024-04-24,1000000.00,4.756467,91.96875
08:00:33,912810TX6,TSRYS5743665,D,S,T,2024-04-24,1000000.00,4.757514,91.953125
08:00:33,912810TX6,TSRYS5743665,D,S,T,2024-04-24,1000000.00,4.757514,91.953125
08:00:33,912810TX6,TSRYS5743665,D,S,T,2024-04-24,1000000.00,4.757514,91.953125
08:00:33,912810TX6,TSRYS5743665,D,S,T,2024-04-24,1000000.00,4.757645,91.951171875
08:00:33,912810TX6,TSRYS5743665,D,S,T,2024-04-24,1000000.00,4.757514,91.953125
08:00:33,912810TX6,TSRYS5743665,D,S,T,2024-04-24,1000000.00,4.757514,91.953125
08:00:33,912810TX6,TSRYS5743665,D,S,T,2024-04-24,1000000.00,4.75974,91.919921875
08:00:33,912810TX6,TSRYS5743665,D,S,T,2024-04-24,1000000.00,4.760919,91.90234375
08:00:33,912810TX6,TSRYS5743665,D,S,T,2024-04-24,1000000.00,4.763802,91.859375
08:00:33,912810TX6,TSRYS5743665,D,S,T,2024-04-24,1000000.00,4.763802,91.859375
08:00:33,912810TX6,TSRYS5743665,D,S,T,2024-04-24,1000000.00,4.763802,91.859375
08:00:33,912810TX6,TSRYS5743665,D,S,T,2024-04-24,1000000.00,4.763802,91.859375
08:00:33,912810TX6,TSRYS5743665,D,S,T,2024-04-24,1000000.00,4.762753,91.875
08:00:33,912810TX6,TSRYS5743665,D,S,T,2024-04-24,1000000.00,4.764851,91.84375
08:00:33,912810TX6,TSRYS5743665,D,S,T,2024-04-24,1000000.00,4.764851,91.84375
08:00:33,912810TX6,TSRYS5743665,D,S,T,2024-04-24,1000000.00,4.764851,91.84375
08:00:33,912810TX6,TSRYS5743665,D,S,T,2024-04-24,1000000.00,4.764851,91.84375
08:00:33,912810TX6,TSRYS5743665,D,S,T,2024-04-24,1000000.00,4.762753,91.875
08:00:33,912810TX6,TSRYS5743665,D,S,T,2024-04-24,1000000.00,4.761836,91.888671875
08:00:33,912810TX6,TSRYS5743665,D,S,T,2024-04-24,1000000.00,4.761836,91.888671875
08:00:33,912810TX6,TSRYS5743665,D,S,T,2024-04-24,1000000.00,4.761836,91.888671875
08:00:33,912810TX6,TSRYS5743665,D,S,T,2024-04-24,1000000.00,4.760526,91.908203125
08:00:33,912810TX6,TSRYS5743665,D,S,T,2024-04-24,1000000.00,4.760526,91.908203125
08:00:33,912810TX6,TSRYS5743665,D,S,T,2024-04-24,1000000.00,4.761705,91.890625
08:00:33,912810TX6,TSRYS5743665,D,S,T,2024-04-24,1000000.00,4.759871,91.91796875
08:00:33,912810TX6,TSRYS5743665,D,S,T,2024-04-24,1000000.00,4.75974,91.919921875
08:00:33,912810TX6,TSRYS5743665,D,S,T,2024-04-24,1000000.00,4.759609,91.921875
08:00:33,912810TX6,TSRYS5743665,D,S,T,2024-04-24,1000000.00,4.75974,91.919921875
08:00:33,912810TX6,TSRYS5743665,D,S,T,2024-04-24,1000000.00,4.760395,91.91015625
08:00:33,912810TX6,TSRYS5743665,D,S,T,2024-04-24,1000000.00,4.760133,91.9140625
08:00:33,912810TX6,TSRYS5743665,D,S,T,2024-04-24,1000000.00,4.758954,91.931640625
08:00:33,912810TX6,TSRYS5743665,D,S,T,2024-04-24,1000000.00,4.758954,91.931640625
08:00:33,912810TX6,TSRYS5743665,D,S,T,2024-04-24,1000000.00,4.75974,91.919921875
08:00:33,912810TX6,TSRYS5743665,D,S,T,2024-04-24,1000000.00,4.760657,91.90625
08:00:33,912810TX6,TSRYS5743665,D,S,T,2024-04-24,1000000.00,4.756467,91.96875
08:00:33,912810TX6,TSRYS5743665,D,S,T,2024-04-24,1000000.00,4.756467,91.96875
08:00:33,912810TX6,TSRYS5743665,D,S,T,2024-04-24,1000000.00,4.758561,91.9375
08:00:33,912810TX6,TSRYS5743665,D,S,T,2024-04-24,1000000.00,4.759609,91.921875
08:00:33,912810TX6,TSRYS5743665,D,S,T,2024-04-24,1000000.00,4.759609,91.921875
08:00:33,912810TX6,TSRYS5743665,D,S,T,2024-04-24,1000000.00,4.759609,91.921875
08:00:33,912810TX6,TSRYS5743665,D,S,T,2024-04-24,1000000.00,4.759609,91.921875
08:00:33,912810TX6,TSRYS5743665,D,S,T,2024-04-24,1000000.00,4.760657,91.90625
08:00:33,912810TX6,TSRYS5743665,D,S,T,2024-04-24,1000000.00,4.760657,91.90625
08:00:33,912810TX6,TSRYS5743665,D,S,T,2024-04-24,1000000.00,4.760657,91.90625
08:00:33,912810TX6,TSRYS5743665,D,S,T,2024-04-24,1000000.00,4.760657,91.90625
08:00:33,912810TX6,TSRYS5743665,D,S,T,2024-04-24,1000000.00,4.760657,91.90625
08:00:33,912810TX6,TSRYS5743665,D,S,T,2024-04-24,1000000.00,4.758561,91.9375
08:00:33,912810TX6,TSRYS5743665,D,S,T,2024-04-24,1000000.00,4.758561,91.9375
08:00:33,912810TX6,TSRYS5743665,D,S,T,2024-04-24,1000000.00,4.759609,91.921875
08:00:33,912810TX6,TSRYS5743665,D,S,T,2024-04-24,1000000.00,4.759609,91.921875
08:00:33,912810TX6,TSRYS5743665,D,S,T,2024-04-24,1000000.00,4.760657,91.90625
08:00:33,912810TX6,TSRYS5743665,D,S,T,2024-04-24,1000000.00,4.76105,91.900390625
08:00:33,912810TX6,TSRYS5743665,D,S,T,2024-04-24,1000000.00,4.762753,91.875
08:00:33,912810TX6,TSRYS5743665,D,S,T,2024-04-24,1000000.00,4.762622,91.876953125
08:00:33,912810TX6,TSRYS5743665,D,S,T,2024-04-24,1000000.00,4.762622,91.876953125
08:00:33,912810TX6,TSRYS5743665,D,S,T,2024-04-24,1000000.00,4.762622,91.876953125
08:00:33,912810TX6,TSRYS5743665,D,S,T,2024-04-24,1000000.00,4.762491,91.87890625
08:00:33,912810TX6,TSRYS5743665,D,S,T,2024-04-24,1000000.00,4.762753,91.875
08:00:33,912810TX6,TSRYS5743665,D,S,T,2024-04-24,1000000.00,4.764851,91.84375
08:00:33,912810TX6,TSRYS5743665,D,S,A,2024-04-24,1000000.00,4.733494,92.3125
08:00:33,912810TX6,TSRYS5743665,D,S,A,2024-04-24,1000000.00,4.734536,92.296875
08:00:33,912810TX6,TSRYS5743665,D,S,A,2024-04-24,1000000.00,4.734536,92.296875
08:00:33,912810TX6,TSRYS5743665,D,S,T,2024-04-24,1000000.00,4.737662,92.25
08:00:33,912810TX6,TSRYS5743665,D,S,T,2024-04-24,1000000.00,4.746009,92.125
08:00:33,912810TX6,TSRYS5743665,D,S,T,2024-04-24,1000000.00,4.743921,92.15625
08:00:33,912810TX6,TSRYS5743665,D,S,T,2024-04-24,1000000.00,4.747054,92.109375
08:00:33,912810TX6,TSRYS5743665,D,S,T,2024-04-24,1000000.00,4.752281,92.03125
08:00:33,912810TX6,TSRYS5743665,D,S,T,2024-04-24,1000000.00,4.750189,92.0625
08:00:33,912810TX6,TSRYS5743665,D,S,A,2024-04-24,4000000.00,4.740138,92.21289063
08:00:33,912810TX6,TSRYS5743665,D,S,T,2024-04-24,1000000.00,4.738965,92.23046875
08:00:33,912810TX6,TSRYS5743665,D,S,T,2024-04-24,1000000.00,4.738965,92.23046875
08:00:33,912810TX6,TSRYS5743665,D,S,T,2024-04-24,1000000.00,4.738965,92.23046875
08:00:33,912810TX6,TSRYS5743665,D,S,T,2024-04-24,1000000.00,4.744051,92.154296875
08:00:33,912810TX6,TSRYS5743665,D,S,T,2024-04-24,1000000.00,4.752019,92.03515625
08:00:33,912810TX6,TSRYS5743665,D,S,T,2024-04-24,1000000.00,4.75542,91.984375
08:00:33,912810TX6,TSRYS5743665,D,S,T,2024-04-24,1000000.00,4.756467,91.96875
08:00:33,912810TX6,TSRYS5743665,D,S,T,2024-04-24,1000000.00,4.757514,91.953125
08:00:33,912810TX6,TSRYS5743665,D,S,D,2024-04-24,1000000.00,4.761705,91.890625
08:00:33,912810TX6,TSRYS5743665,D,S,T,2024-04-24,1000000.00,4.759609,91.921875
08:00:33,912810TX6,TSRYS5743665,D,S,A,2024-04-24,1000000.00,4.735708,92.27929688
08:00:33,912810TX6,TSRYS5743665,D,S,A,2024-04-24,1000000.00,4.739617,92.22070313
08:00:33,912810TX6,TSRYS5743665,D,S,A,2024-04-24,1000000.00,4.735708,92.27929688
08:00:37,912810TX6,TSRYS5743665,D,S,D,2024-04-24,17000000.00,4.743921,92.15625
08:00:37,912810TX6,TSRYS5743665,D,S,A,2024-04-24,320000.00,4.723969,92.45703125
08:00:37,912810TX6,TSRYS5743665,D,S,D,2024-04-24,1000000.00,4.746009,92.125
08:00:37,912810TX6,TSRYS5743665,D,S,D,2024-04-24,2000000.00,4.746009,92.125
08:00:37,912810TX6,TSRYS5743665,D,S,A,2024-04-24,1000000.00,4.734536,92.296875
08:00:37,912810TX6,TSRYS5743665,D,S,T,2024-04-24,1000000.00,4.735317,92.28515625
08:00:37,912810TX6,TSRYS5743665,D,S,T,2024-04-24,1000000.00,4.743921,92.15625
08:00:37,912810TX6,TSRYS5743665,D,S,T,2024-04-24,1000000.00,4.744965,92.140625
08:00:37,912810TX6,TSRYS5743665,D,S,T,2024-04-24,1000000.00,4.746009,92.125
08:00:37,912810TX6,TSRYS5743665,D,S,T,2024-04-24,1000000.00,4.744965,92.140625
08:00:37,912810TX6,TSRYS5743665,D,S,A,2024-04-24,1000000.00,4.738313,92.24023438
08:00:37,912810TX6,TSRYS5743665,D,S,T,2024-04-24,1000000.00,4.746009,92.125
08:00:37,912810TX6,TSRYS5743665,D,S,D,2024-04-24,1000000.00,4.74366,92.16015625
08:00:37,912810TX6,TSRYS5743665,D,S,D,2024-04-24,1000000.00,4.74366,92.16015625
08:00:37,912810TX6,TSRYS5743665,D,S,D,2024-04-24,1000000.00,4.74366,92.16015625
08:00:37,912810TX6,TSRYS5743665,D,S,D,2024-04-24,1000000.00,4.744704,92.14453125
08:00:37,912810TX6,TSRYS5743665,D,S,D,2024-04-24,1000000.00,4.743138,92.16796875
08:00:37,912810TX6,TSRYS5743665,D,S,D,2024-04-24,1000000.00,4.742355,92.1796875
08:00:37,912810TX6,TSRYS5743665,D,S,D,2024-04-24,1000000.00,4.742094,92.18359375
08:00:38,912810TX6,TSRYS5743665,D,S,T,2024-04-24,1000000.00,4.744965,92.140625
08:00:38,912810TX6,TSRYS5743665,D,S,A,2024-04-24,1000000.00,4.744965,92.140625
08:00:38,912810TX6,TSRYS5743665,D,S,T,2024-04-24,1000000.00,4.744965,92.140625
08:00:38,912810TX6,TSRYS5743665,D,S,D,2024-04-24,2000000.00,4.746009,92.125
08:00:38,912810TX6,TSRYS5743665,D,S,T,2024-04-24,1000000.00,4.744965,92.140625
08:00:39,912810TX6,TSRYS5743665,D,S,C,2024-04-24,5000000.00,4.745487,92.1328125
08:00:39,912810TX6,TSRYS5743665,D,S,D,2024-04-24,1000000.00,4.739486,92.22265625
08:00:39,912810TX6,TSRYS5743665,D,S,D,2024-04-24,1000000.00,4.742877,92.171875
08:00:39,912810TX6,TSRYS5743665,D,B,C,2024-04-24,5000000.00,4.751235,92.046875
08:00:39,912810TX6,TSRYS5743665,D,S,A,2024-04-24,1000000.00,4.753086,92.01953125
08:00:39,912810TX6,TSRYS5743665,D,S,D,2024-04-24,1000000.00,4.750189,92.0625
08:00:39,912810TX6,TSRYS5743665,D,S,D,2024-04-24,1000000.00,4.750189,92.0625
08:00:39,912810TX6,TSRYS5743665,D,S,D,2024-04-24,1000000.00,4.750189,92.0625
08:00:39,912810TX6,TSRYS5743665,D,S,D,2024-04-24,1000000.00,4.751235,92.046875
08:00:39,912810TX6,TSRYS5743665,D,S,D,2024-04-24,1000000.00,4.751235,92.046875
08:00:39,912810TX6,TSRYS5743665,D,S,D,2024-04-24,1000000.00,4.751235,92.046875
08:00:39,912810TX6,TSRYS5743665,D,S,D,2024-04-24,1000000.00,4.751235,92.046875
08:00:40,912810TX6,TSRYS5743665,D,S,D,2024-04-24,1000000.00,4.743138,92.16796875
08:00:40,912810TX6,TSRYS5743665,D,S,D,2024-04-24,1000000.00,4.744182,92.15234375
08:00:40,912810TX6,TSRYS5743665,D,S,D,2024-04-24,1000000.00,4.746009,92.125
08:00:40,912810TX6,TSRYS5743665,D,S,T,2024-04-24,1000000.00,4.72829,92.390625
08:00:40,912810TX6,TSRYS5743665,D,S,T,2024-04-24,1000000.00,4.72777,92.3984375
08:00:40,912810TX6,TSRYS5743665,D,S,T,2024-04-24,1000000.00,4.736619,92.265625
08:00:41,912810TX6,TSRYS5743665,D,S,T,2024-04-24,1000000.00,4.735056,92.2890625
08:00:41,912810TX6,TSRYS5743665,D,S,D,2024-04-24,1000000.00,4.736619,92.265625
08:00:41,912810TX6,TSRYS5743665,D,S,D,2024-04-24,1000000.00,4.738704,92.234375
08:00:41,912810TX6,TSRYS5743665,D,S,T,2024-04-24,1000000.00,4.737662,92.25
08:00:41,912810TX6,TSRYS5743665,D,S,T,2024-04-24,1000000.00,4.734536,92.296875
08:00:41,912810TX6,TSRYS5743665,D,S,T,2024-04-24,1000000.00,4.735577,92.28125
08:00:41,912810TX6,TSRYS5743665,D,S,T,2024-04-24,1000000.00,4.746009,92.125
08:00:41,912810TX6,TSRYS5743665,D,S,T,2024-04-24,1000000.00,4.744965,92.140625
08:00:41,912810TX6,TSRYS5743665,D,S,T,2024-04-24,1000000.00,4.744965,92.140625
08:00:41,912810TX6,TSRYS5743665,D,S,T,2024-04-24,1000000.00,4.744965,92.140625
08:00:41,912810TX6,TSRYS5743665,D,S,D,2024-04-24,1000000.00,4.740529,92.20703125
08:00:41,912810TX6,TSRYS5743665,D,S,D,2024-04-24,1000000.00,4.741312,92.1953125
08:00:41,912810TX6,TSRYS5743665,D,S,D,2024-04-24,1000000.00,4.740529,92.20703125
08:00:41,912810TX6,TSRYS5743665,D,S,T,2024-04-24,1000000.00,4.744965,92.140625
08:00:41,912810TX6,TSRYS5743665,D,S,D,2024-04-24,1000000.00,4.741833,92.1875
08:00:41,912810TX6,TSRYS5743665,D,S,D,2024-04-24,1000000.00,4.742877,92.171875
08:00:41,912810TX6,TSRYS5743665,D,S,D,2024-04-24,1000000.00,4.742877,92.171875
08:00:41,912810TX6,TSRYS5743665,D,S,D,2024-04-24,1000000.00,4.743921,92.15625
08:00:41,912810TX6,TSRYS5743665,D,S,T,2024-04-24,1000000.00,4.744182,92.15234375
08:00:41,912810TX6,TSRYS5743665,D,S,T,2024-04-24,1000000.00,4.743921,92.15625
08:00:41,912810TX6,TSRYS5743665,D,S,T,2024-04-24,1000000.00,4.741833,92.1875
08:00:41,912810TX6,TSRYS5743665,D,S,T,2024-04-24,1000000.00,4.744965,92.140625
08:00:41,912810TX6,TSRYS5743665,D,S,T,2024-04-24,1000000.00,4.752281,92.03125
08:00:41,912810TX6,TSRYS5743665,D,S,T,2024-04-24,1000000.00,4.752019,92.03515625
08:00:41,912810TX6,TSRYS5743665,D,S,D,2024-04-24,1000000.00,4.750189,92.0625
08:00:41,912810TX6,TSRYS5743665,D,S,D,2024-04-24,1000000.00,4.750189,92.0625
08:00:41,912810TX6,TSRYS5743665,D,S,T,2024-04-24,1000000.00,4.75699,91.9609375
08:00:41,912810TX6,TSRYS5743665,D,S,T,2024-04-24,1000000.00,4.753327,92.015625
08:00:41,912810TX6,TSRYS5743665,D,S,T,2024-04-24,1000000.00,4.756467,91.96875
08:00:41,912810TX6,TSRYS5743665,D,S,D,2024-04-24,4000000.00,4.749797,92.068359375
08:00:41,912810TX6,TSRYS5743665,D,S,T,2024-04-24,1000000.00,4.756205,91.97265625
08:00:41,912810TX6,TSRYS5743665,D,S,D,2024-04-24,1000000.00,4.750189,92.0625
08:00:41,912810TX6,TSRYS5743665,D,S,D,2024-04-24,1000000.00,4.751235,92.046875
08:00:41,912810TX6,TSRYS5743665,D,S,D,2024-04-24,1000000.00,4.751235,92.046875
08:00:41,912810TX6,TSRYS5743665,D,S,D,2024-04-24,1000000.00,4.751235,92.046875
08:00:41,912810TX6,TSRYS5743665,D,S,T,2024-04-24,1000000.00,4.759609,91.921875
08:00:41,912810TX6,TSRYS5743665,D,S,T,2024-04-24,1000000.00,4.759609,91.921875
08:00:41,912810TX6,TSRYS5743665,D,S,T,2024-04-24,1000000.00,4.759216,91.927734375
08:00:41,912810TX6,TSRYS5743665,D,S,T,2024-04-24,1000000.00,4.759216,91.927734375
08:00:41,912810TX6,TSRYS5743665,D,S,T,2024-04-24,1000000.00,4.759216,91.927734375
08:00:41,912810TX6,TSRYS5743665,D,S,T,2024-04-24,1000000.00,4.760657,91.90625
08:00:41,912810TX6,TSRYS5743665,D,S,T,2024-04-24,1000000.00,4.741833,92.1875
08:00:42,912810TX6,TSRYS5743665,D,S,A,2024-04-24,5000000.00,4.744182,92.15234375
08:00:42,912810TX6,TSRYS5743665,D,S,T,2024-04-24,1000000.00,4.745879,92.126953125
08:00:42,912810TX6,TSRYS5743665,D,S,T,2024-04-24,1000000.00,4.741833,92.1875
08:00:42,912810TX6,TSRYS5743665,D,S,D,2024-04-24,1000000.00,4.74366,92.16015625
08:00:42,912810TX6,TSRYS5743665,D,S,D,2024-04-24,1000000.00,4.743399,92.1640625
08:00:42,912810TX6,TSRYS5743665,D,S,T,2024-04-24,1000000.00,4.741833,92.1875
08:00:42,912810TX6,TSRYS5743665,D,S,T,2024-04-24,1000000.00,4.741833,92.1875
08:00:42,912810TX6,TSRYS5743665,D,S,T,2024-04-24,1000000.00,4.74079,92.203125
08:00:43,912810TX6,TSRYS5743665,D,S,T,2024-04-24,1000000.00,4.741833,92.1875
08:00:43,912810TX6,TSRYS5743665,D,S,T,2024-04-24,1000000.00,4.741833,92.1875
08:00:43,912810TX6,TSRYS5743665,D,S,D,2024-04-24,1000000.00,4.745748,92.12890625
08:00:43,912810TX6,TSRYS5743665,D,S,D,2024-04-24,1000000.00,4.74627,92.12109375
08:00:43,912810TX6,TSRYS5743665,D,S,T,2024-04-24,1000000.00,4.74079,92.203125
08:00:43,912810TX6,TSRYS5743665,D,B,A,2024-04-24,800000.00,4.756467,91.96875
08:00:43,912810TX6,TSRYS5743665,D,S,C,2024-04-24,2000000.00,4.754608,91.99649375
08:00:43,912810TX6,TSRYS5743665,D,S,D,2024-04-24,1000000.00,4.74627,92.12109375
08:00:43,912810TX6,TSRYS5743665,D,S,D,2024-04-24,1000000.00,4.74627,92.12109375
08:00:43,912810TX6,TSRYS5743665,D,S,D,2024-04-24,1000000.00,4.74627,92.12109375
08:00:43,912810TX6,TSRYS5743665,D,S,T,2024-04-24,1000000.00,4.741833,92.1875
08:00:43,912810TX6,TSRYS5743665,D,S,C,2024-04-24,4000000.00,4.756467,91.96875
08:00:43,912810TX6,TSRYS5743665,D,S,T,2024-04-24,1000000.00,4.741833,92.1875
08:00:44,912810TX6,TSRYS5743665,D,S,D,2024-04-24,2000000.00,4.755681,91.98046875
08:00:44,912810TX6,TSRYS5743665,D,S,D,2024-04-24,1000000.00,4.755943,91.9765625
08:00:44,912810TX6,TSRYS5743665,D,S,T,2024-04-24,1000000.00,4.741833,92.1875
08:00:44,912810TX6,TSRYS5743665,D,S,T,2024-04-24,1000000.00,4.757514,91.953125
08:00:44,912810TX6,TSRYS5743665,D,S,T,2024-04-24,1000000.00,4.741833,92.1875
08:00:44,912810TX6,TSRYS5743665,D,S,T,2024-04-24,1000000.00,4.74079,92.203125
08:00:44,912810TX6,TSRYS5743665,D,S,T,2024-04-24,1000000.00,4.74079,92.203125
08:00:44,912810TX6,TSRYS5743665,D,S,D,2024-04-24,1000000.00,4.745748,92.12890625
08:00:44,912810TX6,TSRYS5743665,D,S,D,2024-04-24,1000000.00,4.745487,92.1328125
08:00:44,912810TX6,TSRYS5743665,D,S,D,2024-04-24,1000000.00,4.744965,92.140625
08:00:45,912810TX6,TSRYS5743665,D,S,T,2024-04-24,1000000.00,4.740797,92.203023
08:00:45,912810TX6,TSRYS5743665,D,S,T,2024-04-24,1000000.00,4.740797,92.203023
08:00:45,912810TX6,TSRYS5743665,D,S,T,2024-04-24,1000000.00,4.740797,92.203023
08:00:45,912810TX6,TSRYS5743665,D,S,T,2024-04-24,1000000.00,4.74079,92.203125
08:00:45,912810TX6,TSRYS5743665,D,S,D,2024-04-24,1000000.00,4.744965,92.140625
08:00:45,912810TX6,TSRYS5743665,D,S,D,2024-04-24,1000000.00,4.744965,92.140625
08:00:45,912810TX6,TSRYS5743665,D,S,D,2024-04-24,1000000.00,4.744965,92.140625
08:00:45,912810TX6,TSRYS5743665,D,S,T,2024-04-24,1000000.00,4.740797,92.203023
08:00:45,912810TX6,TSRYS5743665,D,B,A,2024-04-24,4000000.00,4.74079,92.203125
08:00:45,912810TX6,TSRYS5743665,D,S,T,2024-04-24,1000000.00,4.741833,92.1875
08:00:45,912810TX6,TSRYS5743665,D,S,D,2024-04-24,1000000.00,4.744965,92.140625
08:00:45,912810TX6,TSRYS5743665,D,S,D,2024-04-24,1000000.00,4.744965,92.140625
08:00:45,912810TX6,TSRYS5743665,D,S,T,2024-04-24,1000000.00,4.74079,92.203125
08:00:45,912810TX6,TSRYS5743665,D,S,T,2024-04-24,1000000.00,4.744972,92.140525
08:00:45,912810TX6,TSRYS5743665,D,S,T,2024-04-24,1000000.00,4.744972,92.140525
08:00:45,912810TX6,TSRYS5743665,D,S,T,2024-04-24,1000000.00,4.743927,92.15615
08:00:45,912810TX6,TSRYS5743665,D,S,T,2024-04-24,1000000.00,4.744972,92.140525
08:00:45,912810TX6,TSRYS5743665,D,S,T,2024-04-24,1000000.00,4.743927,92.15615
08:00:45,912810TX6,TSRYS5743665,D,S,T,2024-04-24,1000000.00,4.738711,92.234275
08:00:45,912810TX6,TSRYS5743665,D,S,T,2024-04-24,1000000.00,4.738711,92.234275
08:00:46,912810TX6,TSRYS5743665,D,S,T,2024-04-24,1000000.00,4.74079,92.203125
08:00:46,912810TX6,TSRYS5743665,D,S,T,2024-04-24,1000000.00,4.74079,92.203125
08:00:46,912810TX6,TSRYS5743665,D,S,T,2024-04-24,1000000.00,4.757521,91.953025
08:00:46,912810TX6,TSRYS5743665,D,S,T,2024-04-24,1000000.00,4.755551,91.982421875
08:00:46,912810TX6,TSRYS5743665,D,B,A,2024-04-24,1000000.00,4.756467,91.96875
08:00:46,912810TX6,TSRYS5743665,D,S,T,2024-04-24,1000000.00,4.755557,91.982321875
08:00:46,912810TX6,TSRYS5743665,D,S,T,2024-04-24,1000000.00,4.756728,91.96484375
08:00:46,912810TX6,TSRYS5743665,D,S,D,2024-04-24,1000000.00,4.745226,92.13671875
08:00:46,912810TX6,TSRYS5743665,D,S,D,2024-04-24,1000000.00,4.745226,92.13671875
08:00:46,912810TX6,TSRYS5743665,D,S,D,2024-04-24,1000000.00,4.746009,92.125
08:00:46,912810TX6,TSRYS5743665,D,S,D,2024-04-24,1000000.00,4.746009,92.125
08:00:46,912810TX6,TSRYS5743665,D,S,A,2024-04-24,1000000.00,4.760657,91.90625
08:00:46,912810TX6,TSRYS5743665,D,S,T,2024-04-24,1000000.00,4.762629,91.876853125
08:00:46,912810TX6,TSRYS5743665,D,B,A,2024-04-24,1000000.00,4.762753,91.875
08:00:46,912810TX6,TSRYS5743665,D,S,T,2024-04-24,1000000.00,4.760794,91.904196875
08:00:46,912810TX6,TSRYS5743665,D,B,A,2024-04-24,1000000.00,4.761705,91.890625
08:00:46,912810TX6,TSRYS5743665,D,B,A,2024-04-24,2000000.00,4.744965,92.140625
08:00:46,912810TX6,TSRYS5743665,D,S,T,2024-04-24,1000000.00,4.743928,92.156148
08:00:46,912810TX6,TSRYS5743665,D,S,T,2024-04-24,1000000.00,4.743928,92.156148
08:00:47,912810TX6,TSRYS5743665,D,S,T,2024-04-24,1000000.00,4.74079,92.203125
08:00:47,912810TX6,TSRYS5743665,D,S,T,2024-04-24,1000000.00,4.741833,92.1875
08:00:47,912810TX6,TSRYS5743665,D,S,T,2024-04-24,1000000.00,4.764195,91.853515625
08:00:47,912810TX6,TSRYS5743665,D,S,D,2024-04-24,1000000.00,4.745748,92.12890625
08:00:47,912810TX6,TSRYS5743665,D,S,D,2024-04-24,1000000.00,4.745748,92.12890625
08:00:47,912810TX6,TSRYS5743665,D,S,D,2024-04-24,1000000.00,4.746009,92.125
08:00:47,912810TX6,TSRYS5743665,D,S,D,2024-04-24,1000000.00,4.746009,92.125
08:00:47,912810TX6,TSRYS5743665,D,S,D,2024-04-24,1000000.00,4.746009,92.125
08:00:47,912810TX6,TSRYS5743665,D,S,D,2024-04-24,1000000.00,4.746009,92.125
08:00:47,912810TX6,TSRYS5743665,D,S,A,2024-04-24,200000.00,4.747335,92.10546875
08:00:47,912810TX6,TSRYS5743665,D,S,T,2024-04-24,1000000.00,4.74079,92.203125
08:00:47,912810TX6,TSRYS5743665,D,B,A,2024-04-24,2000000.00,4.745226,92.13671875
08:00:47,912810TX6,TSRYS5743665,D,S,T,2024-04-24,1000000.00,4.746016,92.124898
08:00:47,912810TX6,TSRYS5743665,D,S,T,2024-04-24,1000000.00,4.744972,92.140523
08:00:47,912810TX6,TSRYS5743665,D,S,T,2024-04-24,1000000.00,4.741833,92.1875
08:00:48,912810TX6,TSRYS5743665,D,S,T,2024-04-24,1000000.00,4.741833,92.1875
08:00:48,912810TX6,TSRYS5743665,D,B,C,2024-04-24,3000000.00,4.760657,91.90625
08:00:49,912810TX6,TSRYS5743665,D,S,T,2024-04-24,1000000.00,4.741833,92.1875
08:00:49,912810TX6,TSRYS5743665,D,S,T,2024-04-24,2000000.00,4.74079,92.203125
08:00:49,912810TX6,TSRYS5743665,D,S,T,2024-04-24,1000000.00,4.741833,92.1875
08:00:49,912810TX6,TSRYS5743665,D,S,T,2024-04-24,1000000.00,4.74079,92.203125
08:00:50,912810TX6,TSRYS5743665,D,S,D,2024-04-24,1000000.00,4.754112,92.00390625
08:00:50,912810TX6,TSRYS5743665,D,S,T,2024-04-24,1000000.00,4.74066,92.205078125
08:00:51,912810TX6,TSRYS5743665,D,S,D,2024-04-24,1000000.00,4.755943,91.9765625
08:00:51,912810TX6,TSRYS5743665,D,S,D,2024-04-24,1000000.00,4.75542,91.984375
08:00:51,912810TX6,TSRYS5743665,D,S,D,2024-04-24,2000000.00,4.756728,91.96484375
08:00:51,912810TX6,TSRYS5743665,D,S,T,2024-04-24,1000000.00,4.741833,92.1875
08:00:51,912810TX6,TSRYS5743665,D,S,T,2024-04-24,1000000.00,4.74079,92.203125
08:00:51,912810TX6,TSRYS5743665,D,S,T,2024-04-24,1000000.00,4.741833,92.1875
08:00:52,912810TX6,TSRYS5743665,D,S,T,2024-04-24,1000000.00,4.74079,92.203125
08:00:52,912810TX6,TSRYS5743665,D,S,T,2024-04-24,1000000.00,4.741833,92.1875
08:00:52,912810TX6,TSRYS5743665,D,S,T,2024-04-24,1000000.00,4.741833,92.1875
08:00:53,912810TX6,TSRYS5743665,D,S,T,2024-04-24,1000000.00,4.74079,92.203125
08:00:53,912810TX6,TSRYS5743665,D,S,D,2024-04-24,1000000.00,4.757776,91.94921875
08:00:53,912810TX6,TSRYS5743665,D,S,D,2024-04-24,1000000.00,4.757776,91.94921875
08:00:53,912810TX6,TSRYS5743665,D,S,D,2024-04-24,1000000.00,4.757776,91.94921875
08:00:53,912810TX6,TSRYS5743665,D,S,D,2024-04-24,2000000.00,4.761705,91.890625
08:00:53,912810TX6,TSRYS5743665,D,S,A,2024-04-24,100000.00,4.758844,91.93359375
08:00:54,912810TX6,TSRYS5743665,D,S,T,2024-04-24,1000000.00,4.74079,92.203125
08:00:54,912810TX6,TSRYS5743665,D,S,T,2024-04-24,1000000.00,4.74079,92.203125
08:00:54,912810TX6,TSRYS5743665,D,S,D,2024-04-24,1000000.00,4.759609,91.921875
08:00:54,912810TX6,TSRYS5743665,D,S,D,2024-04-24,1000000.00,4.761705,91.890625
08:00:54,912810TX6,TSRYS5743665,D,S,D,2024-04-24,2000000.00,4.761705,91.890625
08:00:55,912810TX6,TSRYS5743665,D,S,T,2024-04-24,1000000.00,4.74079,92.203125
08:00:55,912810TX6,TSRYS5743665,D,S,D,2024-04-24,1000000.00,4.761705,91.890625
08:00:55,912810TX6,TSRYS5743665,D,S,D,2024-04-24,2000000.00,4.761705,91.890625
08:00:56,912810TX6,TSRYS5743665,D,S,D,2024-04-24,1000000.00,4.761705,91.890625
08:00:56,912810TX6,TSRYS5743665,D,S,D,2024-04-24,1000000.00,4.758823,91.93359375
08:00:56,912810TX6,TSRYS5743665,D,S,D,2024-04-24,1000000.00,4.758561,91.9375
08:00:56,912810TX6,TSRYS5743665,D,S,D,2024-04-24,1000000.00,4.759085,91.9296875
08:00:56,912810TX6,TSRYS5743665,D,S,D,2024-04-24,1000000.00,4.759085,91.9296875
08:00:56,912810TX6,TSRYS5743665,D,S,D,2024-04-24,1000000.00,4.759871,91.91796875
08:00:56,912810TX6,TSRYS5743665,D,S,C,2024-04-24,50MM+,4.741807,92.1879
08:00:57,912810TX6,TSRYS5743665,D,S,D,2024-04-24,1000000.00,4.760657,91.90625
08:00:57,912810TX6,TSRYS5743665,D,S,D,2024-04-24,1000000.00,4.760657,91.90625
08:00:58,912810TX6,TSRYS5743665,D,S,A,2024-04-24,200000.00,4.744443,92.1484375
08:00:58,912810TX6,TSRYS5743665,D,S,D,2024-04-24,1000000.00,4.759609,91.921875
08:00:58,912810TX6,TSRYS5743665,D,S,D,2024-04-24,1000000.00,4.758561,91.9375
08:00:58,912810TX6,TSRYS5743665,D,B,C,2024-04-24,8000000.00,4.759347,91.92578125
08:00:58,912810TX6,TSRYS5743665,D,S,D,2024-04-24,1000000.00,4.759085,91.9296875
08:00:59,912810TX6,TSRYS5743665,D,S,T,2024-04-24,1000000.00,4.752019,92.03515625
08:00:59,912810TX6,TSRYS5743665,D,S,T,2024-04-24,4000000.00,4.752019,92.03515625
08:01:00,912810TX6,TSRYS5743665,D,S,D,2024-04-24,1000000.00,4.724131,92.453125
08:01:00,912810TX6,TSRYS5743665,D,S,D,2024-04-24,1000000.00,4.724391,92.44921875
08:01:00,912810TX6,TSRYS5743665,D,S,C,2024-04-24,1000000.00,4.722833,92.47265625
08:01:00,912810TX6,TSRYS5743665,D,S,D,2024-04-24,1000000.00,4.72595,92.42578125
08:01:00,912810TX6,TSRYS5743665,D,S,D,2024-04-24,1000000.00,4.72595,92.42578125
08:01:00,912810TX6,TSRYS5743665,D,S,C,2024-04-24,1000000.00,4.730631,92.35546875
08:01:00,912810TX6,TSRYS5743665,D,S,C,2024-04-24,1000000.00,4.730631,92.35546875
08:01:00,912810TX6,TSRYS5743665,D,S,D,2024-04-24,1000000.00,4.72621,92.421875
08:01:00,912810TX6,TSRYS5743665,D,B,C,2024-04-24,1000000.00,4.730631,92.35546875
08:01:00,912810TX6,TSRYS5743665,D,B,C,2024-04-24,1000000.00,4.731932,92.3359375
08:01:00,912810TX6,TSRYS5743665,D,B,C,2024-04-24,1000000.00,4.732453,92.328125
08:01:00,912810TX6,TSRYS5743665,D,S,D,2024-04-24,1000000.00,4.731932,92.3359375
08:01:00,912810TX6,TSRYS5743665,D,S,D,2024-04-24,1000000.00,4.733754,92.30859375
08:01:00,912810TX6,TSRYS5743665,D,B,C,2024-04-24,1000000.00,4.731932,92.3359375
08:01:00,912810TX6,TSRYS5743665,D,B,C,2024-04-24,1000000.00,4.733754,92.30859375
08:01:00,912810TX6,TSRYS5743665,D,B,C,2024-04-24,1000000.00,4.733754,92.30859375
08:01:00,912810TX6,TSRYS5743665,D,S,C,2024-04-24,1000000.00,4.734275,92.30078125
08:01:00,912810TX6,TSRYS5743665,D,S,D,2024-04-24,1000000.00,4.758299,91.94140625
08:01:00,912810TX6,TSRYS5743665,D,S,D,2024-04-24,1000000.00,4.758037,91.9453125
08:01:00,912810TX6,TSRYS5743665,D,S,C,2024-04-24,1000000.00,4.732453,92.328125
08:01:00,912810TX6,TSRYS5743665,D,S,D,2024-04-24,1000000.00,4.731932,92.3359375
08:01:00,912810TX6,TSRYS5743665,D,S,C,2024-04-24,1000000.00,4.733754,92.30859375
08:01:00,912810TX6,TSRYS5743665,D,S,D,2024-04-24,1000000.00,4.735056,92.2890625
08:01:00,912810TX6,TSRYS5743665,D,S,C,2024-04-24,1000000.00,4.732713,92.32421875
08:01:00,912810TX6,TSRYS5743665,D,B,C,2024-04-24,1000000.00,4.735056,92.2890625
08:01:00,912810TX6,TSRYS5743665,D,B,C,2024-04-24,1000000.00,4.734275,92.30078125
08:01:00,912810TX6,TSRYS5743665,D,B,C,2024-04-24,1000000.00,4.737662,92.25
08:01:00,912810TX6,TSRYS5743665,D,S,C,2024-04-24,1000000.00,4.737662,92.25
08:01:00,912810TX6,TSRYS5743665,D,S,D,2024-04-24,1000000.00,4.739226,92.2265625
08:01:00,912810TX6,TSRYS5743665,D,B,C,2024-04-24,1000000.00,4.732713,92.32421875
08:01:00,912810TX6,TSRYS5743665,D,S,D,2024-04-24,1000000.00,4.736619,92.265625
08:01:00,912810TX6,TSRYS5743665,D,B,C,2024-04-24,1000000.00,4.738965,92.23046875
08:01:00,912810TX6,TSRYS5743665,D,S,D,2024-04-24,1000000.00,4.759347,91.92578125
08:01:00,912810TX6,TSRYS5743665,D,B,C,2024-04-24,1000000.00,4.738965,92.23046875
08:01:00,912810TX6,TSRYS5743665,D,S,D,2024-04-24,1000000.00,4.739486,92.22265625
08:01:00,912810TX6,TSRYS5743665,D,B,C,2024-04-24,1000000.00,4.739226,92.2265625
08:01:00,912810TX6,TSRYS5743665,D,S,C,2024-04-24,1000000.00,4.737662,92.25
08:01:00,912810TX6,TSRYS5743665,D,S,D,2024-04-24,1000000.00,4.739486,92.22265625
08:01:00,912810TX6,TSRYS5743665,D,B,C,2024-04-24,1000000.00,4.739226,92.2265625
08:01:00,912810TX6,TSRYS5743665,D,S,D,2024-04-24,1000000.00,4.739226,92.2265625
08:01:00,912810TX6,TSRYS5743665,D,B,C,2024-04-24,1000000.00,4.737662,92.25
08:01:00,912810TX6,TSRYS5743665,D,S,D,2024-04-24,1000000.00,4.738965,92.23046875
08:01:00,912810TX6,TSRYS5743665,D,B,C,2024-04-24,1000000.00,4.739747,92.21875
08:01:00,912810TX6,TSRYS5743665,D,S,D,2024-04-24,1000000.00,4.739486,92.22265625
08:01:00,912810TX6,TSRYS5743665,D,S,D,2024-04-24,1000000.00,4.739486,92.22265625
08:01:00,912810TX6,TSRYS5743665,D,S,D,2024-04-24,1000000.00,4.738965,92.23046875
08:01:00,912810TX6,TSRYS5743665,D,B,C,2024-04-24,1000000.00,4.739486,92.22265625
08:01:00,912810TX6,TSRYS5743665,D,S,D,2024-04-24,1000000.00,4.739747,92.21875
08:01:00,912810TX6,TSRYS5743665,D,B,C,2024-04-24,1000000.00,4.739747,92.21875
08:01:00,912810TX6,TSRYS5743665,D,B,C,2024-04-24,1000000.00,4.739747,92.21875
08:01:00,912810TX6,TSRYS5743665,D,B,C,2024-04-24,1000000.00,4.739486,92.22265625
08:01:00,912810TX6,TSRYS5743665,D,B,C,2024-04-24,1000000.00,4.739747,92.21875
08:01:00,912810TX6,TSRYS5743665,D,S,D,2024-04-24,1000000.00,4.739747,92.21875
08:01:00,912810TX6,TSRYS5743665,D,B,C,2024-04-24,1000000.00,4.739747,92.21875
08:01:00,912810TX6,TSRYS5743665,D,S,C,2024-04-24,1000000.00,4.739747,92.21875
08:01:00,912810TX6,TSRYS5743665,D,B,C,2024-04-24,1000000.00,4.739486,92.22265625
08:01:00,912810TX6,TSRYS5743665,D,B,C,2024-04-24,1000000.00,4.739486,92.22265625
08:01:00,912810TX6,TSRYS5743665,D,B,C,2024-04-24,1000000.00,4.739486,92.22265625
08:01:00,912810TX6,TSRYS5743665,D,B,C,2024-04-24,1000000.00,4.74079,92.203125
08:01:00,912810TX6,TSRYS5743665,D,B,C,2024-04-24,1000000.00,4.741833,92.1875
08:01:00,912810TX6,TSRYS5743665,D,S,D,2024-04-24,1000000.00,4.739747,92.21875
08:01:00,912810TX6,TSRYS5743665,D,S,C,2024-04-24,1000000.00,4.739486,92.22265625
08:01:00,912810TX6,TSRYS5743665,D,B,C,2024-04-24,1000000.00,4.740269,92.2109375
08:01:00,912810TX6,TSRYS5743665,D,S,D,2024-04-24,1000000.00,4.739747,92.21875
08:01:00,912810TX6,TSRYS5743665,D,B,C,2024-04-24,1000000.00,4.739747,92.21875
08:01:00,912810TX6,TSRYS5743665,D,S,D,2024-04-24,1000000.00,4.741312,92.1953125
08:01:00,912810TX6,TSRYS5743665,D,S,D,2024-04-24,1000000.00,4.74079,92.203125
08:01:00,912810TX6,TSRYS5743665,D,S,D,2024-04-24,1000000.00,4.741833,92.1875
08:01:00,912810TX6,TSRYS5743665,D,S,D,2024-04-24,2000000.00,4.740008,92.21484375
08:01:00,912810TX6,TSRYS5743665,D,S,D,2024-04-24,1000000.00,4.739747,92.21875
08:01:00,912810TX6,TSRYS5743665,D,B,C,2024-04-24,1000000.00,4.741833,92.1875
08:01:00,912810TX6,TSRYS5743665,D,S,D,2024-04-24,1000000.00,4.742094,92.18359375
08:01:00,912810TX6,TSRYS5743665,D,B,C,2024-04-24,1000000.00,4.741312,92.1953125
08:01:00,912810TX6,TSRYS5743665,D,B,C,2024-04-24,1000000.00,4.741312,92.1953125
08:01:00,912810TX6,TSRYS5743665,D,S,D,2024-04-24,1000000.00,4.740269,92.2109375
08:01:00,912810TX6,TSRYS5743665,D,S,D,2024-04-24,1000000.00,4.741312,92.1953125
08:01:00,912810TX6,TSRYS5743665,D,S,D,2024-04-24,1000000.00,4.741573,92.19140625
08:01:00,912810TX6,TSRYS5743665,D,S,D,2024-04-24,1000000.00,4.741312,92.1953125
08:01:00,912810TX6,TSRYS5743665,D,S,D,2024-04-24,1000000.00,4.741833,92.1875
08:01:00,912810TX6,TSRYS5743665,D,B,C,2024-04-24,1000000.00,4.741312,92.1953125
08:01:00,912810TX6,TSRYS5743665,D,B,C,2024-04-24,1000000.00,4.741573,92.19140625
08:01:00,912810TX6,TSRYS5743665,D,B,C,2024-04-24,1000000.00,4.742094,92.18359375
08:01:00,912810TX6,TSRYS5743665,D,S,D,2024-04-24,1000000.00,4.741312,92.1953125
08:01:00,912810TX6,TSRYS5743665,D,B,C,2024-04-24,1000000.00,4.741312,92.1953125
08:01:00,912810TX6,TSRYS5743665,D,B,C,2024-04-24,1000000.00,4.741573,92.19140625
08:01:00,912810TX6,TSRYS5743665,D,B,C,2024-04-24,1000000.00,4.741051,92.19921875
08:01:00,912810TX6,TSRYS5743665,D,S,D,2024-04-24,1000000.00,4.741573,92.19140625
08:01:00,912810TX6,TSRYS5743665,D,S,C,2024-04-24,1000000.00,4.741051,92.19921875
08:01:00,912810TX6,TSRYS5743665,D,S,D,2024-04-24,1000000.00,4.741051,92.19921875
08:01:00,912810TX6,TSRYS5743665,D,B,C,2024-04-24,1000000.00,4.741051,92.19921875
08:01:00,912810TX6,TSRYS5743665,D,B,C,2024-04-24,1000000.00,4.741051,92.19921875
08:01:00,912810TX6,TSRYS5743665,D,S,D,2024-04-24,1000000.00,4.741051,92.19921875
08:01:00,912810TX6,TSRYS5743665,D,B,C,2024-04-24,1000000.00,4.742616,92.17578125
08:01:00,912810TX6,TSRYS5743665,D,B,C,2024-04-24,1000000.00,4.742616,92.17578125
08:01:00,912810TX6,TSRYS5743665,D,S,D,2024-04-24,1000000.00,4.742616,92.17578125
08:01:00,912810TX6,TSRYS5743665,D,B,C,2024-04-24,1000000.00,4.741573,92.19140625
08:01:00,912810TX6,TSRYS5743665,D,S,D,2024-04-24,1000000.00,4.742616,92.17578125
08:01:00,912810TX6,TSRYS5743665,D,B,C,2024-04-24,1000000.00,4.741573,92.19140625
08:01:00,912810TX6,TSRYS5743665,D,S,D,2024-04-24,1000000.00,4.741573,92.19140625
08:01:00,912810TX6,TSRYS5743665,D,S,D,2024-04-24,1000000.00,4.741573,92.19140625
08:01:00,912810TX6,TSRYS5743665,D,B,C,2024-04-24,1000000.00,4.74079,92.203125
08:01:00,912810TX6,TSRYS5743665,D,S,D,2024-04-24,1000000.00,4.74079,92.203125
08:01:00,912810TX6,TSRYS5743665,D,B,C,2024-04-24,1000000.00,4.741833,92.1875
08:01:00,912810TX6,TSRYS5743665,D,B,C,2024-04-24,1000000.00,4.742616,92.17578125
08:01:00,912810TX6,TSRYS5743665,D,S,D,2024-04-24,1000000.00,4.741833,92.1875
08:01:00,912810TX6,TSRYS5743665,D,S,D,2024-04-24,1000000.00,4.742616,92.17578125
08:01:01,912810TX6,TSRYS5743665,D,B,C,2024-04-24,1000000.00,4.741833,92.1875
08:01:01,912810TX6,TSRYS5743665,D,B,C,2024-04-24,1000000.00,4.741833,92.1875
08:01:01,912810TX6,TSRYS5743665,D,S,D,2024-04-24,1000000.00,4.741833,92.1875
08:01:01,912810TX6,TSRYS5743665,D,S,D,2024-04-24,1000000.00,4.741833,92.1875
08:01:01,912810TX6,TSRYS5743665,D,S,D,2024-04-24,1000000.00,4.741573,92.19140625
08:01:01,912810TX6,TSRYS5743665,D,B,C,2024-04-24,1000000.00,4.741573,92.19140625
08:01:01,912810TX6,TSRYS5743665,D,S,D,2024-04-24,1000000.00,4.742355,92.1796875
08:01:01,912810TX6,TSRYS5743665,D,S,C,2024-04-24,1000000.00,4.741833,92.1875
08:01:01,912810TX6,TSRYS5743665,D,B,C,2024-04-24,1000000.00,4.742355,92.1796875
08:01:01,912810TX6,TSRYS5743665,D,S,D,2024-04-24,1000000.00,4.739226,92.2265625
08:01:01,912810TX6,TSRYS5743665,D,B,C,2024-04-24,1000000.00,4.741833,92.1875
08:01:01,912810TX6,TSRYS5743665,D,S,D,2024-04-24,2000000.00,4.735317,92.28515625
08:01:01,912810TX6,TSRYS5743665,D,S,D,2024-04-24,1000000.00,4.739747,92.21875
08:01:01,912810TX6,TSRYS5743665,D,S,D,2024-04-24,1000000.00,4.736098,92.2734375
08:01:01,912810TX6,TSRYS5743665,D,B,C,2024-04-24,2000000.00,4.735317,92.28515625
08:01:01,912810TX6,TSRYS5743665,D,S,D,2024-04-24,1000000.00,4.736098,92.2734375
08:01:01,912810TX6,TSRYS5743665,D,B,C,2024-04-24,1000000.00,4.732973,92.3203125
08:01:01,912810TX6,TSRYS5743665,D,S,C,2024-04-24,1000000.00,4.732973,92.3203125
08:01:01,912810TX6,TSRYS5743665,D,S,D,2024-04-24,1000000.00,4.734796,92.29296875
08:01:01,912810TX6,TSRYS5743665,D,S,D,2024-04-24,1000000.00,4.734796,92.29296875
08:01:01,912810TX6,TSRYS5743665,D,S,D,2024-04-24,1000000.00,4.734275,92.30078125
08:01:01,912810TX6,TSRYS5743665,D,S,D,2024-04-24,2000000.00,4.746009,92.125
08:01:01,912810TX6,TSRYS5743665,D,S,C,2024-04-24,1000000.00,4.74366,92.16015625
08:01:01,912810TX6,TSRYS5743665,D,S,D,2024-04-24,1000000.00,4.74366,92.16015625
08:01:01,912810TX6,TSRYS5743665,D,S,D,2024-04-24,1000000.00,4.74366,92.16015625
08:01:01,912810TX6,TSRYS5743665,D,S,D,2024-04-24,1000000.00,4.744704,92.14453125
08:01:01,912810TX6,TSRYS5743665,D,S,D,2024-04-24,1000000.00,4.743138,92.16796875
08:01:01,912810TX6,TSRYS5743665,D,S,D,2024-04-24,1000000.00,4.742355,92.1796875
08:01:01,912810TX6,TSRYS5743665,D,S,D,2024-04-24,1000000.00,4.742094,92.18359375
08:01:01,912810TX6,TSRYS5743665,D,S,D,2024-04-24,1000000.00,4.739486,92.22265625
08:01:01,912810TX6,TSRYS5743665,D,S,D,2024-04-24,1000000.00,4.743138,92.16796875
08:01:01,912810TX6,TSRYS5743665,D,S,D,2024-04-24,1000000.00,4.742877,92.171875
08:01:01,912810TX6,TSRYS5743665,D,S,D,2024-04-24,1000000.00,4.744182,92.15234375
08:01:01,912810TX6,TSRYS5743665,D,S,D,2024-04-24,1000000.00,4.741312,92.1953125
08:01:01,912810TX6,TSRYS5743665,D,S,D,2024-04-24,1000000.00,4.740529,92.20703125
08:01:01,912810TX6,TSRYS5743665,D,B,C,2024-04-24,1000000.00,4.740529,92.20703125
08:01:01,912810TX6,TSRYS5743665,D,S,D,2024-04-24,1000000.00,4.741833,92.1875
08:01:01,912810TX6,TSRYS5743665,D,S,D,2024-04-24,1000000.00,4.742877,92.171875
08:01:01,912810TX6,TSRYS5743665,D,S,D,2024-04-24,1000000.00,4.743399,92.1640625
08:01:01,912810TX6,TSRYS5743665,D,B,C,2024-04-24,1000000.00,4.743399,92.1640625
08:01:01,912810TX6,TSRYS5743665,D,B,C,2024-04-24,1000000.00,4.744443,92.1484375
08:01:01,912810TX6,TSRYS5743665,D,S,D,2024-04-24,1000000.00,4.744443,92.1484375
08:01:01,912810TX6,TSRYS5743665,D,S,D,2024-04-24,1000000.00,4.742877,92.171875
08:01:01,912810TX6,TSRYS5743665,D,S,D,2024-04-24,1000000.00,4.743921,92.15625
08:01:01,912810TX6,TSRYS5743665,D,S,D,2024-04-24,1000000.00,4.744965,92.140625
08:01:01,912810TX6,TSRYS5743665,D,B,C,2024-04-24,1000000.00,4.744965,92.140625
08:01:01,912810TX6,TSRYS5743665,D,B,C,2024-04-24,1000000.00,4.744182,92.15234375
08:01:01,912810TX6,TSRYS5743665,D,B,C,2024-04-24,1000000.00,4.743921,92.15625
08:01:01,912810TX6,TSRYS5743665,D,S,C,2024-04-24,1000000.00,4.744182,92.15234375
08:01:01,912810TX6,TSRYS5743665,D,S,D,2024-04-24,1000000.00,4.74366,92.16015625
08:01:01,912810TX6,TSRYS5743665,D,S,D,2024-04-24,1000000.00,4.743399,92.1640625
08:01:01,912810TX6,TSRYS5743665,D,B,C,2024-04-24,1000000.00,4.74366,92.16015625
08:01:01,912810TX6,TSRYS5743665,D,B,C,2024-04-24,1000000.00,4.743399,92.1640625
08:01:01,912810TX6,TSRYS5743665,D,S,D,2024-04-24,1000000.00,4.743399,92.1640625
08:01:01,912810TX6,TSRYS5743665,D,B,C,2024-04-24,1000000.00,4.743399,92.1640625
08:01:01,912810TX6,TSRYS5743665,D,S,D,2024-04-24,1000000.00,4.745748,92.12890625
08:01:01,912810TX6,TSRYS5743665,D,B,C,2024-04-24,1000000.00,4.747054,92.109375
08:01:01,912810TX6,TSRYS5743665,D,S,C,2024-04-24,1000000.00,4.747054,92.109375
08:01:01,912810TX6,TSRYS5743665,D,B,C,2024-04-24,1000000.00,4.74627,92.12109375
08:01:01,912810TX6,TSRYS5743665,D,S,D,2024-04-24,1000000.00,4.74627,92.12109375
08:01:01,912810TX6,TSRYS5743665,D,B,C,2024-04-24,1000000.00,4.746532,92.1171875
08:01:01,912810TX6,TSRYS5743665,D,S,D,2024-04-24,1000000.00,4.746532,92.1171875
08:01:01,912810TX6,TSRYS5743665,D,S,D,2024-04-24,1000000.00,4.763802,91.859375
08:01:01,912810TX6,TSRYS5743665,D,S,D,2024-04-24,1000000.00,4.763802,91.859375
08:01:01,912810TX6,TSRYS5743665,D,S,D,2024-04-24,1000000.00,4.763802,91.859375
08:01:01,912810TX6,TSRYS5743665,D,S,D,2024-04-24,1000000.00,4.763802,91.859375
08:01:01,912810TX6,TSRYS5743665,D,B,C,2024-04-24,1000000.00,4.74627,92.12109375
08:01:01,912810TX6,TSRYS5743665,D,S,D,2024-04-24,1000000.00,4.74627,92.12109375
08:01:01,912810TX6,TSRYS5743665,D,B,C,2024-04-24,1000000.00,4.74627,92.12109375
08:01:01,912810TX6,TSRYS5743665,D,S,D,2024-04-24,1000000.00,4.74627,92.12109375
08:01:01,912810TX6,TSRYS5743665,D,S,D,2024-04-24,1000000.00,4.74627,92.12109375
08:01:01,912810TX6,TSRYS5743665,D,B,C,2024-04-24,1000000.00,4.74627,92.12109375
08:01:01,912810TX6,TSRYS5743665,D,B,C,2024-04-24,1000000.00,4.745748,92.12890625
08:01:01,912810TX6,TSRYS5743665,D,S,D,2024-04-24,1000000.00,4.745748,92.12890625
08:01:01,912810TX6,TSRYS5743665,D,B,C,2024-04-24,1000000.00,4.745487,92.1328125
08:01:01,912810TX6,TSRYS5743665,D,S,D,2024-04-24,1000000.00,4.745487,92.1328125
08:01:01,912810TX6,TSRYS5743665,D,B,C,2024-04-24,1000000.00,4.744443,92.1484375
08:01:01,912810TX6,TSRYS5743665,D,S,D,2024-04-24,1000000.00,4.744443,92.1484375
08:01:01,912810TX6,TSRYS5743665,D,B,C,2024-04-24,1000000.00,4.744443,92.1484375
08:01:01,912810TX6,TSRYS5743665,D,S,D,2024-04-24,1000000.00,4.763802,91.859375
08:01:01,912810TX6,TSRYS5743665,D,S,D,2024-04-24,1000000.00,4.744443,92.1484375
08:01:01,912810TX6,TSRYS5743665,D,S,D,2024-04-24,1000000.00,4.744965,92.140625
08:01:01,912810TX6,TSRYS5743665,D,B,C,2024-04-24,1000000.00,4.744965,92.140625
08:01:01,912810TX6,TSRYS5743665,D,S,D,2024-04-24,1000000.00,4.744965,92.140625
08:01:01,912810TX6,TSRYS5743665,D,B,C,2024-04-24,1000000.00,4.744443,92.1484375
08:01:01,912810TX6,TSRYS5743665,D,B,C,2024-04-24,1000000.00,4.744965,92.140625
08:01:01,912810TX6,TSRYS5743665,D,S,D,2024-04-24,1000000.00,4.744443,92.1484375
08:01:01,912810TX6,TSRYS5743665,D,S,D,2024-04-24,1000000.00,4.744965,92.140625
08:01:01,912810TX6,TSRYS5743665,D,S,D,2024-04-24,1000000.00,4.744965,92.140625
08:01:01,912810TX6,TSRYS5743665,D,B,C,2024-04-24,1000000.00,4.744965,92.140625
08:01:01,912810TX6,TSRYS5743665,D,S,D,2024-04-24,1000000.00,4.744965,92.140625
08:01:01,912810TX6,TSRYS5743665,D,B,C,2024-04-24,1000000.00,4.744965,92.140625
08:01:01,912810TX6,TSRYS5743665,D,B,C,2024-04-24,1000000.00,4.744965,92.140625
08:01:01,912810TX6,TSRYS5743665,D,B,C,2024-04-24,1000000.00,4.744965,92.140625
08:01:01,912810TX6,TSRYS5743665,D,S,D,2024-04-24,1000000.00,4.744965,92.140625
08:01:01,912810TX6,TSRYS5743665,D,S,D,2024-04-24,1000000.00,4.745226,92.13671875
08:01:02,912810TX6,TSRYS5743665,D,B,C,2024-04-24,2000000.00,4.763016,91.87109375
08:01:02,912810TX6,TSRYS5743665,D,B,C,2024-04-24,1000000.00,4.745226,92.13671875
08:01:02,912810TX6,TSRYS5743665,D,S,D,2024-04-24,1000000.00,4.745226,92.13671875
08:01:02,912810TX6,TSRYS5743665,D,B,C,2024-04-24,1000000.00,4.745226,92.13671875
08:01:02,912810TX6,TSRYS5743665,D,B,C,2024-04-24,1000000.00,4.745226,92.13671875
08:01:02,912810TX6,TSRYS5743665,D,S,D,2024-04-24,1000000.00,4.745226,92.13671875
08:01:02,912810TX6,TSRYS5743665,D,S,D,2024-04-24,1000000.00,4.745226,92.13671875
08:01:02,912810TX6,TSRYS5743665,D,S,C,2024-04-24,1000000.00,4.744965,92.140625
08:01:02,912810TX6,TSRYS5743665,D,B,C,2024-04-24,1000000.00,4.745226,92.13671875
08:01:02,912810TX6,TSRYS5743665,D,B,C,2024-04-24,1000000.00,4.744182,92.15234375
08:01:02,912810TX6,TSRYS5743665,D,B,C,2024-04-24,1000000.00,4.744443,92.1484375
08:01:02,912810TX6,TSRYS5743665,D,B,C,2024-04-24,1000000.00,4.744965,92.140625
08:01:02,912810TX6,TSRYS5743665,D,S,C,2024-04-24,1000000.00,4.744443,92.1484375
08:01:02,912810TX6,TSRYS5743665,D,S,D,2024-04-24,1000000.00,4.744182,92.15234375
08:01:02,912810TX6,TSRYS5743665,D,B,C,2024-04-24,1000000.00,4.743921,92.15625
08:01:02,912810TX6,TSRYS5743665,D,S,C,2024-04-24,5000000.00,4.762891,91.87295625
08:01:02,912810TX6,TSRYS5743665,D,S,C,2024-04-24,1000000.00,4.743921,92.15625
08:01:02,912810TX6,TSRYS5743665,D,S,D,2024-04-24,1000000.00,4.743399,92.1640625
08:01:02,912810TX6,TSRYS5743665,D,B,C,2024-04-24,1000000.00,4.743399,92.1640625
08:01:02,912810TX6,TSRYS5743665,D,B,C,2024-04-24,1000000.00,4.745748,92.12890625
08:01:02,912810TX6,TSRYS5743665,D,S,D,2024-04-24,1000000.00,4.745748,92.12890625
08:01:02,912810TX6,TSRYS5743665,D,B,C,2024-04-24,1000000.00,4.745748,92.12890625
08:01:02,912810TX6,TSRYS5743665,D,S,C,2024-04-24,1000000.00,4.745748,92.12890625
08:01:02,912810TX6,TSRYS5743665,D,S,D,2024-04-24,1000000.00,4.746009,92.125
08:01:02,912810TX6,TSRYS5743665,D,B,C,2024-04-24,1000000.00,4.746009,92.125
08:01:02,912810TX6,TSRYS5743665,D,S,D,2024-04-24,1000000.00,4.746009,92.125
08:01:02,912810TX6,TSRYS5743665,D,B,C,2024-04-24,1000000.00,4.746009,92.125
08:01:02,912810TX6,TSRYS5743665,D,S,D,2024-04-24,1000000.00,4.745487,92.1328125
08:01:02,912810TX6,TSRYS5743665,D,S,D,2024-04-24,1000000.00,4.764064,91.85546875
08:01:02,912810TX6,TSRYS5743665,D,B,C,2024-04-24,1000000.00,4.745487,92.1328125
08:01:02,912810TX6,TSRYS5743665,D,B,C,2024-04-24,1000000.00,4.745487,92.1328125
08:01:02,912810TX6,TSRYS5743665,D,S,D,2024-04-24,1000000.00,4.745487,92.1328125
08:01:02,912810TX6,TSRYS5743665,D,S,D,2024-04-24,1000000.00,4.745487,92.1328125
08:01:02,912810TX6,TSRYS5743665,D,B,C,2024-04-24,1000000.00,4.745487,92.1328125
08:01:02,912810TX6,TSRYS5743665,D,B,C,2024-04-24,1000000.00,4.745487,92.1328125
08:01:02,912810TX6,TSRYS5743665,D,S,D,2024-04-24,1000000.00,4.745487,92.1328125
08:01:02,912810TX6,TSRYS5743665,D,B,C,2024-04-24,1000000.00,4.745748,92.12890625
08:01:02,912810TX6,TSRYS5743665,D,S,D,2024-04-24,1000000.00,4.745748,92.12890625
08:01:02,912810TX6,TSRYS5743665,D,S,D,2024-04-24,1000000.00,4.745748,92.12890625
08:01:02,912810TX6,TSRYS5743665,D,B,C,2024-04-24,1000000.00,4.745748,92.12890625
08:01:02,912810TX6,TSRYS5743665,D,B,C,2024-04-24,1000000.00,4.746009,92.125
08:01:02,912810TX6,TSRYS5743665,D,S,D,2024-04-24,1000000.00,4.746009,92.125
08:01:02,912810TX6,TSRYS5743665,D,S,D,2024-04-24,1000000.00,4.746009,92.125
08:01:02,912810TX6,TSRYS5743665,D,B,C,2024-04-24,1000000.00,4.746009,92.125
08:01:02,912810TX6,TSRYS5743665,D,B,C,2024-04-24,1000000.00,4.746009,92.125
08:01:02,912810TX6,TSRYS5743665,D,S,D,2024-04-24,1000000.00,4.746009,92.125
08:01:02,912810TX6,TSRYS5743665,D,B,C,2024-04-24,1000000.00,4.746009,92.125
08:01:02,912810TX6,TSRYS5743665,D,S,D,2024-04-24,1000000.00,4.746009,92.125
08:01:02,912810TX6,TSRYS5743665,D,S,D,2024-04-24,1000000.00,4.754112,92.00390625
08:01:02,912810TX6,TSRYS5743665,D,S,C,2024-04-24,1000000.00,4.755943,91.9765625
08:01:02,912810TX6,TSRYS5743665,D,B,C,2024-04-24,2000000.00,4.756728,91.96484375
08:01:02,912810TX6,TSRYS5743665,D,S,D,2024-04-24,2000000.00,4.756728,91.96484375
08:01:02,912810TX6,TSRYS5743665,D,S,C,2024-04-24,1000000.00,4.757776,91.94921875
08:01:02,912810TX6,TSRYS5743665,D,S,D,2024-04-24,1000000.00,4.761705,91.890625
08:01:02,912810TX6,TSRYS5743665,D,S,D,2024-04-24,2000000.00,4.761705,91.890625
08:01:02,912810TX6,TSRYS5743665,D,B,C,2024-04-24,2000000.00,4.761705,91.890625
08:01:02,912810TX6,TSRYS5743665,D,S,D,2024-04-24,1000000.00,4.761705,91.890625
08:01:02,912810TX6,TSRYS5743665,D,S,D,2024-04-24,2000000.00,4.761705,91.890625
08:01:02,912810TX6,TSRYS5743665,D,B,C,2024-04-24,1000000.00,4.761705,91.890625
08:01:02,912810TX6,TSRYS5743665,D,S,D,2024-04-24,1000000.00,4.760657,91.90625
08:01:02,912810TX6,TSRYS5743665,D,S,C,2024-04-24,1000000.00,4.759347,91.92578125
08:01:02,912810TX6,TSRYS5743665,D,S,D,2024-04-24,1000000.00,4.758823,91.93359375
08:01:02,912810TX6,TSRYS5743665,D,B,C,2024-04-24,1000000.00,4.759347,91.92578125
08:01:04,912810TX6,TSRYS5743665,D,B,C,2024-04-24,3000000.00,4.746009,92.125
08:01:07,912810TX6,TSRYS5743665,D,S,D,2024-04-24,5000000.00,4.744087,92.15377
08:01:08,912810TX6,TSRYS5743665,D,B,A,2024-04-24,1000000.00,4.759609,91.921875
08:01:09,912810TX6,TSRYS5743665,D,S,T,2024-04-24,1000000.00,4.758568,91.937398
08:01:09,912810TX6,TSRYS5743665,D,S,T,2024-04-24,1000000.00,4.760526,91.908203125
08:01:09,912810TX6,TSRYS5743665,D,S,A,2024-04-24,2000000.00,4.739486,92.22265625
08:01:10,912810TX6,TSRYS5743665,D,S,D,2024-04-24,1000000.00,4.72595,92.42578125
08:01:10,912810TX6,TSRYS5743665,D,S,D,2024-04-24,1000000.00,4.72595,92.42578125
08:01:10,912810TX6,TSRYS5743665,D,B,A,2024-04-24,1000000.00,4.760657,91.90625
08:01:10,912810TX6,TSRYS5743665,D,S,D,2024-04-24,1000000.00,4.736098,92.2734375
08:01:10,912810TX6,TSRYS5743665,D,S,D,2024-04-24,1000000.00,4.736098,92.2734375
08:01:10,912810TX6,TSRYS5743665,D,S,A,2024-04-24,500000.00,4.743138,92.16796875
08:01:10,912810TX6,TSRYS5743665,D,S,T,2024-04-24,1000000.00,4.735063,92.2889625
08:01:10,912810TX6,TSRYS5743665,D,S,T,2024-04-24,1000000.00,4.736105,92.2733375
08:01:10,912810TX6,TSRYS5743665,D,S,T,2024-04-24,1000000.00,4.736105,92.2733375
08:01:10,912810TX6,TSRYS5743665,D,S,T,2024-04-24,1000000.00,4.758823,91.93359375
08:01:10,912810TX6,TSRYS5743665,D,S,T,2024-04-24,1000000.00,4.735063,92.2889625
08:01:10,912810TX6,TSRYS5743665,D,S,T,2024-04-24,1000000.00,4.735063,92.2889625
08:01:11,912810TX6,TSRYS5743665,D,S,T,2024-04-24,1000000.00,4.722963,92.470703125
08:01:11,912810TX6,TSRYS5743665,D,B,C,2024-04-24,8000000.00,4.760395,91.91015625
08:01:11,912810TX6,TSRYS5743665,D,S,T,2024-04-24,1000000.00,4.760664,91.906148
08:01:11,912810TX6,TSRYS5743665,D,S,D,2024-04-24,1000000.00,4.72621,92.421875
08:01:11,912810TX6,TSRYS5743665,D,S,T,2024-04-24,1000000.00,4.760664,91.906148
08:01:11,912810TX6,TSRYS5743665,D,S,T,2024-04-24,1000000.00,4.760664,91.906148
08:01:11,912810TX6,TSRYS5743665,D,S,T,2024-04-24,1000000.00,4.760664,91.906148
08:01:11,912810TX6,TSRYS5743665,D,S,T,2024-04-24,1000000.00,4.760664,91.906148
08:01:11,912810TX6,TSRYS5743665,D,S,T,2024-04-24,1000000.00,4.760664,91.906148
08:01:11,912810TX6,TSRYS5743665,D,S,T,2024-04-24,2000000.00,4.72829,92.390625
08:01:11,912810TX6,TSRYS5743665,D,S,D,2024-04-24,1000000.00,4.730631,92.35546875
08:01:11,912810TX6,TSRYS5743665,D,S,T,2024-04-24,1000000.00,4.76276,91.874898
08:01:11,912810TX6,TSRYS5743665,D,S,T,2024-04-24,1000000.00,4.758168,91.943359375
08:01:11,912810TX6,TSRYS5743665,D,S,T,2024-04-24,1000000.00,4.734536,92.296875
08:01:11,912810TX6,TSRYS5743665,D,S,T,2024-04-24,1000000.00,4.763809,91.859273
08:01:11,912810TX6,TSRYS5743665,D,S,T,2024-04-24,1000000.00,4.735592,92.281025
08:01:11,912810TX6,TSRYS5743665,D,B,A,2024-04-24,2000000.00,4.738704,92.234375
08:01:11,912810TX6,TSRYS5743665,D,S,T,2024-04-24,1000000.00,4.738704,92.234375
08:01:11,912810TX6,TSRYS5743665,D,S,T,2024-04-24,1000000.00,4.742892,92.17165
08:01:12,912810TX6,TSRYS5743665,D,S,D,2024-04-24,1000000.00,4.724085,92.453825
08:01:12,912810TX6,TSRYS5743665,D,S,T,2024-04-24,1000000.00,4.758561,91.9375
08:01:12,912810TX6,TSRYS5743665,D,B,C,2024-04-24,1000000.00,4.734785,92.2931357
08:01:12,912810TX6,TSRYS5743665,D,B,C,2024-04-24,1000000.00,4.739382,92.224223
08:01:12,912810TX6,TSRYS5743665,D,B,C,2024-04-24,2000000.00,4.743365,92.1645645
08:01:12,912810TX6,TSRYS5743665,D,S,T,2024-04-24,1000000.00,4.734536,92.296875
08:01:12,912810TX6,TSRYS5743665,D,S,D,2024-04-24,500000.00,4.746009,92.125
08:01:12,912810TX6,TSRYS5743665,D,S,T,2024-04-24,1000000.00,4.746532,92.1171875
08:01:12,912810TX6,TSRYS5743665,D,B,A,2024-04-24,3000000.00,4.745487,92.1328125
08:01:12,912810TX6,TSRYS5743665,D,S,D,2024-04-24,1000000.00,4.743138,92.16796875
08:01:12,912810TX6,TSRYS5743665,D,S,D,2024-04-24,1000000.00,4.742355,92.1796875
08:01:12,912810TX6,TSRYS5743665,D,S,T,2024-04-24,1000000.00,4.743138,92.16796875
08:01:13,912810TX6,TSRYS5743665,D,S,D,2024-04-24,1000000.00,4.742094,92.18359375
08:01:13,912810TX6,TSRYS5743665,D,B,A,2024-04-24,5000000.00,4.743399,92.1640625
08:01:13,912810TX6,TSRYS5743665,D,S,D,2024-04-24,1000000.00,4.743138,92.16796875
08:01:13,912810TX6,TSRYS5743665,D,S,T,2024-04-24,1000000.00,4.757645,91.951171875
08:01:13,912810TX6,TSRYS5743665,D,S,D,2024-04-24,1000000.00,4.741312,92.1953125
08:01:13,912810TX6,TSRYS5743665,D,S,A,2024-04-24,5000000.00,4.739226,92.2265625
08:01:14,912810TX6,TSRYS5743665,D,S,D,2024-04-24,1000000.00,4.745748,92.12890625
08:01:14,912810TX6,TSRYS5743665,D,S,T,2024-04-24,1000000.00,4.743921,92.15625
08:01:14,912810TX6,TSRYS5743665,D,S,T,2024-04-24,1000000.00,4.758561,91.9375
08:01:14,912810TX6,TSRYS5743665,D,S,T,2024-04-24,1000000.00,4.757907,91.947265625
08:01:14,912810TX6,TSRYS5743665,D,S,T,2024-04-24,1000000.00,4.758561,91.9375
08:01:14,912810TX6,TSRYS5743665,D,S,T,2024-04-24,1000000.00,4.757776,91.94921875
08:01:14,912810TX6,TSRYS5743665,D,S,T,2024-04-24,1000000.00,4.75843,91.939453125
08:01:14,912810TX6,TSRYS5743665,D,S,T,2024-04-24,1000000.00,4.757645,91.951171875
08:01:15,912810TX6,TSRYS5743665,D,B,C,2024-04-24,1000000.00,4.725171,92.4375
08:01:15,912810TX6,TSRYS5743665,D,S,D,2024-04-24,1000000.00,4.725171,92.4375
08:01:15,912810TX6,TSRYS5743665,D,S,T,2024-04-24,1000000.00,4.758168,91.943359375
08:01:15,912810TX6,TSRYS5743665,D,S,C,2024-04-24,1000000.00,4.724131,92.453125
08:01:15,912810TX6,TSRYS5743665,D,S,A,2024-04-24,5400000.00,4.752529,92.02754375
08:01:15,912810TX6,TSRYS5743665,D,S,D,2024-04-24,1000000.00,4.724131,92.453125
08:01:15,912810TX6,TSRYS5743665,D,S,T,2024-04-24,1000000.00,4.758561,91.9375
08:01:15,912810TX6,TSRYS5743665,D,S,T,2024-04-24,1000000.00,4.750189,92.0625
08:01:15,912810TX6,TSRYS5743665,D,S,T,2024-04-24,1000000.00,4.750189,92.0625
08:01:15,912810TX6,TSRYS5743665,D,S,T,2024-04-24,1000000.00,4.751235,92.046875
08:01:15,912810TX6,TSRYS5743665,D,S,T,2024-04-24,1000000.00,4.751235,92.046875
08:01:15,912810TX6,TSRYS5743665,D,S,T,2024-04-24,1000000.00,4.751235,92.046875
08:01:15,912810TX6,TSRYS5743665,D,S,T,2024-04-24,1000000.00,4.758561,91.9375
08:01:15,912810TX6,TSRYS5743665,D,S,T,2024-04-24,1000000.00,4.751235,92.046875
08:01:15,912810TX6,TSRYS5743665,D,S,T,2024-04-24,1000000.00,4.757776,91.94921875
08:01:15,912810TX6,TSRYS5743665,D,S,T,2024-04-24,1000000.00,4.758561,91.9375
08:01:15,912810TX6,TSRYS5743665,D,S,D,2024-04-24,1000000.00,4.75542,91.984375
08:01:15,912810TX6,TSRYS5743665,D,S,T,2024-04-24,1000000.00,4.758168,91.943359375
08:01:15,912810TX6,TSRYS5743665,D,B,A,2024-04-24,3000000.00,4.756467,91.96875
08:01:15,912810TX6,TSRYS5743665,D,S,D,2024-04-24,1000000.00,4.755681,91.98046875
08:01:16,912810TX6,TSRYS5743665,D,S,A,2024-04-24,3000000.00,4.754112,92.00390625
08:01:16,912810TX6,TSRYS5743665,D,S,T,2024-04-24,1000000.00,4.757776,91.94921875
08:01:16,912810TX6,TSRYS5743665,D,S,T,2024-04-24,1000000.00,4.759609,91.921875
08:01:16,912810TX6,TSRYS5743665,D,S,T,2024-04-24,1000000.00,4.760526,91.908203125
08:01:16,912810TX6,TSRYS5743665,D,S,T,2024-04-24,1000000.00,4.760526,91.908203125
08:01:17,912810TX6,TSRYS5743665,D,S,T,2024-04-24,1000000.00,4.758037,91.9453125
08:01:17,912810TX6,TSRYS5743665,D,S,D,2024-04-24,4000000.00,4.762753,91.875
08:01:17,912810TX6,TSRYS5743665,D,S,D,2024-04-24,1000000.00,4.762753,91.875
08:01:17,912810TX6,TSRYS5743665,D,S,T,2024-04-24,1000000.00,4.760526,91.908203125
08:01:17,912810TX6,TSRYS5743665,D,S,A,2024-04-24,11000.00,4.757796,91.94921875
08:01:17,912810TX6,TSRYS5743665,D,S,T,2024-04-24,1000000.00,4.7659,91.828125
08:01:17,912810TX6,TSRYS5743665,D,S,T,2024-04-24,1000000.00,4.743921,92.15625
08:01:17,912810TX6,TSRYS5743665,D,S,T,2024-04-24,1000000.00,4.743921,92.15625
08:01:18,912810TX6,TSRYS5743665,D,S,T,2024-04-24,1000000.00,4.743921,92.15625
08:01:18,912810TX6,TSRYS5743665,D,B,A,2024-04-24,1000000.00,4.759609,91.921875
08:01:18,912810TX6,TSRYS5743665,D,B,A,2024-04-24,1000000.00,4.759609,91.921875
08:01:18,912810TX6,TSRYS5743665,D,S,D,2024-04-24,1000000.00,4.758823,91.93359375
08:01:18,912810TX6,TSRYS5743665,D,S,D,2024-04-24,1000000.00,4.759871,91.91796875
08:01:18,912810TX6,TSRYS5743665,D,S,T,2024-04-24,1000000.00,4.757645,91.951171875
08:01:18,912810TX6,TSRYS5743665,D,S,D,2024-04-24,4000000.00,4.759609,91.921875
08:01:19,912810TX6,TSRYS5743665,D,B,A,2024-04-24,1000000.00,4.759609,91.921875
08:01:19,912810TX6,TSRYS5743665,D,S,T,2024-04-24,1000000.00,4.760002,91.916015625
08:01:19,912810TX6,TSRYS5743665,D,S,T,2024-04-24,1000000.00,4.75974,91.919921875
08:01:19,912810TX6,TSRYS5743665,D,S,A,2024-04-24,1000000.00,4.75385,92.0078125
08:01:19,912810TX6,TSRYS5743665,D,S,T,2024-04-24,1000000.00,4.758168,91.943359375
08:01:19,912810TX6,TSRYS5743665,D,B,A,2024-04-24,5200000.00,4.742355,92.1796875
08:01:19,912810TX6,TSRYS5743665,D,B,A,2024-04-24,1000000.00,4.758168,91.94335938
08:01:19,912810TX6,TSRYS5743665,D,S,D,2024-04-24,1000000.00,4.764851,91.84375
08:01:20,912810TX6,TSRYS5743665,D,S,D,2024-04-24,1000000.00,4.757776,91.94921875
08:01:20,912810TX6,TSRYS5743665,D,S,T,2024-04-24,1000000.00,4.72582,92.427734375
08:01:20,912810TX6,TSRYS5743665,D,S,T,2024-04-24,1000000.00,4.72595,92.42578125
08:01:20,912810TX6,TSRYS5743665,D,S,T,2024-04-24,1000000.00,4.734015,92.3046875
08:01:20,912810TX6,TSRYS5743665,D,S,T,2024-04-24,1000000.00,4.738704,92.234375
08:01:20,912810TX6,TSRYS5743665,D,S,T,2024-04-24,1000000.00,4.743399,92.1640625
08:01:20,912810TX6,TSRYS5743665,D,B,A,2024-04-24,5000000.00,4.724391,92.44921875
08:01:20,912810TX6,TSRYS5743665,D,S,D,2024-04-24,1000000.00,4.722833,92.47265625
08:01:20,912810TX6,TSRYS5743665,D,S,T,2024-04-24,1000000.00,4.722963,92.470703125
08:01:20,912810TX6,TSRYS5743665,D,S,T,2024-04-24,1000000.00,4.722963,92.470703125
08:01:21,912810TX6,TSRYS5743665,D,S,T,2024-04-24,1000000.00,4.738704,92.234375
08:01:21,912810TX6,TSRYS5743665,D,S,D,2024-04-24,1000000.00,4.72673,92.4140625
08:01:21,912810TX6,TSRYS5743665,D,S,D,2024-04-24,2000000.00,4.740008,92.21484375
08:01:21,912810TX6,TSRYS5743665,D,S,T,2024-04-24,1000000.00,4.757514,91.953125
08:01:21,912810TX6,TSRYS5743665,D,B,C,2024-04-24,8000000.00,4.758037,91.9453125
08:01:21,912810TX6,TSRYS5743665,D,B,C,2024-04-24,8000000.00,4.758823,91.93359375
08:01:22,912810TX6,TSRYS5743665,D,S,T,2024-04-24,1000000.00,4.746532,92.1171875
08:01:22,912810TX6,TSRYS5743665,D,S,A,2024-04-24,3000000.00,4.742616,92.17578125
08:01:22,912810TX6,TSRYS5743665,D,S,T,2024-04-24,1000000.00,4.75542,91.984375
08:01:22,912810TX6,TSRYS5743665,D,S,T,2024-04-24,1000000.00,4.742877,92.171875
08:01:22,912810TX6,TSRYS5743665,D,S,T,2024-04-24,2000000.00,4.741442,92.193359375
08:01:22,912810TX6,TSRYS5743665,D,S,A,2024-04-24,16700000.00,4.724131,92.453125
08:01:22,912810TX6,TSRYS5743665,D,S,C,2024-04-24,665000.00,4.763802,91.859375
08:01:22,912810TX6,TSRYS5743665,D,S,A,2024-04-24,6700000.00,4.739226,92.2265625
08:01:22,912810TX6,TSRYS5743665,D,S,T,2024-04-24,1000000.00,4.759478,91.923828125
08:01:22,912810TX6,TSRYS5743665,D,S,T,2024-04-24,2000000.00,4.758561,91.9375
08:01:22,912810TX6,TSRYS5743665,D,S,D,2024-04-24,1000000.00,4.755943,91.9765625
08:01:22,912810TX6,TSRYS5743665,D,S,D,2024-04-24,1000000.00,4.744182,92.15234375
08:01:22,912810TX6,TSRYS5743665,D,S,T,2024-04-24,1000000.00,4.760526,91.908203125
08:01:23,912810TX6,TSRYS5743665,D,S,T,2024-04-24,2000000.00,4.740399,92.208984375
08:01:23,912810TX6,TSRYS5743665,D,S,D,2024-04-24,250000.00,4.754373,92.0
08:01:23,912810TX6,TSRYS5743665,D,S,A,2024-04-24,9900000.00,4.742603,92.17598125
08:01:23,912810TX6,TSRYS5743665,D,B,A,2024-04-24,5000000.00,4.745226,92.13671875
08:01:23,912810TX6,TSRYS5743665,D,S,T,2024-04-24,1000000.00,4.758561,91.9375
08:01:23,912810TX6,TSRYS5743665,D,S,T,2024-04-24,1000000.00,4.758561,91.9375
08:01:23,912810TX6,TSRYS5743665,D,S,T,2024-04-24,1000000.00,4.738313,92.24023437
08:01:23,912810TX6,TSRYS5743665,D,S,T,2024-04-24,1000000.00,4.734536,92.296875
08:01:24,912810TX6,TSRYS5743665,D,S,T,2024-04-24,1000000.00,4.758561,91.9375
08:01:24,912810TX6,TSRYS5743665,D,S,D,2024-04-24,1000000.00,4.738313,92.24023437
08:01:24,912810TX6,TSRYS5743665,D,S,T,2024-04-24,1000000.00,4.760526,91.908203125
08:01:24,912810TX6,TSRYS5743665,D,S,T,2024-04-24,3000000.00,4.758561,91.9375
08:01:24,912810TX6,TSRYS5743665,D,B,A,2024-04-24,2016000.00,4.747576,92.101562
08:01:24,912810TX6,TSRYS5743665,D,S,A,2024-04-24,10000000.00,4.752529,92.02754375
08:01:24,912810TX6,TSRYS5743665,D,S,T,2024-04-24,1000000.00,4.752281,92.03125
08:01:24,912810TX6,TSRYS5743665,D,S,T,2024-04-24,1000000.00,4.758561,91.9375
08:01:24,912810TX6,TSRYS5743665,D,S,T,2024-04-24,1000000.00,4.752281,92.03125
08:01:24,912810TX6,TSRYS5743665,D,S,T,2024-04-24,1000000.00,4.758561,91.9375
08:01:24,912810TX6,TSRYS5743665,D,S,A,2024-04-24,3000000.00,4.750189,92.0625
08:01:24,912810TX6,TSRYS5743665,D,S,T,2024-04-24,1000000.00,4.750189,92.0625
08:01:24,912810TX6,TSRYS5743665,D,S,T,2024-04-24,1000000.00,4.750189,92.0625
08:01:24,912810TX6,TSRYS5743665,D,S,T,2024-04-24,1000000.00,4.750189,92.0625
08:01:24,912810TX6,TSRYS5743665,D,S,T,2024-04-24,1000000.00,4.750189,92.0625
08:01:24,912810TX6,TSRYS5743665,D,S,T,2024-04-24,1000000.00,4.751235,92.046875
08:01:24,912810TX6,TSRYS5743665,D,S,T,2024-04-24,1000000.00,4.758561,91.9375
08:01:24,912810TX6,TSRYS5743665,D,S,T,2024-04-24,1000000.00,4.751235,92.046875
08:01:24,912810TX6,TSRYS5743665,D,S,T,2024-04-24,1000000.00,4.751235,92.046875
08:01:25,912810TX6,TSRYS5743665,D,S,T,2024-04-24,1000000.00,4.758168,91.943359375
08:01:25,912810TX6,TSRYS5743665,D,S,T,2024-04-24,2000000.00,4.750189,92.0625
08:01:25,912810TX6,TSRYS5743665,D,S,D,2024-04-24,1000000.00,4.755812,91.978515625
08:01:25,912810TX6,TSRYS5743665,D,S,D,2024-04-24,1000000.00,4.755812,91.978515625
08:01:25,912810TX6,TSRYS5743665,D,S,T,2024-04-24,1000000.00,4.750189,92.0625
08:01:25,912810TX6,TSRYS5743665,D,S,T,2024-04-24,1000000.00,4.750189,92.0625
08:01:25,912810TX6,TSRYS5743665,D,S,T,2024-04-24,1000000.00,4.750189,92.0625
08:01:25,912810TX6,TSRYS5743665,D,S,T,2024-04-24,1000000.00,4.758561,91.9375
08:01:25,912810TX6,TSRYS5743665,D,S,T,2024-04-24,1000000.00,4.75843,91.939453125
08:01:25,912810TX6,TSRYS5743665,D,S,T,2024-04-24,1000000.00,4.758168,91.943359375
08:01:25,912810TX6,TSRYS5743665,D,S,T,2024-04-24,3000000.00,4.758561,91.9375
08:01:25,912810TX6,TSRYS5743665,D,S,D,2024-04-24,125000.00,4.75542,91.984375
08:01:25,912810TX6,TSRYS5743665,D,S,D,2024-04-24,1000000.00,4.72582,92.427734375
08:01:25,912810TX6,TSRYS5743665,D,S,D,2024-04-24,1000000.00,4.72595,92.42578125
08:01:25,912810TX6,TSRYS5743665,D,S,C,2024-04-24,1000000.00,4.72621,92.421875
08:01:25,912810TX6,TSRYS5743665,D,S,C,2024-04-24,1000000.00,4.72621,92.421875
08:01:26,912810TX6,TSRYS5743665,D,S,T,2024-04-24,1000000.00,4.758561,91.9375
08:01:26,912810TX6,TSRYS5743665,D,S,D,2024-04-24,1000000.00,4.735708,92.27929687
08:01:26,912810TX6,TSRYS5743665,D,S,D,2024-04-24,1000000.00,4.758561,91.9375
08:01:26,912810TX6,TSRYS5743665,D,S,D,2024-04-24,1000000.00,4.735708,92.27929687
08:01:26,912810TX6,TSRYS5743665,D,S,D,2024-04-24,1000000.00,4.735708,92.27929687
08:01:26,912810TX6,TSRYS5743665,D,S,T,2024-04-24,1000000.00,4.735708,92.27929687
08:01:26,912810TX6,TSRYS5743665,D,S,D,2024-04-24,1000000.00,4.735708,92.27929687
08:01:26,912810TX6,TSRYS5743665,D,S,D,2024-04-24,1000000.00,4.735708,92.27929687
08:01:26,912810TX6,TSRYS5743665,D,S,T,2024-04-24,1000000.00,4.758168,91.943359375
08:01:26,912810TX6,TSRYS5743665,D,S,D,2024-04-24,1000000.00,4.735708,92.27929687
08:01:27,912810TX6,TSRYS5743665,D,S,D,2024-04-24,1000000.00,4.735708,92.27929687
08:01:27,912810TX6,TSRYS5743665,D,S,D,2024-04-24,1000000.00,4.735577,92.28125
08:01:27,912810TX6,TSRYS5743665,D,S,D,2024-04-24,1000000.00,4.735577,92.28125
08:01:28,912810TX6,TSRYS5743665,D,S,T,2024-04-24,1000000.00,4.758561,91.9375
08:01:28,912810TX6,TSRYS5743665,D,S,C,2024-04-24,1575000.00,4.758037,91.9453125
08:01:28,912810TX6,TSRYS5743665,D,S,T,2024-04-24,1000000.00,4.75542,91.984375
08:01:28,912810TX6,TSRYS5743665,D,S,C,2024-04-24,1575000.00,4.758823,91.93359375
08:01:28,912810TX6,TSRYS5743665,D,S,D,2024-04-24,1000000.00,4.759085,91.9296875
08:01:28,912810TX6,TSRYS5743665,D,S,D,2024-04-24,1000000.00,4.759085,91.9296875
08:01:28,912810TX6,TSRYS5743665,D,B,C,2024-04-24,1000000.00,4.759085,91.9296875
08:01:28,912810TX6,TSRYS5743665,D,S,D,2024-04-24,1000000.00,4.759871,91.91796875
08:01:28,912810TX6,TSRYS5743665,D,B,C,2024-04-24,1000000.00,4.760657,91.90625
08:01:28,912810TX6,TSRYS5743665,D,S,D,2024-04-24,1000000.00,4.760657,91.90625
08:01:28,912810TX6,TSRYS5743665,D,S,D,2024-04-24,1000000.00,4.757776,91.94921875
08:01:28,912810TX6,TSRYS5743665,D,S,T,2024-04-24,1000000.00,4.754373,92.0
08:01:28,912810TX6,TSRYS5743665,D,S,T,2024-04-24,1000000.00,4.758561,91.9375
08:01:28,912810TX6,TSRYS5743665,D,S,T,2024-04-24,1000000.00,4.758561,91.9375
08:01:28,912810TX6,TSRYS5743665,D,S,T,2024-04-24,1000000.00,4.755812,91.978515625
08:01:29,912810TX6,TSRYS5743665,D,S,T,2024-04-24,1000000.00,4.757776,91.94921875
08:01:29,912810TX6,TSRYS5743665,D,B,A,2024-04-24,1000000.00,4.759609,91.921875
08:01:29,912810TX6,TSRYS5743665,D,S,D,2024-04-24,1000000.00,4.760657,91.90625
08:01:29,912810TX6,TSRYS5743665,D,S,D,2024-04-24,1000000.00,4.760657,91.90625
08:01:29,912810TX6,TSRYS5743665,D,S,T,2024-04-24,1000000.00,4.753327,92.015625
08:01:29,912810TX6,TSRYS5743665,D,S,D,2024-04-24,1000000.00,4.764851,91.84375
08:01:29,912810TX6,TSRYS5743665,D,S,D,2024-04-24,3000000.00,4.764851,91.84375
08:01:29,912810TX6,TSRYS5743665,D,S,T,2024-04-24,1000000.00,4.758037,91.9453125
08:01:29,912810TX6,TSRYS5743665,D,S,D,2024-04-24,1000000.00,4.738183,92.2421875
08:01:29,912810TX6,TSRYS5743665,D,S,T,2024-04-24,1000000.00,4.758561,91.9375
08:01:29,912810TX6,TSRYS5743665,D,S,D,2024-04-24,1000000.00,4.736619,92.265625
08:01:29,912810TX6,TSRYS5743665,D,S,D,2024-04-24,1000000.00,4.736619,92.265625
08:01:29,912810TX6,TSRYS5743665,D,S,D,2024-04-24,1000000.00,4.736619,92.265625
08:01:29,912810TX6,TSRYS5743665,D,S,D,2024-04-24,1000000.00,4.759347,91.92578125
08:01:29,912810TX6,TSRYS5743665,D,B,C,2024-04-24,1000000.00,4.759347,91.92578125
08:01:30,912810TX6,TSRYS5743665,D,S,D,2024-04-24,1000000.00,4.739226,92.2265625
08:01:30,912810TX6,TSRYS5743665,D,B,A,2024-04-24,888000.00,4.744182,92.15234375
08:01:30,912810TX6,TSRYS5743665,D,B,C,2024-04-24,1000000.00,4.759609,91.921875
08:01:30,912810TX6,TSRYS5743665,D,S,D,2024-04-24,1000000.00,4.759609,91.921875
08:01:30,912810TX6,TSRYS5743665,D,S,T,2024-04-24,1000000.00,4.758581,91.9372
08:01:30,912810TX6,TSRYS5743665,D,S,D,2024-04-24,1000000.00,4.758561,91.9375
08:01:30,912810TX6,TSRYS5743665,D,S,C,2024-04-24,1000000.00,4.759085,91.9296875
08:01:30,912810TX6,TSRYS5743665,D,S,T,2024-04-24,1000000.00,4.760677,91.90595
08:01:30,912810TX6,TSRYS5743665,D,S,T,2024-04-24,1000000.00,4.758561,91.9375
08:01:31,912810TX6,TSRYS5743665,D,S,D,2024-04-24,1000000.00,4.758299,91.94140625
08:01:31,912810TX6,TSRYS5743665,D,S,T,2024-04-24,1000000.00,4.758561,91.9375
08:01:31,912810TX6,TSRYS5743665,D,S,D,2024-04-24,1000000.00,4.758037,91.9453125
08:01:31,912810TX6,TSRYS5743665,D,B,A,2024-04-24,4884000.00,4.755681,91.98046875
08:01:31,912810TX6,TSRYS5743665,D,B,C,2024-04-24,1000000.00,4.759347,91.92578125
08:01:31,912810TX6,TSRYS5743665,D,S,D,2024-04-24,1000000.00,4.759347,91.92578125
08:01:31,912810TX6,TSRYS5743665,D,S,A,2024-04-24,200000.00,4.749425,92.07421875
08:01:31,912810TX6,TSRYS5743665,D,B,A,2024-04-24,1000000.00,4.758561,91.9375
08:01:32,912810TX6,TSRYS5743665,D,S,T,2024-04-24,1000000.00,4.758561,91.9375
08:01:32,912810TX6,TSRYS5743665,D,S,C,2024-04-24,1000000.00,4.76354,91.86328125
08:01:32,912810TX6,TSRYS5743665,D,B,C,2024-04-24,1000000.00,4.76354,91.86328125
08:01:32,912810TX6,TSRYS5743665,D,S,D,2024-04-24,1000000.00,4.763802,91.859375
08:01:32,912810TX6,TSRYS5743665,D,B,C,2024-04-24,1000000.00,4.763802,91.859375
08:01:32,912810TX6,TSRYS5743665,D,S,D,2024-04-24,1000000.00,4.763802,91.859375
08:01:32,912810TX6,TSRYS5743665,D,B,C,2024-04-24,1000000.00,4.763802,91.859375
08:01:32,912810TX6,TSRYS5743665,D,B,C,2024-04-24,1000000.00,4.763802,91.859375
08:01:32,912810TX6,TSRYS5743665,D,S,D,2024-04-24,1000000.00,4.763802,91.859375
08:01:32,912810TX6,TSRYS5743665,D,S,D,2024-04-24,1000000.00,4.763802,91.859375
08:01:32,912810TX6,TSRYS5743665,D,B,C,2024-04-24,1000000.00,4.763802,91.859375
08:01:32,912810TX6,TSRYS5743665,D,S,D,2024-04-24,1000000.00,4.763802,91.859375
08:01:32,912810TX6,TSRYS5743665,D,B,C,2024-04-24,1000000.00,4.763802,91.859375
08:01:32,912810TX6,TSRYS5743665,D,S,T,2024-04-24,1000000.00,4.758561,91.9375
08:01:32,912810TX6,TSRYS5743665,D,B,C,2024-04-24,1000000.00,4.738704,92.234375
