tradeTime,cusip,issueSymbolIdentifier,priceType,reportingSideCode,contraPartyTypeCode,tradeDate,reportedTradeVolume,lastSaleYield,lastSalePrice
08:00:03,912810UA4,TSRYS5802849,D,S,T,2024-07-26,1000000.00,4.493092,102.1484375
08:00:03,912810UA4,TSRYS5802849,D,S,D,2024-07-26,1000000.00,4.491679,102.171875
08:00:03,912810UA4,TSRYS5802849,D,S,D,2024-07-26,1000000.00,4.491679,102.171875
08:00:03,912810UA4,TSRYS5802849,D,S,D,2024-07-26,1000000.00,4.491679,102.171875
08:00:03,912810UA4,TSRYS5802849,D,S,D,2024-07-26,1000000.00,4.486033,102.265625
08:00:03,912810UA4,TSRYS5802849,D,S,D,2024-07-26,1000000.00,4.488855,102.21875
08:00:03,912810UA4,TSRYS5802849,D,S,D,2024-07-26,1000000.00,4.488855,102.21875
08:00:03,912810UA4,TSRYS5802849,D,S,D,2024-07-26,1000000.00,4.489796,102.203125
08:00:03,912810UA4,TSRYS5802849,D,S,D,2024-07-26,1000000.00,4.488855,102.21875
08:00:03,912810UA4,TSRYS5802849,D,S,D,2024-07-26,1000000.00,4.486033,102.265625
08:00:03,912810UA4,TSRYS5802849,D,S,D,2024-07-26,1000000.00,4.486033,102.265625
08:00:03,912810UA4,TSRYS5802849,D,S,T,2024-07-26,1000000.00,4.486738,102.25390625
08:00:03,912810UA4,TSRYS5802849,D,S,T,2024-07-26,1000000.00,4.486503,102.2578125
08:00:03,912810UA4,TSRYS5802849,D,S,T,2024-07-26,1000000.00,4.491091,102.181640625
08:00:03,912810UA4,TSRYS5802849,D,S,T,2024-07-26,1000000.00,4.491091,102.181640625
08:00:03,912810UA4,TSRYS5802849,D,S,T,2024-07-26,1000000.00,4.498512,102.05859375
08:00:03,912810UA4,TSRYS5802849,D,S,D,2024-07-26,1000000.00,4.507127,101.916015625
08:00:03,912810UA4,TSRYS5802849,D,S,D,2024-07-26,1000000.00,4.507127,101.916015625
08:00:03,912810UA4,TSRYS5802849,D,S,T,2024-07-26,1000000.00,4.506772,101.921875
08:00:03,912810UA4,TSRYS5802849,D,S,T,2024-07-26,1000000.00,4.506536,101.92578125
08:00:03,912810UA4,TSRYS5802849,D,S,T,2024-07-26,1000000.00,4.506418,101.927734375
08:00:03,912810UA4,TSRYS5802849,D,S,T,2024-07-26,1000000.00,4.504883,101.953125
08:00:03,912810UA4,TSRYS5802849,D,S,D,2024-07-26,1000000.00,4.503466,101.9765625
08:00:03,912810UA4,TSRYS5802849,D,S,T,2024-07-26,1000000.00,4.504883,101.953125
08:00:03,912810UA4,TSRYS5802849,D,S,T,2024-07-26,1000000.00,4.504883,101.953125
08:00:03,912810UA4,TSRYS5802849,D,S,T,2024-07-26,1000000.00,4.504883,101.953125
08:00:03,912810UA4,TSRYS5802849,D,S,T,2024-07-26,1000000.00,4.503584,101.974609375
08:00:03,912810UA4,TSRYS5802849,D,S,D,2024-07-26,1000000.00,4.501696,102.005859375
08:00:03,912810UA4,TSRYS5802849,D,S,T,2024-07-26,1000000.00,4.501696,102.005859375
08:00:03,912810UA4,TSRYS5802849,D,S,D,2024-07-26,1000000.00,4.501342,102.01171875
08:00:03,912810UA4,TSRYS5802849,D,S,D,2024-07-26,1000000.00,4.501342,102.01171875
08:00:03,912810UA4,TSRYS5802849,D,S,D,2024-07-26,1000000.00,4.493799,102.13671875
08:00:03,912810UA4,TSRYS5802849,D,S,T,2024-07-26,1000000.00,4.493799,102.13671875
08:00:03,912810UA4,TSRYS5802849,D,S,D,2024-07-26,1000000.00,4.49321,102.146484375
08:00:03,912810UA4,TSRYS5802849,D,S,T,2024-07-26,1000000.00,4.49321,102.146484375
08:00:03,912810UA4,TSRYS5802849,D,S,T,2024-07-26,1000000.00,4.49321,102.146484375
08:00:04,912810UA4,TSRYS5802849,D,S,D,2024-07-26,1000000.00,4.479925,102.3671875
08:00:04,912810UA4,TSRYS5802849,D,S,D,2024-07-26,1000000.00,4.479925,102.3671875
08:00:04,912810UA4,TSRYS5802849,D,S,T,2024-07-26,1000000.00,4.479573,102.373046875
08:00:04,912810UA4,TSRYS5802849,D,S,D,2024-07-26,1000000.00,4.479573,102.373046875
08:00:04,912810UA4,TSRYS5802849,D,S,D,2024-07-26,1000000.00,4.480159,102.36328125
08:00:04,912810UA4,TSRYS5802849,D,S,T,2024-07-26,1000000.00,4.480159,102.36328125
08:00:04,912810UA4,TSRYS5802849,D,S,T,2024-07-26,1000000.00,4.486974,102.25
08:00:04,912810UA4,TSRYS5802849,D,S,D,2024-07-26,1000000.00,4.484505,102.291015625
08:00:04,912810UA4,TSRYS5802849,D,S,D,2024-07-26,1000000.00,4.485798,102.26953125
08:00:04,912810UA4,TSRYS5802849,D,S,T,2024-07-26,1000000.00,4.485798,102.26953125
08:00:04,912810UA4,TSRYS5802849,D,S,D,2024-07-26,1000000.00,4.485798,102.26953125
08:00:04,912810UA4,TSRYS5802849,D,S,D,2024-07-26,1000000.00,4.48427,102.294921875
08:00:04,912810UA4,TSRYS5802849,D,S,D,2024-07-26,800000.00,4.48427,102.294921875
08:00:04,912810UA4,TSRYS5802849,D,S,D,2024-07-26,1000000.00,4.469607,102.5390625
08:00:04,912810UA4,TSRYS5802849,D,S,D,2024-07-26,1000000.00,4.469139,102.546875
08:00:04,912810UA4,TSRYS5802849,D,S,T,2024-07-26,1000000.00,4.469139,102.546875
08:00:04,912810UA4,TSRYS5802849,D,S,T,2024-07-26,1000000.00,4.469139,102.546875
08:00:04,912810UA4,TSRYS5802849,D,S,T,2024-07-26,1000000.00,4.469139,102.546875
08:00:04,912810UA4,TSRYS5802849,D,S,T,2024-07-26,1000000.00,4.469139,102.546875
08:00:04,912810UA4,TSRYS5802849,D,S,C,2024-07-26,1425000.00,4.477812,102.40234375
08:00:04,912810UA4,TSRYS5802849,D,S,T,2024-07-26,1000000.00,4.47746,102.408203125
08:00:04,912810UA4,TSRYS5802849,D,B,C,2024-07-26,1000000.00,4.478282,102.39453125
08:00:05,912810UA4,TSRYS5802849,D,S,T,2024-07-26,1000000.00,4.50205,102.0
08:00:05,912810UA4,TSRYS5802849,D,S,T,2024-07-26,1000000.00,4.504883,101.953125
08:00:05,912810UA4,TSRYS5802849,D,S,T,2024-07-26,1000000.00,4.503938,101.96875
08:00:05,912810UA4,TSRYS5802849,D,S,T,2024-07-26,1000000.00,4.490738,102.1875
08:00:05,912810UA4,TSRYS5802849,D,S,T,2024-07-26,1000000.00,4.485093,102.28125
08:00:05,912810UA4,TSRYS5802849,D,S,T,2024-07-26,1000000.00,4.471013,102.515625
08:00:10,912810UA4,TSRYS5802849,D,S,T,2024-07-26,1000000.00,4.470076,102.53125
08:00:10,912810UA4,TSRYS5802849,D,S,D,2024-07-26,5000000.00,4.482038,102.33203125
08:00:10,912810UA4,TSRYS5802849,D,S,D,2024-07-26,7000000.00,4.482273,102.328125
08:00:10,912810UA4,TSRYS5802849,D,S,D,2024-07-26,1000000.00,4.487444,102.2421875
08:00:10,912810UA4,TSRYS5802849,D,S,T,2024-07-26,1000000.00,4.470076,102.53125
08:00:10,912810UA4,TSRYS5802849,D,S,T,2024-07-26,1000000.00,4.470076,102.53125
08:00:10,912810UA4,TSRYS5802849,D,S,T,2024-07-26,1000000.00,4.470076,102.53125
08:00:10,912810UA4,TSRYS5802849,D,S,D,2024-07-26,1000000.00,4.487679,102.23828125
08:00:10,912810UA4,TSRYS5802849,D,S,D,2024-07-26,1000000.00,4.486268,102.26171875
08:00:10,912810UA4,TSRYS5802849,D,S,D,2024-07-26,3000000.00,4.486503,102.2578125
08:00:10,912810UA4,TSRYS5802849,D,S,D,2024-07-26,9000000.00,4.485328,102.27734375
08:00:10,912810UA4,TSRYS5802849,D,S,D,2024-07-26,3000000.00,4.485563,102.2734375
08:00:11,912810UA4,TSRYS5802849,D,S,D,2024-07-26,2000000.00,4.470544,102.5234375
08:00:11,912810UA4,TSRYS5802849,D,S,D,2024-07-26,1000000.00,4.470778,102.51953125
08:00:11,912810UA4,TSRYS5802849,D,S,D,2024-07-26,2000000.00,4.476405,102.42578125
08:00:12,912810UA4,TSRYS5802849,D,B,A,2024-07-26,500000.00,4.487444,102.2421875
08:00:13,912810UA4,TSRYS5802849,D,B,C,2024-07-26,250000.00,4.487209,102.24609375
08:00:13,912810UA4,TSRYS5802849,D,B,C,2024-07-26,250000.00,4.491208,102.1796875
08:00:13,912810UA4,TSRYS5802849,D,S,D,2024-07-26,1000000.00,4.486033,102.265625
08:00:13,912810UA4,TSRYS5802849,D,S,D,2024-07-26,1000000.00,4.486033,102.265625
08:00:13,912810UA4,TSRYS5802849,D,S,T,2024-07-26,1000000.00,4.485093,102.28125
08:00:13,912810UA4,TSRYS5802849,D,S,T,2024-07-26,1000000.00,4.486033,102.265625
08:00:13,912810UA4,TSRYS5802849,D,S,T,2024-07-26,1000000.00,4.486268,102.26171875
08:00:13,912810UA4,TSRYS5802849,D,S,T,2024-07-26,1000000.00,4.487914,102.234375
08:00:13,912810UA4,TSRYS5802849,D,S,T,2024-07-26,1000000.00,4.487444,102.2421875
08:00:13,912810UA4,TSRYS5802849,D,S,T,2024-07-26,1000000.00,4.493092,102.1484375
08:00:13,912810UA4,TSRYS5802849,D,S,T,2024-07-26,1000000.00,4.493092,102.1484375
08:00:13,912810UA4,TSRYS5802849,D,S,D,2024-07-26,1000000.00,4.491679,102.171875
08:00:13,912810UA4,TSRYS5802849,D,S,T,2024-07-26,1000000.00,4.491679,102.171875
08:00:13,912810UA4,TSRYS5802849,D,S,T,2024-07-26,1000000.00,4.491208,102.1796875
08:00:13,912810UA4,TSRYS5802849,D,S,T,2024-07-26,1000000.00,4.491208,102.1796875
08:00:13,912810UA4,TSRYS5802849,D,S,T,2024-07-26,1000000.00,4.491208,102.1796875
08:00:13,912810UA4,TSRYS5802849,D,S,T,2024-07-26,1000000.00,4.491208,102.1796875
08:00:13,912810UA4,TSRYS5802849,D,S,T,2024-07-26,1000000.00,4.491208,102.1796875
08:00:13,912810UA4,TSRYS5802849,D,S,T,2024-07-26,1000000.00,4.491679,102.171875
08:00:13,912810UA4,TSRYS5802849,D,S,T,2024-07-26,1000000.00,4.490738,102.1875
08:00:13,912810UA4,TSRYS5802849,D,S,T,2024-07-26,1000000.00,4.488855,102.21875
08:00:13,912810UA4,TSRYS5802849,D,S,T,2024-07-26,1000000.00,4.490738,102.1875
08:00:13,912810UA4,TSRYS5802849,D,S,T,2024-07-26,1000000.00,4.486503,102.2578125
08:00:13,912810UA4,TSRYS5802849,D,S,D,2024-07-26,1000000.00,4.488855,102.21875
08:00:13,912810UA4,TSRYS5802849,D,S,D,2024-07-26,1000000.00,4.489326,102.2109375
08:00:13,912810UA4,TSRYS5802849,D,S,D,2024-07-26,1000000.00,4.489796,102.203125
08:00:13,912810UA4,TSRYS5802849,D,S,T,2024-07-26,1000000.00,4.488855,102.21875
08:00:13,912810UA4,TSRYS5802849,D,S,C,2024-07-26,5000000.00,4.507906,101.903125
08:00:13,912810UA4,TSRYS5802849,D,S,T,2024-07-26,1000000.00,4.493916,102.134765625
08:00:13,912810UA4,TSRYS5802849,D,S,A,2024-07-26,500000.00,4.490738,102.1875
08:00:13,912810UA4,TSRYS5802849,D,S,T,2024-07-26,1000000.00,4.505827,101.9375
08:00:13,912810UA4,TSRYS5802849,D,S,D,2024-07-26,1000000.00,4.50819,101.8984375
08:00:13,912810UA4,TSRYS5802849,D,S,T,2024-07-26,1000000.00,4.5115,101.84375
08:00:13,912810UA4,TSRYS5802849,D,S,T,2024-07-26,1000000.00,4.505827,101.9375
08:00:13,912810UA4,TSRYS5802849,D,S,T,2024-07-26,1000000.00,4.505827,101.9375
08:00:13,912810UA4,TSRYS5802849,D,S,T,2024-07-26,1000000.00,4.505827,101.9375
08:00:13,912810UA4,TSRYS5802849,D,S,T,2024-07-26,1000000.00,4.504883,101.953125
08:00:13,912810UA4,TSRYS5802849,D,S,T,2024-07-26,1000000.00,4.503938,101.96875
08:00:13,912810UA4,TSRYS5802849,D,S,T,2024-07-26,1000000.00,4.501342,102.01171875
08:00:13,912810UA4,TSRYS5802849,D,S,T,2024-07-26,1000000.00,4.501342,102.01171875
08:00:13,912810UA4,TSRYS5802849,D,S,T,2024-07-26,1000000.00,4.501342,102.01171875
08:00:13,912810UA4,TSRYS5802849,D,S,T,2024-07-26,1000000.00,4.500163,102.03125
08:00:13,912810UA4,TSRYS5802849,D,S,T,2024-07-26,1000000.00,4.493445,102.142578125
08:00:13,912810UA4,TSRYS5802849,D,S,T,2024-07-26,1000000.00,4.491679,102.171875
08:00:13,912810UA4,TSRYS5802849,D,S,T,2024-07-26,1000000.00,4.486033,102.265625
08:00:14,912810UA4,TSRYS5802849,D,S,T,2024-07-26,1000000.00,4.491679,102.171875
08:00:14,912810UA4,TSRYS5802849,D,S,T,2024-07-26,1000000.00,4.478868,102.384765625
08:00:14,912810UA4,TSRYS5802849,D,S,T,2024-07-26,1000000.00,4.478868,102.384765625
08:00:14,912810UA4,TSRYS5802849,D,S,T,2024-07-26,1000000.00,4.477108,102.4140625
08:00:14,912810UA4,TSRYS5802849,D,S,D,2024-07-26,1000000.00,4.480394,102.359375
08:00:14,912810UA4,TSRYS5802849,D,S,D,2024-07-26,1000000.00,4.480394,102.359375
08:00:14,912810UA4,TSRYS5802849,D,S,D,2024-07-26,1000000.00,4.481803,102.3359375
08:00:14,912810UA4,TSRYS5802849,D,S,T,2024-07-26,1000000.00,4.481803,102.3359375
08:00:14,912810UA4,TSRYS5802849,D,S,D,2024-07-26,1000000.00,4.484153,102.296875
08:00:14,912810UA4,TSRYS5802849,D,S,T,2024-07-26,1000000.00,4.484388,102.29296875
08:00:14,912810UA4,TSRYS5802849,D,S,T,2024-07-26,1000000.00,4.484153,102.296875
08:00:14,912810UA4,TSRYS5802849,D,S,T,2024-07-26,1000000.00,4.484153,102.296875
08:00:14,912810UA4,TSRYS5802849,D,S,T,2024-07-26,1000000.00,4.484153,102.296875
08:00:14,912810UA4,TSRYS5802849,D,S,T,2024-07-26,1000000.00,4.482508,102.32421875
08:00:14,912810UA4,TSRYS5802849,D,S,T,2024-07-26,1000000.00,4.478516,102.390625
08:00:14,912810UA4,TSRYS5802849,D,S,T,2024-07-26,1000000.00,4.478516,102.390625
08:00:14,912810UA4,TSRYS5802849,D,S,T,2024-07-26,1000000.00,4.475701,102.4375
08:00:14,912810UA4,TSRYS5802849,D,S,T,2024-07-26,1000000.00,4.478516,102.390625
08:00:14,912810UA4,TSRYS5802849,D,S,T,2024-07-26,1000000.00,4.478516,102.390625
08:00:14,912810UA4,TSRYS5802849,D,S,T,2024-07-26,1000000.00,4.471013,102.515625
08:00:14,912810UA4,TSRYS5802849,D,S,T,2024-07-26,2000000.00,4.471013,102.515625
08:00:14,912810UA4,TSRYS5802849,D,S,T,2024-07-26,1000000.00,4.471013,102.515625
08:00:14,912810UA4,TSRYS5802849,D,S,T,2024-07-26,5000000.00,4.471013,102.515625
08:00:14,912810UA4,TSRYS5802849,D,S,T,2024-07-26,1000000.00,4.471013,102.515625
08:00:14,912810UA4,TSRYS5802849,D,S,T,2024-07-26,1000000.00,4.471013,102.515625
08:00:14,912810UA4,TSRYS5802849,D,S,T,2024-07-26,1000000.00,4.47195,102.5
08:00:14,912810UA4,TSRYS5802849,D,S,T,2024-07-26,1000000.00,4.471013,102.515625
08:00:14,912810UA4,TSRYS5802849,D,S,T,2024-07-26,1000000.00,4.491679,102.171875
08:00:14,912810UA4,TSRYS5802849,D,S,T,2024-07-26,1000000.00,4.47746,102.408203125
08:00:14,912810UA4,TSRYS5802849,D,S,T,2024-07-26,1000000.00,4.487679,102.23828125
08:00:15,912810UA4,TSRYS5802849,D,S,T,2024-07-26,1000000.00,4.487444,102.2421875
08:00:17,912810UA4,TSRYS5802849,D,S,D,2024-07-26,1000000.00,4.491679,102.171875
08:00:17,912810UA4,TSRYS5802849,D,S,D,2024-07-26,1000000.00,4.491679,102.171875
08:00:17,912810UA4,TSRYS5802849,D,B,C,2024-07-26,250000.00,4.50087,102.01953125
08:00:18,912810UA4,TSRYS5802849,D,S,T,2024-07-26,1000000.00,4.490502,102.19140625
08:00:18,912810UA4,TSRYS5802849,D,S,C,2024-07-26,1000000.00,4.491679,102.171875
08:00:18,912810UA4,TSRYS5802849,D,S,C,2024-07-26,1000000.00,4.491679,102.171875
08:00:18,912810UA4,TSRYS5802849,D,S,C,2024-07-26,1000000.00,4.491679,102.171875
08:00:18,912810UA4,TSRYS5802849,D,S,C,2024-07-26,1000000.00,4.491679,102.171875
08:00:18,912810UA4,TSRYS5802849,D,S,C,2024-07-26,1000000.00,4.491679,102.171875
08:00:19,912810UA4,TSRYS5802849,D,S,T,2024-07-26,1000000.00,4.485093,102.28125
08:00:19,912810UA4,TSRYS5802849,D,S,T,2024-07-26,1000000.00,4.490502,102.19140625
08:00:19,912810UA4,TSRYS5802849,D,S,D,2024-07-26,1000000.00,4.484153,102.296875
08:00:20,912810UA4,TSRYS5802849,D,S,D,2024-07-26,1000000.00,4.483918,102.30078125
08:00:20,912810UA4,TSRYS5802849,D,S,T,2024-07-26,3000000.00,4.491679,102.171875
08:00:21,912810UA4,TSRYS5802849,D,S,T,2024-07-26,1000000.00,4.485093,102.28125
08:00:21,912810UA4,TSRYS5802849,D,S,D,2024-07-26,1000000.00,4.486033,102.265625
08:00:21,912810UA4,TSRYS5802849,D,S,T,2024-07-26,1000000.00,4.489796,102.203125
08:00:21,912810UA4,TSRYS5802849,D,S,C,2024-07-26,1000000.00,4.488855,102.21875
08:00:21,912810UA4,TSRYS5802849,D,S,C,2024-07-26,1000000.00,4.488855,102.21875
08:00:21,912810UA4,TSRYS5802849,D,S,D,2024-07-26,1000000.00,4.489796,102.203125
08:00:21,912810UA4,TSRYS5802849,D,S,D,2024-07-26,1000000.00,4.489796,102.203125
08:00:21,912810UA4,TSRYS5802849,D,S,D,2024-07-26,1000000.00,4.488855,102.21875
08:00:21,912810UA4,TSRYS5802849,D,S,T,2024-07-26,1000000.00,4.485093,102.28125
08:00:21,912810UA4,TSRYS5802849,D,S,D,2024-07-26,1000000.00,4.488855,102.21875
08:00:21,912810UA4,TSRYS5802849,D,S,D,2024-07-26,1000000.00,4.489561,102.20703125
08:00:21,912810UA4,TSRYS5802849,D,S,D,2024-07-26,1000000.00,4.489796,102.203125
08:00:21,912810UA4,TSRYS5802849,D,S,D,2024-07-26,1000000.00,4.489326,102.2109375
08:00:22,912810UA4,TSRYS5802849,D,S,T,2024-07-26,1000000.00,4.490385,102.193359375
08:00:22,912810UA4,TSRYS5802849,D,S,T,2024-07-26,1000000.00,4.489796,102.203125
08:00:22,912810UA4,TSRYS5802849,D,S,T,2024-07-26,1000000.00,4.49062,102.189453125
08:00:22,912810UA4,TSRYS5802849,D,S,T,2024-07-26,1000000.00,4.490502,102.19140625
08:00:22,912810UA4,TSRYS5802849,D,S,T,2024-07-26,1000000.00,4.486033,102.265625
08:00:22,912810UA4,TSRYS5802849,D,S,D,2024-07-26,1000000.00,4.48909,102.21484375
08:00:23,912810UA4,TSRYS5802849,D,B,C,2024-07-26,24075000.00,4.485117,102.28085
08:00:23,912810UA4,TSRYS5802849,D,S,T,2024-07-26,1000000.00,4.484153,102.296875
08:00:23,912810UA4,TSRYS5802849,D,S,D,2024-07-26,1000000.00,4.507009,101.91796875
08:00:23,912810UA4,TSRYS5802849,D,S,D,2024-07-26,1000000.00,4.50689,101.919921875
08:00:23,912810UA4,TSRYS5802849,D,S,D,2024-07-26,1000000.00,4.50689,101.919921875
08:00:23,912810UA4,TSRYS5802849,D,S,D,2024-07-26,1000000.00,4.485563,102.2734375
08:00:24,912810UA4,TSRYS5802849,D,S,T,2024-07-26,1000000.00,4.490502,102.19140625
08:00:24,912810UA4,TSRYS5802849,D,S,C,2024-07-26,1000000.00,4.486974,102.25
08:00:24,912810UA4,TSRYS5802849,D,S,C,2024-07-26,1000000.00,4.486974,102.25
08:00:24,912810UA4,TSRYS5802849,D,S,C,2024-07-26,1000000.00,4.486033,102.265625
08:00:25,912810UA4,TSRYS5802849,D,S,D,2024-07-26,1000000.00,4.486974,102.25
08:00:26,912810UA4,TSRYS5802849,D,S,T,2024-07-26,1000000.00,4.508663,101.890625
08:00:26,912810UA4,TSRYS5802849,D,S,T,2024-07-26,1000000.00,4.506772,101.921875
08:00:26,912810UA4,TSRYS5802849,D,S,T,2024-07-26,1000000.00,4.506772,101.921875
08:00:26,912810UA4,TSRYS5802849,D,S,T,2024-07-26,1000000.00,4.506772,101.921875
08:00:26,912810UA4,TSRYS5802849,D,S,T,2024-07-26,1000000.00,4.506772,101.921875
08:00:26,912810UA4,TSRYS5802849,D,S,T,2024-07-26,1000000.00,4.506772,101.921875
08:00:26,912810UA4,TSRYS5802849,D,S,T,2024-07-26,1000000.00,4.505827,101.9375
08:00:26,912810UA4,TSRYS5802849,D,S,T,2024-07-26,1000000.00,4.505827,101.9375
08:00:26,912810UA4,TSRYS5802849,D,S,T,2024-07-26,1000000.00,4.504883,101.953125
08:00:26,912810UA4,TSRYS5802849,D,S,T,2024-07-26,1000000.00,4.502994,101.984375
08:00:26,912810UA4,TSRYS5802849,D,S,T,2024-07-26,1000000.00,4.497333,102.078125
08:00:26,912810UA4,TSRYS5802849,D,S,T,2024-07-26,1000000.00,4.490738,102.1875
08:00:26,912810UA4,TSRYS5802849,D,S,T,2024-07-26,1000000.00,4.484153,102.296875
08:00:26,912810UA4,TSRYS5802849,D,S,T,2024-07-26,1000000.00,4.484153,102.296875
08:00:26,912810UA4,TSRYS5802849,D,S,T,2024-07-26,1000000.00,4.486974,102.25
08:00:26,912810UA4,TSRYS5802849,D,S,T,2024-07-26,1000000.00,4.477578,102.40625
08:00:26,912810UA4,TSRYS5802849,D,S,T,2024-07-26,1000000.00,4.474763,102.453125
08:00:26,912810UA4,TSRYS5802849,D,S,T,2024-07-26,2000000.00,4.474763,102.453125
08:00:26,912810UA4,TSRYS5802849,D,S,T,2024-07-26,1000000.00,4.476639,102.421875
08:00:26,912810UA4,TSRYS5802849,D,S,T,2024-07-26,3000000.00,4.470076,102.53125
08:00:26,912810UA4,TSRYS5802849,D,S,T,2024-07-26,1000000.00,4.471013,102.515625
08:00:26,912810UA4,TSRYS5802849,D,S,T,2024-07-26,1000000.00,4.471013,102.515625
08:00:26,912810UA4,TSRYS5802849,D,B,A,2024-07-26,1000000.00,4.490738,102.1875
08:00:26,912810UA4,TSRYS5802849,D,S,T,2024-07-26,1000000.00,4.487444,102.2421875
08:00:26,912810UA4,TSRYS5802849,D,S,T,2024-07-26,1000000.00,4.492621,102.15625
08:00:26,912810UA4,TSRYS5802849,D,S,T,2024-07-26,1000000.00,4.491444,102.17578125
08:00:26,912810UA4,TSRYS5802849,D,S,T,2024-07-26,1000000.00,4.488855,102.21875
08:00:26,912810UA4,TSRYS5802849,D,S,T,2024-07-26,1000000.00,4.490032,102.19921875
08:00:26,912810UA4,TSRYS5802849,D,S,D,2024-07-26,1000000.00,4.488855,102.21875
08:00:26,912810UA4,TSRYS5802849,D,S,D,2024-07-26,1000000.00,4.486033,102.265625
08:00:26,912810UA4,TSRYS5802849,D,S,D,2024-07-26,1000000.00,4.506064,101.93359375
08:00:26,912810UA4,TSRYS5802849,D,S,D,2024-07-26,1000000.00,4.506064,101.93359375
08:00:26,912810UA4,TSRYS5802849,D,S,D,2024-07-26,1000000.00,4.507717,101.90625
08:00:26,912810UA4,TSRYS5802849,D,S,T,2024-07-26,1000000.00,4.512446,101.828125
08:00:26,912810UA4,TSRYS5802849,D,S,D,2024-07-26,1000000.00,4.510081,101.8671875
08:00:26,912810UA4,TSRYS5802849,D,S,D,2024-07-26,1000000.00,4.505119,101.94921875
08:00:26,912810UA4,TSRYS5802849,D,S,T,2024-07-26,1000000.00,4.504883,101.953125
08:00:26,912810UA4,TSRYS5802849,D,S,T,2024-07-26,1000000.00,4.500163,102.03125
08:00:26,912810UA4,TSRYS5802849,D,S,T,2024-07-26,1000000.00,4.490973,102.18359375
08:00:26,912810UA4,TSRYS5802849,D,S,T,2024-07-26,1000000.00,4.490738,102.1875
08:00:26,912810UA4,TSRYS5802849,D,S,D,2024-07-26,1000000.00,4.486974,102.25
08:00:26,912810UA4,TSRYS5802849,D,S,D,2024-07-26,1000000.00,4.481803,102.3359375
08:00:26,912810UA4,TSRYS5802849,D,S,T,2024-07-26,1000000.00,4.483213,102.3125
08:00:26,912810UA4,TSRYS5802849,D,B,C,2024-07-26,2000000.00,4.486974,102.25
08:00:26,912810UA4,TSRYS5802849,D,S,T,2024-07-26,1000000.00,4.484388,102.29296875
08:00:26,912810UA4,TSRYS5802849,D,S,T,2024-07-26,1000000.00,4.476639,102.421875
08:00:26,912810UA4,TSRYS5802849,D,S,T,2024-07-26,1000000.00,4.478634,102.388671875
08:00:26,912810UA4,TSRYS5802849,D,S,T,2024-07-26,1000000.00,4.473825,102.46875
08:00:26,912810UA4,TSRYS5802849,D,S,T,2024-07-26,1000000.00,4.470193,102.529296875
08:00:26,912810UA4,TSRYS5802849,D,S,T,2024-07-26,1000000.00,4.471247,102.51171875
08:00:26,912810UA4,TSRYS5802849,D,S,D,2024-07-26,1000000.00,4.471013,102.515625
08:00:26,912810UA4,TSRYS5802849,D,S,D,2024-07-26,1000000.00,4.478751,102.38671875
08:00:28,912810UA4,TSRYS5802849,D,B,A,2024-07-26,1000000.00,4.490738,102.1875
08:00:28,912810UA4,TSRYS5802849,D,B,A,2024-07-26,15000000.00,4.489796,102.203125
08:00:29,912810UA4,TSRYS5802849,D,S,T,2024-07-26,1000000.00,4.507717,101.90625
08:00:29,912810UA4,TSRYS5802849,D,S,T,2024-07-26,1000000.00,4.507717,101.90625
08:00:29,912810UA4,TSRYS5802849,D,S,T,2024-07-26,1000000.00,4.507717,101.90625
08:00:29,912810UA4,TSRYS5802849,D,S,T,2024-07-26,7000000.00,4.507717,101.90625
08:00:29,912810UA4,TSRYS5802849,D,S,T,2024-07-26,8000000.00,4.507717,101.90625
08:00:29,912810UA4,TSRYS5802849,D,S,T,2024-07-26,1000000.00,4.507717,101.90625
08:00:29,912810UA4,TSRYS5802849,D,S,T,2024-07-26,1000000.00,4.507717,101.90625
08:00:29,912810UA4,TSRYS5802849,D,S,T,2024-07-26,1000000.00,4.506064,101.93359375
08:00:29,912810UA4,TSRYS5802849,D,S,T,2024-07-26,1000000.00,4.505827,101.9375
08:00:29,912810UA4,TSRYS5802849,D,S,T,2024-07-26,1000000.00,4.5063,101.9296875
08:00:29,912810UA4,TSRYS5802849,D,S,T,2024-07-26,1000000.00,4.505945,101.935546875
08:00:29,912810UA4,TSRYS5802849,D,S,T,2024-07-26,1000000.00,4.506064,101.93359375
08:00:29,912810UA4,TSRYS5802849,D,S,T,2024-07-26,1000000.00,4.506064,101.93359375
08:00:29,912810UA4,TSRYS5802849,D,S,T,2024-07-26,1000000.00,4.505945,101.935546875
08:00:29,912810UA4,TSRYS5802849,D,S,T,2024-07-26,1000000.00,4.506064,101.93359375
08:00:29,912810UA4,TSRYS5802849,D,S,T,2024-07-26,1000000.00,4.506064,101.93359375
08:00:29,912810UA4,TSRYS5802849,D,B,A,2024-07-26,1000000.00,4.490738,102.1875
08:00:29,912810UA4,TSRYS5802849,D,S,T,2024-07-26,1000000.00,4.5063,101.9296875
08:00:29,912810UA4,TSRYS5802849,D,S,C,2024-07-26,1000000.00,4.486033,102.265625
08:00:30,912810UA4,TSRYS5802849,D,B,A,2024-07-26,1000000.00,4.490738,102.1875
08:00:30,912810UA4,TSRYS5802849,D,S,T,2024-07-26,1000000.00,4.487914,102.234375
08:00:30,912810UA4,TSRYS5802849,D,S,T,2024-07-26,1000000.00,4.487914,102.234375
08:00:30,912810UA4,TSRYS5802849,D,S,T,2024-07-26,1000000.00,4.484153,102.296875
08:00:30,912810UA4,TSRYS5802849,D,S,T,2024-07-26,1000000.00,4.485445,102.275390625
08:00:30,912810UA4,TSRYS5802849,D,S,T,2024-07-26,1000000.00,4.485093,102.28125
08:00:30,912810UA4,TSRYS5802849,D,S,T,2024-07-26,1000000.00,4.485093,102.28125
08:00:30,912810UA4,TSRYS5802849,D,S,T,2024-07-26,1000000.00,4.486151,102.263671875
08:00:30,912810UA4,TSRYS5802849,D,S,T,2024-07-26,1000000.00,4.487914,102.234375
08:00:30,912810UA4,TSRYS5802849,D,S,T,2024-07-26,1000000.00,4.487914,102.234375
08:00:30,912810UA4,TSRYS5802849,D,S,T,2024-07-26,1000000.00,4.489796,102.203125
08:00:30,912810UA4,TSRYS5802849,D,S,T,2024-07-26,1000000.00,4.489796,102.203125
08:00:30,912810UA4,TSRYS5802849,D,S,T,2024-07-26,1000000.00,4.489796,102.203125
08:00:30,912810UA4,TSRYS5802849,D,S,T,2024-07-26,1000000.00,4.489796,102.203125
08:00:30,912810UA4,TSRYS5802849,D,S,T,2024-07-26,1000000.00,4.489796,102.203125
08:00:30,912810UA4,TSRYS5802849,D,S,T,2024-07-26,1000000.00,4.488855,102.21875
08:00:30,912810UA4,TSRYS5802849,D,S,T,2024-07-26,1000000.00,4.494505,102.125
08:00:30,912810UA4,TSRYS5802849,D,S,T,2024-07-26,1000000.00,4.492857,102.15234375
08:00:30,912810UA4,TSRYS5802849,D,S,T,2024-07-26,1000000.00,4.492621,102.15625
08:00:30,912810UA4,TSRYS5802849,D,S,T,2024-07-26,1000000.00,4.492739,102.154296875
08:00:30,912810UA4,TSRYS5802849,D,S,T,2024-07-26,1000000.00,4.492621,102.15625
08:00:30,912810UA4,TSRYS5802849,D,S,T,2024-07-26,1000000.00,4.492621,102.15625
08:00:30,912810UA4,TSRYS5802849,D,S,T,2024-07-26,1000000.00,4.493445,102.142578125
08:00:30,912810UA4,TSRYS5802849,D,S,T,2024-07-26,1000000.00,4.493327,102.14453125
08:00:30,912810UA4,TSRYS5802849,D,S,T,2024-07-26,1000000.00,4.49321,102.146484375
08:00:30,912810UA4,TSRYS5802849,D,S,T,2024-07-26,1000000.00,4.493092,102.1484375
08:00:30,912810UA4,TSRYS5802849,D,S,T,2024-07-26,1000000.00,4.493092,102.1484375
08:00:30,912810UA4,TSRYS5802849,D,S,T,2024-07-26,1000000.00,4.493092,102.1484375
08:00:30,912810UA4,TSRYS5802849,D,S,T,2024-07-26,1000000.00,4.493092,102.1484375
08:00:30,912810UA4,TSRYS5802849,D,S,T,2024-07-26,1000000.00,4.493092,102.1484375
08:00:30,912810UA4,TSRYS5802849,D,S,T,2024-07-26,1000000.00,4.493092,102.1484375
08:00:30,912810UA4,TSRYS5802849,D,S,T,2024-07-26,1000000.00,4.493092,102.1484375
08:00:30,912810UA4,TSRYS5802849,D,S,T,2024-07-26,1000000.00,4.493092,102.1484375
08:00:30,912810UA4,TSRYS5802849,D,S,T,2024-07-26,1000000.00,4.493092,102.1484375
08:00:30,912810UA4,TSRYS5802849,D,S,T,2024-07-26,1000000.00,4.493092,102.1484375
08:00:30,912810UA4,TSRYS5802849,D,S,T,2024-07-26,1000000.00,4.493092,102.1484375
08:00:30,912810UA4,TSRYS5802849,D,S,T,2024-07-26,1000000.00,4.493092,102.1484375
08:00:30,912810UA4,TSRYS5802849,D,S,T,2024-07-26,1000000.00,4.491679,102.171875
08:00:30,912810UA4,TSRYS5802849,D,S,T,2024-07-26,1000000.00,4.491679,102.171875
08:00:30,912810UA4,TSRYS5802849,D,S,T,2024-07-26,1000000.00,4.491562,102.173828125
08:00:30,912810UA4,TSRYS5802849,D,S,T,2024-07-26,1000000.00,4.491444,102.17578125
08:00:30,912810UA4,TSRYS5802849,D,S,T,2024-07-26,1000000.00,4.491326,102.177734375
08:00:30,912810UA4,TSRYS5802849,D,S,T,2024-07-26,1000000.00,4.491208,102.1796875
08:00:30,912810UA4,TSRYS5802849,D,S,T,2024-07-26,1000000.00,4.491208,102.1796875
08:00:30,912810UA4,TSRYS5802849,D,S,T,2024-07-26,1000000.00,4.491208,102.1796875
08:00:30,912810UA4,TSRYS5802849,D,S,T,2024-07-26,1000000.00,4.491208,102.1796875
08:00:30,912810UA4,TSRYS5802849,D,S,T,2024-07-26,1000000.00,4.491208,102.1796875
08:00:30,912810UA4,TSRYS5802849,D,S,T,2024-07-26,1000000.00,4.490738,102.1875
08:00:30,912810UA4,TSRYS5802849,D,S,T,2024-07-26,1000000.00,4.489796,102.203125
08:00:30,912810UA4,TSRYS5802849,D,S,T,2024-07-26,1000000.00,4.489796,102.203125
08:00:30,912810UA4,TSRYS5802849,D,S,T,2024-07-26,1000000.00,4.491208,102.1796875
08:00:30,912810UA4,TSRYS5802849,D,S,T,2024-07-26,1000000.00,4.491208,102.1796875
08:00:30,912810UA4,TSRYS5802849,D,S,T,2024-07-26,1000000.00,4.491208,102.1796875
08:00:30,912810UA4,TSRYS5802849,D,S,T,2024-07-26,1000000.00,4.492621,102.15625
08:00:30,912810UA4,TSRYS5802849,D,S,T,2024-07-26,1000000.00,4.492974,102.150390625
08:00:30,912810UA4,TSRYS5802849,D,S,T,2024-07-26,1000000.00,4.492857,102.15234375
08:00:30,912810UA4,TSRYS5802849,D,S,T,2024-07-26,1000000.00,4.488855,102.21875
08:00:30,912810UA4,TSRYS5802849,D,S,T,2024-07-26,1000000.00,4.488738,102.220703125
08:00:30,912810UA4,TSRYS5802849,D,S,T,2024-07-26,1000000.00,4.48862,102.22265625
08:00:30,912810UA4,TSRYS5802849,D,S,T,2024-07-26,1000000.00,4.491679,102.171875
08:00:30,912810UA4,TSRYS5802849,D,S,T,2024-07-26,1000000.00,4.491679,102.171875
08:00:30,912810UA4,TSRYS5802849,D,S,T,2024-07-26,3000000.00,4.490738,102.1875
08:00:30,912810UA4,TSRYS5802849,D,S,T,2024-07-26,1000000.00,4.490738,102.1875
08:00:30,912810UA4,TSRYS5802849,D,S,T,2024-07-26,1000000.00,4.490738,102.1875
08:00:30,912810UA4,TSRYS5802849,D,S,T,2024-07-26,1000000.00,4.489796,102.203125
08:00:30,912810UA4,TSRYS5802849,D,S,T,2024-07-26,1000000.00,4.489796,102.203125
08:00:30,912810UA4,TSRYS5802849,D,S,T,2024-07-26,1000000.00,4.488855,102.21875
08:00:30,912810UA4,TSRYS5802849,D,S,T,2024-07-26,1000000.00,4.486974,102.25
08:00:30,912810UA4,TSRYS5802849,D,S,D,2024-07-26,1000000.00,4.493563,102.140625
08:00:30,912810UA4,TSRYS5802849,D,S,D,2024-07-26,1000000.00,4.499691,102.0390625
08:00:30,912810UA4,TSRYS5802849,D,S,D,2024-07-26,1000000.00,4.499455,102.04296875
08:00:30,912810UA4,TSRYS5802849,D,S,T,2024-07-26,1000000.00,4.484153,102.296875
08:00:30,912810UA4,TSRYS5802849,D,S,T,2024-07-26,1000000.00,4.484153,102.296875
08:00:30,912810UA4,TSRYS5802849,D,S,T,2024-07-26,1000000.00,4.483918,102.30078125
08:00:30,912810UA4,TSRYS5802849,D,S,T,2024-07-26,1000000.00,4.4838,102.302734375
08:00:30,912810UA4,TSRYS5802849,D,B,A,2024-07-26,1000000.00,4.490738,102.1875
08:00:30,912810UA4,TSRYS5802849,D,S,T,2024-07-26,1000000.00,4.488855,102.21875
08:00:30,912810UA4,TSRYS5802849,D,S,T,2024-07-26,1000000.00,4.487562,102.240234375
08:00:30,912810UA4,TSRYS5802849,D,S,T,2024-07-26,1000000.00,4.487444,102.2421875
08:00:30,912810UA4,TSRYS5802849,D,S,T,2024-07-26,1000000.00,4.486974,102.25
08:00:30,912810UA4,TSRYS5802849,D,S,T,2024-07-26,6000000.00,4.486033,102.265625
08:00:30,912810UA4,TSRYS5802849,D,S,T,2024-07-26,1000000.00,4.486033,102.265625
08:00:30,912810UA4,TSRYS5802849,D,S,T,2024-07-26,1000000.00,4.485093,102.28125
08:00:30,912810UA4,TSRYS5802849,D,S,T,2024-07-26,1000000.00,4.486974,102.25
08:00:30,912810UA4,TSRYS5802849,D,S,T,2024-07-26,1000000.00,4.487914,102.234375
08:00:30,912810UA4,TSRYS5802849,D,S,T,2024-07-26,1000000.00,4.484153,102.296875
08:00:30,912810UA4,TSRYS5802849,D,S,T,2024-07-26,1000000.00,4.484153,102.296875
08:00:30,912810UA4,TSRYS5802849,D,S,T,2024-07-26,1000000.00,4.484153,102.296875
08:00:30,912810UA4,TSRYS5802849,D,S,T,2024-07-26,1000000.00,4.486974,102.25
08:00:30,912810UA4,TSRYS5802849,D,S,T,2024-07-26,1000000.00,4.486974,102.25
08:00:30,912810UA4,TSRYS5802849,D,S,T,2024-07-26,1000000.00,4.486974,102.25
08:00:30,912810UA4,TSRYS5802849,D,S,T,2024-07-26,1000000.00,4.487914,102.234375
08:00:30,912810UA4,TSRYS5802849,D,S,T,2024-07-26,1000000.00,4.485916,102.267578125
08:00:30,912810UA4,TSRYS5802849,D,S,T,2024-07-26,1000000.00,4.486974,102.25
08:00:30,912810UA4,TSRYS5802849,D,S,T,2024-07-26,1000000.00,4.487914,102.234375
08:00:30,912810UA4,TSRYS5802849,D,S,T,2024-07-26,1000000.00,4.487914,102.234375
08:00:30,912810UA4,TSRYS5802849,D,S,T,2024-07-26,1000000.00,4.486856,102.251953125
08:00:30,912810UA4,TSRYS5802849,D,S,T,2024-07-26,1000000.00,4.487914,102.234375
08:00:30,912810UA4,TSRYS5802849,D,S,T,2024-07-26,1000000.00,4.487914,102.234375
08:00:30,912810UA4,TSRYS5802849,D,S,T,2024-07-26,1000000.00,4.487914,102.234375
08:00:30,912810UA4,TSRYS5802849,D,S,T,2024-07-26,1000000.00,4.488855,102.21875
08:00:30,912810UA4,TSRYS5802849,D,S,T,2024-07-26,1000000.00,4.486033,102.265625
08:00:30,912810UA4,TSRYS5802849,D,S,T,2024-07-26,1000000.00,4.489443,102.208984375
08:00:30,912810UA4,TSRYS5802849,D,S,T,2024-07-26,1000000.00,4.493799,102.13671875
08:00:30,912810UA4,TSRYS5802849,D,S,T,2024-07-26,1000000.00,4.498983,102.05078125
08:00:30,912810UA4,TSRYS5802849,D,S,T,2024-07-26,1000000.00,4.497333,102.078125
08:00:30,912810UA4,TSRYS5802849,D,S,T,2024-07-26,2000000.00,4.497804,102.0703125
08:00:30,912810UA4,TSRYS5802849,D,S,T,2024-07-26,1000000.00,4.500045,102.033203125
08:00:30,912810UA4,TSRYS5802849,D,S,T,2024-07-26,1000000.00,4.500163,102.03125
08:00:30,912810UA4,TSRYS5802849,D,S,T,2024-07-26,1000000.00,4.501106,102.015625
08:00:30,912810UA4,TSRYS5802849,D,S,T,2024-07-26,1000000.00,4.50205,102.0
08:00:30,912810UA4,TSRYS5802849,D,S,T,2024-07-26,1000000.00,4.501696,102.005859375
08:00:30,912810UA4,TSRYS5802849,D,S,T,2024-07-26,1000000.00,4.503938,101.96875
08:00:30,912810UA4,TSRYS5802849,D,S,T,2024-07-26,2000000.00,4.505827,101.9375
08:00:30,912810UA4,TSRYS5802849,D,S,T,2024-07-26,1000000.00,4.505827,101.9375
08:00:30,912810UA4,TSRYS5802849,D,S,T,2024-07-26,1000000.00,4.505827,101.9375
08:00:30,912810UA4,TSRYS5802849,D,S,T,2024-07-26,2000000.00,4.505827,101.9375
08:00:30,912810UA4,TSRYS5802849,D,S,T,2024-07-26,1000000.00,4.507009,101.91796875
08:00:30,912810UA4,TSRYS5802849,D,S,T,2024-07-26,1000000.00,4.50689,101.919921875
08:00:30,912810UA4,TSRYS5802849,D,S,T,2024-07-26,1000000.00,4.506772,101.921875
08:00:30,912810UA4,TSRYS5802849,D,S,T,2024-07-26,1000000.00,4.506772,101.921875
08:00:30,912810UA4,TSRYS5802849,D,S,T,2024-07-26,1000000.00,4.505827,101.9375
08:00:30,912810UA4,TSRYS5802849,D,S,D,2024-07-26,1000000.00,4.506064,101.93359375
08:00:30,912810UA4,TSRYS5802849,D,S,T,2024-07-26,2000000.00,4.505827,101.9375
08:00:30,912810UA4,TSRYS5802849,D,S,T,2024-07-26,1000000.00,4.505827,101.9375
08:00:30,912810UA4,TSRYS5802849,D,S,T,2024-07-26,1000000.00,4.507009,101.91796875
08:00:30,912810UA4,TSRYS5802849,D,S,T,2024-07-26,1000000.00,4.50689,101.919921875
08:00:30,912810UA4,TSRYS5802849,D,S,T,2024-07-26,1000000.00,4.506772,101.921875
08:00:30,912810UA4,TSRYS5802849,D,S,T,2024-07-26,1000000.00,4.510554,101.859375
08:00:30,912810UA4,TSRYS5802849,D,S,T,2024-07-26,1000000.00,4.510554,101.859375
08:00:30,912810UA4,TSRYS5802849,D,S,T,2024-07-26,1000000.00,4.511145,101.849609375
08:00:30,912810UA4,TSRYS5802849,D,S,T,2024-07-26,1000000.00,4.511145,101.849609375
08:00:30,912810UA4,TSRYS5802849,D,S,T,2024-07-26,1000000.00,4.511736,101.83984375
08:00:30,912810UA4,TSRYS5802849,D,S,T,2024-07-26,1000000.00,4.510554,101.859375
08:00:30,912810UA4,TSRYS5802849,D,S,T,2024-07-26,1000000.00,4.493563,102.140625
08:00:30,912810UA4,TSRYS5802849,D,S,T,2024-07-26,1000000.00,4.509726,101.873046875
08:00:30,912810UA4,TSRYS5802849,D,S,T,2024-07-26,1000000.00,4.507717,101.90625
08:00:30,912810UA4,TSRYS5802849,D,S,T,2024-07-26,1000000.00,4.507717,101.90625
08:00:30,912810UA4,TSRYS5802849,D,S,T,2024-07-26,1000000.00,4.507127,101.916015625
08:00:30,912810UA4,TSRYS5802849,D,S,T,2024-07-26,1000000.00,4.506772,101.921875
08:00:30,912810UA4,TSRYS5802849,D,S,T,2024-07-26,1000000.00,4.506772,101.921875
08:00:30,912810UA4,TSRYS5802849,D,S,T,2024-07-26,1000000.00,4.506772,101.921875
08:00:30,912810UA4,TSRYS5802849,D,S,T,2024-07-26,1000000.00,4.506772,101.921875
08:00:30,912810UA4,TSRYS5802849,D,S,T,2024-07-26,1000000.00,4.506772,101.921875
08:00:30,912810UA4,TSRYS5802849,D,S,T,2024-07-26,1000000.00,4.506418,101.927734375
08:00:30,912810UA4,TSRYS5802849,D,S,T,2024-07-26,1000000.00,4.505827,101.9375
08:00:30,912810UA4,TSRYS5802849,D,S,T,2024-07-26,1000000.00,4.505827,101.9375
08:00:30,912810UA4,TSRYS5802849,D,S,T,2024-07-26,1000000.00,4.505355,101.9453125
08:00:30,912810UA4,TSRYS5802849,D,S,T,2024-07-26,1000000.00,4.505355,101.9453125
08:00:30,912810UA4,TSRYS5802849,D,S,T,2024-07-26,1000000.00,4.505827,101.9375
08:00:30,912810UA4,TSRYS5802849,D,S,T,2024-07-26,1000000.00,4.505827,101.9375
08:00:30,912810UA4,TSRYS5802849,D,S,T,2024-07-26,1000000.00,4.505827,101.9375
08:00:30,912810UA4,TSRYS5802849,D,S,T,2024-07-26,1000000.00,4.505827,101.9375
08:00:30,912810UA4,TSRYS5802849,D,S,T,2024-07-26,1000000.00,4.505827,101.9375
08:00:30,912810UA4,TSRYS5802849,D,S,T,2024-07-26,1000000.00,4.505827,101.9375
08:00:30,912810UA4,TSRYS5802849,D,S,T,2024-07-26,1000000.00,4.505827,101.9375
08:00:30,912810UA4,TSRYS5802849,D,S,T,2024-07-26,1000000.00,4.505827,101.9375
08:00:30,912810UA4,TSRYS5802849,D,S,T,2024-07-26,1000000.00,4.505827,101.9375
08:00:30,912810UA4,TSRYS5802849,D,S,T,2024-07-26,1000000.00,4.505827,101.9375
08:00:30,912810UA4,TSRYS5802849,D,S,T,2024-07-26,1000000.00,4.507717,101.90625
08:00:30,912810UA4,TSRYS5802849,D,S,T,2024-07-26,1000000.00,4.506772,101.921875
08:00:30,912810UA4,TSRYS5802849,D,S,T,2024-07-26,1000000.00,4.506772,101.921875
08:00:30,912810UA4,TSRYS5802849,D,S,T,2024-07-26,1000000.00,4.505473,101.943359375
08:00:30,912810UA4,TSRYS5802849,D,S,T,2024-07-26,1000000.00,4.505355,101.9453125
08:00:30,912810UA4,TSRYS5802849,D,S,T,2024-07-26,1000000.00,4.505001,101.951171875
08:00:30,912810UA4,TSRYS5802849,D,S,T,2024-07-26,1000000.00,4.504883,101.953125
08:00:30,912810UA4,TSRYS5802849,D,S,T,2024-07-26,1000000.00,4.504883,101.953125
08:00:30,912810UA4,TSRYS5802849,D,S,T,2024-07-26,1000000.00,4.503938,101.96875
08:00:30,912810UA4,TSRYS5802849,D,S,T,2024-07-26,1000000.00,4.504883,101.953125
08:00:30,912810UA4,TSRYS5802849,D,S,T,2024-07-26,1000000.00,4.504883,101.953125
08:00:30,912810UA4,TSRYS5802849,D,S,T,2024-07-26,1000000.00,4.504883,101.953125
08:00:30,912810UA4,TSRYS5802849,D,S,T,2024-07-26,1000000.00,4.502994,101.984375
08:00:30,912810UA4,TSRYS5802849,D,S,T,2024-07-26,1000000.00,4.502994,101.984375
08:00:30,912810UA4,TSRYS5802849,D,S,T,2024-07-26,1000000.00,4.502994,101.984375
08:00:30,912810UA4,TSRYS5802849,D,S,T,2024-07-26,1000000.00,4.502994,101.984375
08:00:30,912810UA4,TSRYS5802849,D,S,T,2024-07-26,1000000.00,4.502994,101.984375
08:00:30,912810UA4,TSRYS5802849,D,S,T,2024-07-26,1000000.00,4.502994,101.984375
08:00:30,912810UA4,TSRYS5802849,D,S,T,2024-07-26,1000000.00,4.502994,101.984375
08:00:30,912810UA4,TSRYS5802849,D,S,T,2024-07-26,1000000.00,4.502994,101.984375
08:00:30,912810UA4,TSRYS5802849,D,S,T,2024-07-26,1000000.00,4.502522,101.9921875
08:00:30,912810UA4,TSRYS5802849,D,S,T,2024-07-26,1000000.00,4.503466,101.9765625
08:00:30,912810UA4,TSRYS5802849,D,S,T,2024-07-26,1000000.00,4.504883,101.953125
08:00:30,912810UA4,TSRYS5802849,D,S,T,2024-07-26,1000000.00,4.504883,101.953125
08:00:30,912810UA4,TSRYS5802849,D,S,T,2024-07-26,2000000.00,4.504883,101.953125
08:00:30,912810UA4,TSRYS5802849,D,S,T,2024-07-26,2000000.00,4.504883,101.953125
08:00:30,912810UA4,TSRYS5802849,D,S,T,2024-07-26,1000000.00,4.504883,101.953125
08:00:30,912810UA4,TSRYS5802849,D,S,T,2024-07-26,1000000.00,4.504883,101.953125
08:00:30,912810UA4,TSRYS5802849,D,S,T,2024-07-26,1000000.00,4.504883,101.953125
08:00:30,912810UA4,TSRYS5802849,D,S,T,2024-07-26,1000000.00,4.505001,101.951171875
08:00:30,912810UA4,TSRYS5802849,D,S,T,2024-07-26,1000000.00,4.504883,101.953125
08:00:30,912810UA4,TSRYS5802849,D,S,T,2024-07-26,1000000.00,4.504883,101.953125
08:00:30,912810UA4,TSRYS5802849,D,S,T,2024-07-26,1000000.00,4.504883,101.953125
08:00:30,912810UA4,TSRYS5802849,D,S,T,2024-07-26,1000000.00,4.504883,101.953125
08:00:30,912810UA4,TSRYS5802849,D,S,T,2024-07-26,1000000.00,4.504883,101.953125
08:00:30,912810UA4,TSRYS5802849,D,S,T,2024-07-26,1000000.00,4.502758,101.98828125
08:00:30,912810UA4,TSRYS5802849,D,S,T,2024-07-26,1000000.00,4.502994,101.984375
08:00:30,912810UA4,TSRYS5802849,D,S,T,2024-07-26,1000000.00,4.502994,101.984375
08:00:30,912810UA4,TSRYS5802849,D,S,T,2024-07-26,1000000.00,4.503466,101.9765625
08:00:30,912810UA4,TSRYS5802849,D,S,T,2024-07-26,1000000.00,4.500634,102.0234375
08:00:30,912810UA4,TSRYS5802849,D,S,T,2024-07-26,1000000.00,4.50205,102.0
08:00:30,912810UA4,TSRYS5802849,D,S,T,2024-07-26,1000000.00,4.502994,101.984375
08:00:30,912810UA4,TSRYS5802849,D,S,T,2024-07-26,1000000.00,4.502994,101.984375
08:00:31,912810UA4,TSRYS5802849,D,S,T,2024-07-26,1000000.00,4.502758,101.98828125
08:00:31,912810UA4,TSRYS5802849,D,S,T,2024-07-26,1000000.00,4.503938,101.96875
08:00:31,912810UA4,TSRYS5802849,D,S,T,2024-07-26,1000000.00,4.503938,101.96875
08:00:31,912810UA4,TSRYS5802849,D,S,T,2024-07-26,1000000.00,4.50205,102.0
08:00:31,912810UA4,TSRYS5802849,D,S,T,2024-07-26,1000000.00,4.50205,102.0
08:00:31,912810UA4,TSRYS5802849,D,S,T,2024-07-26,1000000.00,4.502994,101.984375
08:00:31,912810UA4,TSRYS5802849,D,S,T,2024-07-26,1000000.00,4.502994,101.984375
08:00:31,912810UA4,TSRYS5802849,D,S,T,2024-07-26,2000000.00,4.50323,101.98046875
08:00:31,912810UA4,TSRYS5802849,D,S,T,2024-07-26,1000000.00,4.502994,101.984375
08:00:31,912810UA4,TSRYS5802849,D,S,T,2024-07-26,1000000.00,4.502994,101.984375
08:00:31,912810UA4,TSRYS5802849,D,S,T,2024-07-26,1000000.00,4.502994,101.984375
08:00:31,912810UA4,TSRYS5802849,D,S,T,2024-07-26,1000000.00,4.501106,102.015625
08:00:31,912810UA4,TSRYS5802849,D,S,T,2024-07-26,1000000.00,4.493563,102.140625
08:00:31,912810UA4,TSRYS5802849,D,S,T,2024-07-26,1000000.00,4.503584,101.974609375
08:00:31,912810UA4,TSRYS5802849,D,S,T,2024-07-26,1000000.00,4.503466,101.9765625
08:00:31,912810UA4,TSRYS5802849,D,S,T,2024-07-26,1000000.00,4.503348,101.978515625
08:00:31,912810UA4,TSRYS5802849,D,S,T,2024-07-26,1000000.00,4.50323,101.98046875
08:00:31,912810UA4,TSRYS5802849,D,S,T,2024-07-26,1000000.00,4.503112,101.982421875
08:00:31,912810UA4,TSRYS5802849,D,S,T,2024-07-26,1000000.00,4.503938,101.96875
08:00:31,912810UA4,TSRYS5802849,D,S,T,2024-07-26,2000000.00,4.503938,101.96875
08:00:31,912810UA4,TSRYS5802849,D,S,T,2024-07-26,2000000.00,4.503938,101.96875
08:00:31,912810UA4,TSRYS5802849,D,S,T,2024-07-26,1000000.00,4.50028,102.029296875
08:00:31,912810UA4,TSRYS5802849,D,S,T,2024-07-26,1000000.00,4.500163,102.03125
08:00:31,912810UA4,TSRYS5802849,D,S,T,2024-07-26,1000000.00,4.50087,102.01953125
08:00:31,912810UA4,TSRYS5802849,D,S,T,2024-07-26,1000000.00,4.500752,102.021484375
08:00:31,912810UA4,TSRYS5802849,D,S,T,2024-07-26,1000000.00,4.501224,102.013671875
08:00:31,912810UA4,TSRYS5802849,D,S,T,2024-07-26,1000000.00,4.500163,102.03125
08:00:31,912810UA4,TSRYS5802849,D,S,T,2024-07-26,1000000.00,4.495448,102.109375
08:00:31,912810UA4,TSRYS5802849,D,S,T,2024-07-26,1000000.00,4.495448,102.109375
08:00:31,912810UA4,TSRYS5802849,D,S,T,2024-07-26,1000000.00,4.495448,102.109375
08:00:31,912810UA4,TSRYS5802849,D,S,T,2024-07-26,1000000.00,4.495448,102.109375
08:00:31,912810UA4,TSRYS5802849,D,S,T,2024-07-26,1000000.00,4.495448,102.109375
08:00:31,912810UA4,TSRYS5802849,D,S,T,2024-07-26,1000000.00,4.495448,102.109375
08:00:31,912810UA4,TSRYS5802849,D,S,T,2024-07-26,1000000.00,4.490973,102.18359375
08:00:31,912810UA4,TSRYS5802849,D,S,T,2024-07-26,1000000.00,4.490855,102.185546875
08:00:31,912810UA4,TSRYS5802849,D,S,T,2024-07-26,1000000.00,4.490738,102.1875
08:00:31,912810UA4,TSRYS5802849,D,S,T,2024-07-26,1000000.00,4.490738,102.1875
08:00:31,912810UA4,TSRYS5802849,D,S,T,2024-07-26,1000000.00,4.490738,102.1875
08:00:31,912810UA4,TSRYS5802849,D,S,T,2024-07-26,1000000.00,4.490738,102.1875
08:00:31,912810UA4,TSRYS5802849,D,S,T,2024-07-26,1000000.00,4.490738,102.1875
08:00:31,912810UA4,TSRYS5802849,D,S,T,2024-07-26,1000000.00,4.490738,102.1875
08:00:31,912810UA4,TSRYS5802849,D,S,T,2024-07-26,1000000.00,4.490738,102.1875
08:00:31,912810UA4,TSRYS5802849,D,S,T,2024-07-26,1000000.00,4.490502,102.19140625
08:00:31,912810UA4,TSRYS5802849,D,S,T,2024-07-26,1000000.00,4.492621,102.15625
08:00:31,912810UA4,TSRYS5802849,D,S,T,2024-07-26,1000000.00,4.492621,102.15625
08:00:31,912810UA4,TSRYS5802849,D,S,T,2024-07-26,1000000.00,4.490738,102.1875
08:00:31,912810UA4,TSRYS5802849,D,S,T,2024-07-26,1000000.00,4.490738,102.1875
08:00:31,912810UA4,TSRYS5802849,D,S,T,2024-07-26,1000000.00,4.486974,102.25
08:00:31,912810UA4,TSRYS5802849,D,S,T,2024-07-26,1000000.00,4.486974,102.25
08:00:31,912810UA4,TSRYS5802849,D,S,T,2024-07-26,1000000.00,4.486974,102.25
08:00:31,912810UA4,TSRYS5802849,D,S,T,2024-07-26,1000000.00,4.484153,102.296875
08:00:31,912810UA4,TSRYS5802849,D,S,T,2024-07-26,1000000.00,4.484153,102.296875
08:00:31,912810UA4,TSRYS5802849,D,S,T,2024-07-26,1000000.00,4.484153,102.296875
08:00:31,912810UA4,TSRYS5802849,D,S,T,2024-07-26,1000000.00,4.484153,102.296875
08:00:31,912810UA4,TSRYS5802849,D,S,T,2024-07-26,1000000.00,4.484153,102.296875
08:00:31,912810UA4,TSRYS5802849,D,S,T,2024-07-26,1000000.00,4.47922,102.37890625
08:00:31,912810UA4,TSRYS5802849,D,S,D,2024-07-26,1000000.00,4.497804,102.0703125
08:00:31,912810UA4,TSRYS5802849,D,S,T,2024-07-26,1000000.00,4.479455,102.375
08:00:31,912810UA4,TSRYS5802849,D,S,T,2024-07-26,1000000.00,4.479455,102.375
08:00:31,912810UA4,TSRYS5802849,D,S,T,2024-07-26,1000000.00,4.477578,102.40625
08:00:31,912810UA4,TSRYS5802849,D,S,T,2024-07-26,1000000.00,4.482273,102.328125
08:00:31,912810UA4,TSRYS5802849,D,S,T,2024-07-26,1000000.00,4.482038,102.33203125
08:00:31,912810UA4,TSRYS5802849,D,S,T,2024-07-26,1000000.00,4.482273,102.328125
08:00:31,912810UA4,TSRYS5802849,D,S,T,2024-07-26,1000000.00,4.478516,102.390625
08:00:31,912810UA4,TSRYS5802849,D,S,T,2024-07-26,1000000.00,4.478516,102.390625
08:00:31,912810UA4,TSRYS5802849,D,S,T,2024-07-26,1000000.00,4.477108,102.4140625
08:00:31,912810UA4,TSRYS5802849,D,S,D,2024-07-26,1000000.00,4.499455,102.04296875
08:00:31,912810UA4,TSRYS5802849,D,S,T,2024-07-26,1000000.00,4.482508,102.32421875
08:00:31,912810UA4,TSRYS5802849,D,S,T,2024-07-26,1000000.00,4.483213,102.3125
08:00:31,912810UA4,TSRYS5802849,D,S,T,2024-07-26,1000000.00,4.484153,102.296875
08:00:31,912810UA4,TSRYS5802849,D,S,T,2024-07-26,1000000.00,4.483213,102.3125
08:00:31,912810UA4,TSRYS5802849,D,S,T,2024-07-26,1000000.00,4.482273,102.328125
08:00:31,912810UA4,TSRYS5802849,D,S,T,2024-07-26,1000000.00,4.481334,102.34375
08:00:31,912810UA4,TSRYS5802849,D,S,T,2024-07-26,1000000.00,4.482273,102.328125
08:00:31,912810UA4,TSRYS5802849,D,S,T,2024-07-26,1000000.00,4.486974,102.25
08:00:31,912810UA4,TSRYS5802849,D,S,T,2024-07-26,1000000.00,4.486974,102.25
08:00:31,912810UA4,TSRYS5802849,D,S,T,2024-07-26,1000000.00,4.486974,102.25
08:00:31,912810UA4,TSRYS5802849,D,S,D,2024-07-26,1000000.00,4.507717,101.90625
08:00:31,912810UA4,TSRYS5802849,D,S,D,2024-07-26,1000000.00,4.507481,101.91015625
08:00:31,912810UA4,TSRYS5802849,D,S,D,2024-07-26,1000000.00,4.506064,101.93359375
08:00:31,912810UA4,TSRYS5802849,D,S,T,2024-07-26,1000000.00,4.487914,102.234375
08:00:31,912810UA4,TSRYS5802849,D,S,T,2024-07-26,1000000.00,4.486856,102.251953125
08:00:31,912810UA4,TSRYS5802849,D,S,T,2024-07-26,1000000.00,4.486974,102.25
08:00:31,912810UA4,TSRYS5802849,D,S,T,2024-07-26,1000000.00,4.486974,102.25
08:00:31,912810UA4,TSRYS5802849,D,S,T,2024-07-26,1000000.00,4.48521,102.279296875
08:00:31,912810UA4,TSRYS5802849,D,S,T,2024-07-26,1000000.00,4.486033,102.265625
08:00:31,912810UA4,TSRYS5802849,D,S,T,2024-07-26,1000000.00,4.485093,102.28125
08:00:31,912810UA4,TSRYS5802849,D,S,T,2024-07-26,1000000.00,4.486974,102.25
08:00:31,912810UA4,TSRYS5802849,D,S,T,2024-07-26,1000000.00,4.486974,102.25
08:00:31,912810UA4,TSRYS5802849,D,S,T,2024-07-26,1000000.00,4.483213,102.3125
08:00:31,912810UA4,TSRYS5802849,D,S,T,2024-07-26,1000000.00,4.481334,102.34375
08:00:31,912810UA4,TSRYS5802849,D,S,T,2024-07-26,1000000.00,4.481334,102.34375
08:00:31,912810UA4,TSRYS5802849,D,S,T,2024-07-26,1000000.00,4.481334,102.34375
08:00:31,912810UA4,TSRYS5802849,D,S,T,2024-07-26,1000000.00,4.481334,102.34375
08:00:31,912810UA4,TSRYS5802849,D,S,T,2024-07-26,1000000.00,4.480394,102.359375
08:00:31,912810UA4,TSRYS5802849,D,S,T,2024-07-26,1000000.00,4.480394,102.359375
08:00:31,912810UA4,TSRYS5802849,D,S,T,2024-07-26,1000000.00,4.480394,102.359375
08:00:31,912810UA4,TSRYS5802849,D,S,T,2024-07-26,1000000.00,4.480394,102.359375
08:00:31,912810UA4,TSRYS5802849,D,S,T,2024-07-26,1000000.00,4.480042,102.365234375
08:00:31,912810UA4,TSRYS5802849,D,S,T,2024-07-26,1000000.00,4.479807,102.369140625
08:00:31,912810UA4,TSRYS5802849,D,S,T,2024-07-26,1000000.00,4.479807,102.369140625
08:00:31,912810UA4,TSRYS5802849,D,S,T,2024-07-26,1000000.00,4.477578,102.40625
08:00:31,912810UA4,TSRYS5802849,D,S,T,2024-07-26,1000000.00,4.477578,102.40625
08:00:31,912810UA4,TSRYS5802849,D,S,T,2024-07-26,1000000.00,4.477578,102.40625
08:00:31,912810UA4,TSRYS5802849,D,S,T,2024-07-26,1000000.00,4.477578,102.40625
08:00:31,912810UA4,TSRYS5802849,D,S,T,2024-07-26,1000000.00,4.477578,102.40625
08:00:31,912810UA4,TSRYS5802849,D,S,T,2024-07-26,1000000.00,4.477578,102.40625
08:00:31,912810UA4,TSRYS5802849,D,S,T,2024-07-26,1000000.00,4.477578,102.40625
08:00:31,912810UA4,TSRYS5802849,D,S,T,2024-07-26,1000000.00,4.477578,102.40625
08:00:31,912810UA4,TSRYS5802849,D,S,T,2024-07-26,1000000.00,4.477578,102.40625
08:00:31,912810UA4,TSRYS5802849,D,S,T,2024-07-26,1000000.00,4.477578,102.40625
08:00:31,912810UA4,TSRYS5802849,D,S,T,2024-07-26,1000000.00,4.477578,102.40625
08:00:31,912810UA4,TSRYS5802849,D,S,T,2024-07-26,1000000.00,4.477578,102.40625
08:00:31,912810UA4,TSRYS5802849,D,S,T,2024-07-26,1000000.00,4.477578,102.40625
08:00:31,912810UA4,TSRYS5802849,D,S,T,2024-07-26,1000000.00,4.474763,102.453125
08:00:31,912810UA4,TSRYS5802849,D,S,T,2024-07-26,1000000.00,4.474763,102.453125
08:00:31,912810UA4,TSRYS5802849,D,S,T,2024-07-26,1000000.00,4.475701,102.4375
08:00:31,912810UA4,TSRYS5802849,D,S,T,2024-07-26,1000000.00,4.474763,102.453125
08:00:31,912810UA4,TSRYS5802849,D,S,T,2024-07-26,1000000.00,4.474763,102.453125
08:00:31,912810UA4,TSRYS5802849,D,S,T,2024-07-26,1000000.00,4.474763,102.453125
08:00:31,912810UA4,TSRYS5802849,D,S,T,2024-07-26,1000000.00,4.474763,102.453125
08:00:31,912810UA4,TSRYS5802849,D,S,T,2024-07-26,1000000.00,4.474763,102.453125
08:00:31,912810UA4,TSRYS5802849,D,S,T,2024-07-26,1000000.00,4.474763,102.453125
08:00:31,912810UA4,TSRYS5802849,D,S,T,2024-07-26,1000000.00,4.474763,102.453125
08:00:31,912810UA4,TSRYS5802849,D,S,T,2024-07-26,1000000.00,4.476639,102.421875
08:00:31,912810UA4,TSRYS5802849,D,S,T,2024-07-26,1000000.00,4.476639,102.421875
08:00:31,912810UA4,TSRYS5802849,D,S,T,2024-07-26,1000000.00,4.478516,102.390625
08:00:31,912810UA4,TSRYS5802849,D,S,T,2024-07-26,1000000.00,4.478516,102.390625
08:00:31,912810UA4,TSRYS5802849,D,S,T,2024-07-26,1000000.00,4.478516,102.390625
08:00:31,912810UA4,TSRYS5802849,D,S,T,2024-07-26,1000000.00,4.478516,102.390625
08:00:31,912810UA4,TSRYS5802849,D,S,T,2024-07-26,1000000.00,4.478516,102.390625
08:00:31,912810UA4,TSRYS5802849,D,S,T,2024-07-26,1000000.00,4.478516,102.390625
08:00:31,912810UA4,TSRYS5802849,D,S,T,2024-07-26,1000000.00,4.474763,102.453125
08:00:31,912810UA4,TSRYS5802849,D,S,T,2024-07-26,1000000.00,4.474763,102.453125
08:00:31,912810UA4,TSRYS5802849,D,S,T,2024-07-26,1000000.00,4.473825,102.46875
08:00:31,912810UA4,TSRYS5802849,D,S,T,2024-07-26,2000000.00,4.472887,102.484375
08:00:31,912810UA4,TSRYS5802849,D,S,T,2024-07-26,3000000.00,4.472887,102.484375
08:00:31,912810UA4,TSRYS5802849,D,S,T,2024-07-26,1000000.00,4.472887,102.484375
08:00:31,912810UA4,TSRYS5802849,D,S,T,2024-07-26,1000000.00,4.472887,102.484375
08:00:31,912810UA4,TSRYS5802849,D,S,T,2024-07-26,2000000.00,4.472887,102.484375
08:00:31,912810UA4,TSRYS5802849,D,S,T,2024-07-26,1000000.00,4.472887,102.484375
08:00:31,912810UA4,TSRYS5802849,D,S,T,2024-07-26,1000000.00,4.472887,102.484375
08:00:31,912810UA4,TSRYS5802849,D,S,T,2024-07-26,1000000.00,4.471481,102.5078125
08:00:31,912810UA4,TSRYS5802849,D,S,T,2024-07-26,6000000.00,4.471013,102.515625
08:00:31,912810UA4,TSRYS5802849,D,S,T,2024-07-26,3000000.00,4.471013,102.515625
08:00:31,912810UA4,TSRYS5802849,D,S,T,2024-07-26,1000000.00,4.470544,102.5234375
08:00:31,912810UA4,TSRYS5802849,D,S,T,2024-07-26,6000000.00,4.470076,102.53125
08:00:31,912810UA4,TSRYS5802849,D,S,T,2024-07-26,9000000.00,4.470076,102.53125
08:00:31,912810UA4,TSRYS5802849,D,S,T,2024-07-26,3000000.00,4.470076,102.53125
08:00:31,912810UA4,TSRYS5802849,D,S,T,2024-07-26,6000000.00,4.470076,102.53125
08:00:31,912810UA4,TSRYS5802849,D,S,T,2024-07-26,5000000.00,4.470076,102.53125
08:00:31,912810UA4,TSRYS5802849,D,S,T,2024-07-26,4000000.00,4.470076,102.53125
08:00:31,912810UA4,TSRYS5802849,D,S,T,2024-07-26,3000000.00,4.470076,102.53125
08:00:31,912810UA4,TSRYS5802849,D,S,T,2024-07-26,6000000.00,4.471013,102.515625
08:00:31,912810UA4,TSRYS5802849,D,S,T,2024-07-26,1000000.00,4.471364,102.509765625
08:00:31,912810UA4,TSRYS5802849,D,S,T,2024-07-26,1000000.00,4.470778,102.51953125
08:00:31,912810UA4,TSRYS5802849,D,S,T,2024-07-26,1000000.00,4.470076,102.53125
08:00:31,912810UA4,TSRYS5802849,D,S,T,2024-07-26,1000000.00,4.470076,102.53125
08:00:31,912810UA4,TSRYS5802849,D,S,T,2024-07-26,1000000.00,4.470076,102.53125
08:00:31,912810UA4,TSRYS5802849,D,S,T,2024-07-26,1000000.00,4.470076,102.53125
08:00:31,912810UA4,TSRYS5802849,D,S,T,2024-07-26,1000000.00,4.469139,102.546875
08:00:31,912810UA4,TSRYS5802849,D,S,T,2024-07-26,1000000.00,4.470076,102.53125
08:00:31,912810UA4,TSRYS5802849,D,S,T,2024-07-26,1000000.00,4.470076,102.53125
08:00:31,912810UA4,TSRYS5802849,D,S,T,2024-07-26,1000000.00,4.470076,102.53125
08:00:31,912810UA4,TSRYS5802849,D,S,T,2024-07-26,1000000.00,4.470076,102.53125
08:00:31,912810UA4,TSRYS5802849,D,S,T,2024-07-26,1000000.00,4.471013,102.515625
08:00:31,912810UA4,TSRYS5802849,D,S,T,2024-07-26,1000000.00,4.471013,102.515625
08:00:31,912810UA4,TSRYS5802849,D,S,T,2024-07-26,1000000.00,4.471013,102.515625
08:00:31,912810UA4,TSRYS5802849,D,S,T,2024-07-26,1000000.00,4.471013,102.515625
08:00:31,912810UA4,TSRYS5802849,D,S,T,2024-07-26,1000000.00,4.471013,102.515625
08:00:31,912810UA4,TSRYS5802849,D,S,T,2024-07-26,1000000.00,4.471013,102.515625
08:00:31,912810UA4,TSRYS5802849,D,S,T,2024-07-26,1000000.00,4.470193,102.529296875
08:00:31,912810UA4,TSRYS5802849,D,S,T,2024-07-26,1000000.00,4.470076,102.53125
08:00:31,912810UA4,TSRYS5802849,D,S,T,2024-07-26,1000000.00,4.470076,102.53125
08:00:31,912810UA4,TSRYS5802849,D,S,T,2024-07-26,1000000.00,4.472887,102.484375
08:00:31,912810UA4,TSRYS5802849,D,S,T,2024-07-26,1000000.00,4.472887,102.484375
08:00:31,912810UA4,TSRYS5802849,D,S,T,2024-07-26,1000000.00,4.473825,102.46875
08:00:31,912810UA4,TSRYS5802849,D,S,T,2024-07-26,1000000.00,4.473825,102.46875
08:00:31,912810UA4,TSRYS5802849,D,S,T,2024-07-26,1000000.00,4.474646,102.455078125
08:00:31,912810UA4,TSRYS5802849,D,S,T,2024-07-26,1000000.00,4.474763,102.453125
08:00:31,912810UA4,TSRYS5802849,D,S,T,2024-07-26,1000000.00,4.474763,102.453125
08:00:31,912810UA4,TSRYS5802849,D,S,T,2024-07-26,1000000.00,4.474763,102.453125
08:00:31,912810UA4,TSRYS5802849,D,S,T,2024-07-26,1000000.00,4.474763,102.453125
08:00:31,912810UA4,TSRYS5802849,D,S,T,2024-07-26,1000000.00,4.474763,102.453125
08:00:31,912810UA4,TSRYS5802849,D,S,T,2024-07-26,1000000.00,4.474763,102.453125
08:00:31,912810UA4,TSRYS5802849,D,S,T,2024-07-26,1000000.00,4.474763,102.453125
08:00:31,912810UA4,TSRYS5802849,D,S,T,2024-07-26,1000000.00,4.475701,102.4375
08:00:31,912810UA4,TSRYS5802849,D,S,T,2024-07-26,1000000.00,4.493563,102.140625
08:00:31,912810UA4,TSRYS5802849,D,S,T,2024-07-26,1000000.00,4.476639,102.421875
08:00:31,912810UA4,TSRYS5802849,D,S,T,2024-07-26,1000000.00,4.477578,102.40625
08:00:31,912810UA4,TSRYS5802849,D,S,T,2024-07-26,1000000.00,4.477578,102.40625
08:00:31,912810UA4,TSRYS5802849,D,S,T,2024-07-26,1000000.00,4.477578,102.40625
08:00:31,912810UA4,TSRYS5802849,D,S,T,2024-07-26,1000000.00,4.477578,102.40625
08:00:31,912810UA4,TSRYS5802849,D,S,T,2024-07-26,1000000.00,4.477578,102.40625
08:00:31,912810UA4,TSRYS5802849,D,S,T,2024-07-26,1000000.00,4.477578,102.40625
08:00:31,912810UA4,TSRYS5802849,D,S,T,2024-07-26,1000000.00,4.477578,102.40625
08:00:31,912810UA4,TSRYS5802849,D,S,T,2024-07-26,1000000.00,4.477578,102.40625
08:00:31,912810UA4,TSRYS5802849,D,S,T,2024-07-26,1000000.00,4.476639,102.421875
08:00:31,912810UA4,TSRYS5802849,D,S,T,2024-07-26,1000000.00,4.477578,102.40625
08:00:31,912810UA4,TSRYS5802849,D,S,T,2024-07-26,1000000.00,4.478516,102.390625
08:00:31,912810UA4,TSRYS5802849,D,S,T,2024-07-26,1000000.00,4.479455,102.375
08:00:31,912810UA4,TSRYS5802849,D,S,T,2024-07-26,1000000.00,4.479455,102.375
08:00:31,912810UA4,TSRYS5802849,D,S,T,2024-07-26,1000000.00,4.478516,102.390625
08:00:31,912810UA4,TSRYS5802849,D,S,T,2024-07-26,1000000.00,4.478516,102.390625
08:00:31,912810UA4,TSRYS5802849,D,S,T,2024-07-26,1000000.00,4.479455,102.375
08:00:31,912810UA4,TSRYS5802849,D,S,T,2024-07-26,1000000.00,4.479455,102.375
08:00:31,912810UA4,TSRYS5802849,D,S,T,2024-07-26,1000000.00,4.479455,102.375
08:00:31,912810UA4,TSRYS5802849,D,S,T,2024-07-26,2000000.00,4.478516,102.390625
08:00:31,912810UA4,TSRYS5802849,D,S,T,2024-07-26,2000000.00,4.478516,102.390625
08:00:31,912810UA4,TSRYS5802849,D,S,T,2024-07-26,4000000.00,4.478516,102.390625
08:00:31,912810UA4,TSRYS5802849,D,S,D,2024-07-26,1000000.00,4.491679,102.171875
08:00:31,912810UA4,TSRYS5802849,D,S,D,2024-07-26,1000000.00,4.491679,102.171875
08:00:31,912810UA4,TSRYS5802849,D,S,D,2024-07-26,1000000.00,4.484153,102.296875
08:00:31,912810UA4,TSRYS5802849,D,S,D,2024-07-26,1000000.00,4.483918,102.30078125
08:00:31,912810UA4,TSRYS5802849,D,S,D,2024-07-26,1000000.00,4.48909,102.21484375
08:00:31,912810UA4,TSRYS5802849,D,S,D,2024-07-26,1000000.00,4.489326,102.2109375
08:00:31,912810UA4,TSRYS5802849,D,S,D,2024-07-26,1000000.00,4.488855,102.21875
08:00:31,912810UA4,TSRYS5802849,D,S,D,2024-07-26,1000000.00,4.489796,102.203125
08:00:31,912810UA4,TSRYS5802849,D,S,D,2024-07-26,1000000.00,4.489561,102.20703125
08:00:31,912810UA4,TSRYS5802849,D,S,D,2024-07-26,1000000.00,4.485563,102.2734375
08:00:31,912810UA4,TSRYS5802849,D,S,D,2024-07-26,1000000.00,4.486974,102.25
08:00:31,912810UA4,TSRYS5802849,D,S,D,2024-07-26,1000000.00,4.486974,102.25
08:00:31,912810UA4,TSRYS5802849,D,S,D,2024-07-26,1000000.00,4.494034,102.1328125
08:00:31,912810UA4,TSRYS5802849,D,S,D,2024-07-26,1000000.00,4.493563,102.140625
08:00:31,912810UA4,TSRYS5802849,D,S,D,2024-07-26,1000000.00,4.497804,102.0703125
08:00:31,912810UA4,TSRYS5802849,D,S,D,2024-07-26,1000000.00,4.499455,102.04296875
08:00:31,912810UA4,TSRYS5802849,D,S,D,2024-07-26,1000000.00,4.507717,101.90625
08:00:31,912810UA4,TSRYS5802849,D,S,D,2024-07-26,1000000.00,4.507481,101.91015625
08:00:31,912810UA4,TSRYS5802849,D,S,D,2024-07-26,1000000.00,4.505827,101.9375
08:00:31,912810UA4,TSRYS5802849,D,S,D,2024-07-26,1000000.00,4.505827,101.9375
08:00:31,912810UA4,TSRYS5802849,D,S,D,2024-07-26,1000000.00,4.507954,101.90234375
08:00:31,912810UA4,TSRYS5802849,D,S,D,2024-07-26,1000000.00,4.50819,101.8984375
08:00:31,912810UA4,TSRYS5802849,D,S,D,2024-07-26,1000000.00,4.507717,101.90625
08:00:31,912810UA4,TSRYS5802849,D,S,D,2024-07-26,1000000.00,4.507717,101.90625
08:00:31,912810UA4,TSRYS5802849,D,S,D,2024-07-26,1000000.00,4.502522,101.9921875
08:00:31,912810UA4,TSRYS5802849,D,S,D,2024-07-26,1000000.00,4.504883,101.953125
08:00:31,912810UA4,TSRYS5802849,D,S,D,2024-07-26,1000000.00,4.500163,102.03125
08:00:31,912810UA4,TSRYS5802849,D,S,D,2024-07-26,1000000.00,4.503466,101.9765625
08:00:31,912810UA4,TSRYS5802849,D,S,D,2024-07-26,1000000.00,4.503466,101.9765625
08:00:31,912810UA4,TSRYS5802849,D,S,D,2024-07-26,1000000.00,4.50087,102.01953125
08:00:31,912810UA4,TSRYS5802849,D,S,D,2024-07-26,1000000.00,4.499927,102.03515625
08:00:31,912810UA4,TSRYS5802849,D,S,D,2024-07-26,1000000.00,4.490502,102.19140625
08:00:31,912810UA4,TSRYS5802849,D,S,D,2024-07-26,1000000.00,4.477812,102.40234375
08:00:31,912810UA4,TSRYS5802849,D,S,D,2024-07-26,1000000.00,4.480394,102.359375
08:00:31,912810UA4,TSRYS5802849,D,S,D,2024-07-26,1000000.00,4.478282,102.39453125
08:00:31,912810UA4,TSRYS5802849,D,S,D,2024-07-26,1000000.00,4.478282,102.39453125
08:00:31,912810UA4,TSRYS5802849,D,S,D,2024-07-26,1000000.00,4.47969,102.37109375
08:00:31,912810UA4,TSRYS5802849,D,S,D,2024-07-26,1000000.00,4.478282,102.39453125
08:00:31,912810UA4,TSRYS5802849,D,S,D,2024-07-26,1000000.00,4.477343,102.41015625
08:00:31,912810UA4,TSRYS5802849,D,S,D,2024-07-26,1000000.00,4.480394,102.359375
08:00:31,912810UA4,TSRYS5802849,D,S,D,2024-07-26,1000000.00,4.481568,102.33984375
08:00:31,912810UA4,TSRYS5802849,D,S,D,2024-07-26,1000000.00,4.482743,102.3203125
08:00:31,912810UA4,TSRYS5802849,D,S,D,2024-07-26,1000000.00,4.487914,102.234375
08:00:31,912810UA4,TSRYS5802849,D,B,A,2024-07-26,1000000.00,4.490738,102.1875
08:00:31,912810UA4,TSRYS5802849,D,S,A,2024-07-26,500000.00,4.487914,102.234375
08:00:31,912810UA4,TSRYS5802849,D,S,D,2024-07-26,1000000.00,4.486738,102.25390625
08:00:31,912810UA4,TSRYS5802849,D,S,D,2024-07-26,1000000.00,4.486268,102.26171875
08:00:31,912810UA4,TSRYS5802849,D,S,D,2024-07-26,1000000.00,4.484153,102.296875
08:00:31,912810UA4,TSRYS5802849,D,S,D,2024-07-26,1000000.00,4.480394,102.359375
08:00:31,912810UA4,TSRYS5802849,D,S,D,2024-07-26,1000000.00,4.47922,102.37890625
08:00:31,912810UA4,TSRYS5802849,D,S,D,2024-07-26,1000000.00,4.47922,102.37890625
08:00:31,912810UA4,TSRYS5802849,D,S,D,2024-07-26,1000000.00,4.477108,102.4140625
08:00:31,912810UA4,TSRYS5802849,D,S,D,2024-07-26,1000000.00,4.476639,102.421875
08:00:31,912810UA4,TSRYS5802849,D,S,D,2024-07-26,1000000.00,4.478516,102.390625
08:00:31,912810UA4,TSRYS5802849,D,S,D,2024-07-26,1000000.00,4.472887,102.484375
08:00:31,912810UA4,TSRYS5802849,D,S,D,2024-07-26,1000000.00,4.471013,102.515625
08:00:31,912810UA4,TSRYS5802849,D,S,D,2024-07-26,1000000.00,4.478516,102.390625
08:00:31,912810UA4,TSRYS5802849,D,S,D,2024-07-26,1000000.00,4.478516,102.390625
08:00:32,912810UA4,TSRYS5802849,D,S,D,2024-07-26,2000000.00,4.486033,102.265625
08:00:32,912810UA4,TSRYS5802849,D,S,D,2024-07-26,1000000.00,4.489561,102.20703125
08:00:32,912810UA4,TSRYS5802849,D,S,D,2024-07-26,1000000.00,4.48815,102.23046875
08:00:32,912810UA4,TSRYS5802849,D,S,D,2024-07-26,1000000.00,4.488032,102.232421875
08:00:32,912810UA4,TSRYS5802849,D,S,D,2024-07-26,1000000.00,4.493916,102.134765625
08:00:32,912810UA4,TSRYS5802849,D,S,A,2024-07-26,5000000.00,4.498276,102.0625
08:00:32,912810UA4,TSRYS5802849,D,S,D,2024-07-26,2000000.00,4.504915,101.952595339
08:00:32,912810UA4,TSRYS5802849,D,S,D,2024-07-26,1000000.00,4.504915,101.952595339
08:00:32,912810UA4,TSRYS5802849,D,S,D,2024-07-26,1000000.00,4.504883,101.953125
08:00:32,912810UA4,TSRYS5802849,D,S,D,2024-07-26,1000000.00,4.504883,101.953125
08:00:32,912810UA4,TSRYS5802849,D,S,T,2024-07-26,1000000.00,4.496508,102.091796875
08:00:32,912810UA4,TSRYS5802849,D,S,A,2024-07-26,5000000.00,4.502522,101.9921875
08:00:32,912810UA4,TSRYS5802849,D,B,A,2024-07-26,2000000.00,4.510554,101.859375
08:00:32,912810UA4,TSRYS5802849,D,S,C,2024-07-26,7000000.00,4.50819,101.8984375
08:00:32,912810UA4,TSRYS5802849,D,S,C,2024-07-26,1700000.00,4.507009,101.91796875
08:00:32,912810UA4,TSRYS5802849,D,S,D,2024-07-26,1000000.00,4.507127,101.916015625
08:00:32,912810UA4,TSRYS5802849,D,S,D,2024-07-26,1000000.00,4.507127,101.916015625
08:00:32,912810UA4,TSRYS5802849,D,S,D,2024-07-26,1000000.00,4.507127,101.916015625
08:00:32,912810UA4,TSRYS5802849,D,S,D,2024-07-26,1000000.00,4.507481,101.91015625
08:00:32,912810UA4,TSRYS5802849,D,S,D,2024-07-26,1000000.00,4.504765,101.955078125
08:00:32,912810UA4,TSRYS5802849,D,S,D,2024-07-26,1000000.00,4.502522,101.9921875
08:00:32,912810UA4,TSRYS5802849,D,S,D,2024-07-26,1000000.00,4.502522,101.9921875
08:00:32,912810UA4,TSRYS5802849,D,S,D,2024-07-26,1000000.00,4.502522,101.9921875
08:00:32,912810UA4,TSRYS5802849,D,S,T,2024-07-26,1000000.00,4.504883,101.953125
08:00:32,912810UA4,TSRYS5802849,D,S,C,2024-07-26,200000.00,4.50464,101.95703125
08:00:32,912810UA4,TSRYS5802849,D,S,T,2024-07-26,5000000.00,4.503938,101.96875
08:00:32,912810UA4,TSRYS5802849,D,S,A,2024-07-26,128100.00,4.504883,101.953125
08:00:32,912810UA4,TSRYS5802849,D,B,A,2024-07-26,1000000.00,4.501578,102.0078125
08:00:32,912810UA4,TSRYS5802849,D,S,D,2024-07-26,1000000.00,4.500516,102.025390625
08:00:32,912810UA4,TSRYS5802849,D,S,D,2024-07-26,1000000.00,4.501578,102.0078125
08:00:32,912810UA4,TSRYS5802849,D,S,D,2024-07-26,1000000.00,4.501578,102.0078125
08:00:32,912810UA4,TSRYS5802849,D,S,D,2024-07-26,1000000.00,4.490855,102.185546875
08:00:32,912810UA4,TSRYS5802849,D,S,D,2024-07-26,1000000.00,4.490855,102.185546875
08:00:32,912810UA4,TSRYS5802849,D,S,D,2024-07-26,1000000.00,4.491679,102.171875
08:00:32,912810UA4,TSRYS5802849,D,S,D,2024-07-26,1000000.00,4.492503,102.158203125
08:00:32,912810UA4,TSRYS5802849,D,S,D,2024-07-26,1000000.00,4.49062,102.189453125
08:00:32,912810UA4,TSRYS5802849,D,S,D,2024-07-26,1000000.00,4.477812,102.40234375
08:00:32,912810UA4,TSRYS5802849,D,S,D,2024-07-26,1000000.00,4.478282,102.39453125
08:00:32,912810UA4,TSRYS5802849,D,S,D,2024-07-26,1000000.00,4.478282,102.39453125
08:00:32,912810UA4,TSRYS5802849,D,S,D,2024-07-26,1000000.00,4.478751,102.38671875
08:00:32,912810UA4,TSRYS5802849,D,S,D,2024-07-26,1000000.00,4.478751,102.38671875
08:00:32,912810UA4,TSRYS5802849,D,S,C,2024-07-26,7000000.00,4.495683,102.10546875
08:00:32,912810UA4,TSRYS5802849,D,S,D,2024-07-26,1000000.00,4.479573,102.373046875
08:00:32,912810UA4,TSRYS5802849,D,S,D,2024-07-26,1000000.00,4.480394,102.359375
08:00:32,912810UA4,TSRYS5802849,D,S,D,2024-07-26,1000000.00,4.480394,102.359375
08:00:32,912810UA4,TSRYS5802849,D,S,D,2024-07-26,1000000.00,4.478399,102.392578125
08:00:32,912810UA4,TSRYS5802849,D,S,D,2024-07-26,1000000.00,4.478282,102.39453125
08:00:32,912810UA4,TSRYS5802849,D,S,D,2024-07-26,1000000.00,4.476756,102.419921875
08:00:32,912810UA4,TSRYS5802849,D,S,D,2024-07-26,1000000.00,4.476874,102.41796875
08:00:32,912810UA4,TSRYS5802849,D,S,D,2024-07-26,1000000.00,4.476874,102.41796875
08:00:32,912810UA4,TSRYS5802849,D,S,D,2024-07-26,1000000.00,4.478282,102.39453125
08:00:32,912810UA4,TSRYS5802849,D,S,D,2024-07-26,1000000.00,4.480042,102.365234375
08:00:32,912810UA4,TSRYS5802849,D,S,D,2024-07-26,1000000.00,4.480042,102.365234375
08:00:32,912810UA4,TSRYS5802849,D,S,D,2024-07-26,1000000.00,4.477695,102.404296875
08:00:32,912810UA4,TSRYS5802849,D,S,D,2024-07-26,1000000.00,4.478868,102.384765625
08:00:32,912810UA4,TSRYS5802849,D,S,D,2024-07-26,1000000.00,4.480277,102.361328125
08:00:32,912810UA4,TSRYS5802849,D,S,D,2024-07-26,1000000.00,4.481451,102.341796875
08:00:32,912810UA4,TSRYS5802849,D,S,D,2024-07-26,1000000.00,4.485445,102.275390625
08:00:32,912810UA4,TSRYS5802849,D,S,D,2024-07-26,1000000.00,4.485445,102.275390625
08:00:32,912810UA4,TSRYS5802849,D,S,D,2024-07-26,1000000.00,4.485445,102.275390625
08:00:32,912810UA4,TSRYS5802849,D,S,D,2024-07-26,1000000.00,4.486856,102.251953125
08:00:32,912810UA4,TSRYS5802849,D,S,D,2024-07-26,1000000.00,4.486856,102.251953125
08:00:32,912810UA4,TSRYS5802849,D,S,D,2024-07-26,1000000.00,4.486974,102.25
08:00:32,912810UA4,TSRYS5802849,D,S,D,2024-07-26,1000000.00,4.486621,102.255859375
08:00:32,912810UA4,TSRYS5802849,D,S,D,2024-07-26,1000000.00,4.485445,102.275390625
08:00:32,912810UA4,TSRYS5802849,D,S,D,2024-07-26,1000000.00,4.485445,102.275390625
08:00:32,912810UA4,TSRYS5802849,D,S,D,2024-07-26,1000000.00,4.485328,102.27734375
08:00:32,912810UA4,TSRYS5802849,D,S,D,2024-07-26,1000000.00,4.48521,102.279296875
08:00:32,912810UA4,TSRYS5802849,D,S,D,2024-07-26,1000000.00,4.482156,102.330078125
08:00:32,912810UA4,TSRYS5802849,D,S,D,2024-07-26,1000000.00,4.482156,102.330078125
08:00:32,912810UA4,TSRYS5802849,D,S,T,2024-07-26,1000000.00,4.493563,102.140625
08:00:32,912810UA4,TSRYS5802849,D,S,T,2024-07-26,1000000.00,4.493563,102.140625
08:00:32,912810UA4,TSRYS5802849,D,B,A,2024-07-26,600000.00,4.494976,102.1171875
08:00:32,912810UA4,TSRYS5802849,D,S,C,2024-07-26,200000.00,4.492849,102.15234375
08:00:32,912810UA4,TSRYS5802849,D,S,T,2024-07-26,1000000.00,4.490738,102.1875
08:00:32,912810UA4,TSRYS5802849,D,B,C,2024-07-26,1000000.00,4.490828,102.186
08:00:32,912810UA4,TSRYS5802849,D,B,C,2024-07-26,2000000.00,4.490502,102.19140625
08:00:32,912810UA4,TSRYS5802849,D,S,D,2024-07-26,1000000.00,4.486503,102.2578125
08:00:32,912810UA4,TSRYS5802849,D,S,D,2024-07-26,1000000.00,4.486411,102.2593417553
08:00:32,912810UA4,TSRYS5802849,D,B,C,2024-07-26,2000000.00,4.484858,102.28515625
08:00:32,912810UA4,TSRYS5802849,D,B,C,2024-07-26,2000000.00,4.477343,102.41015625
08:00:32,912810UA4,TSRYS5802849,D,S,D,2024-07-26,1000000.00,4.478516,102.390625
08:00:32,912810UA4,TSRYS5802849,D,S,D,2024-07-26,1000000.00,4.478516,102.390625
08:00:32,912810UA4,TSRYS5802849,D,S,D,2024-07-26,1000000.00,4.478516,102.390625
08:00:32,912810UA4,TSRYS5802849,D,S,D,2024-07-26,1000000.00,4.478516,102.390625
08:00:32,912810UA4,TSRYS5802849,D,S,D,2024-07-26,1000000.00,4.478516,102.390625
08:00:32,912810UA4,TSRYS5802849,D,S,C,2024-07-26,3003000.00,4.478282,102.39453125
08:00:32,912810UA4,TSRYS5802849,D,S,D,2024-07-26,2000000.00,4.480394,102.359375
08:00:32,912810UA4,TSRYS5802849,D,S,D,2024-07-26,2000000.00,4.480394,102.359375
08:00:32,912810UA4,TSRYS5802849,D,S,D,2024-07-26,1000000.00,4.480394,102.359375
08:00:32,912810UA4,TSRYS5802849,D,B,A,2024-07-26,1000000.00,4.480371,102.359375
08:00:32,912810UA4,TSRYS5802849,D,S,D,2024-07-26,750000.00,4.476639,102.421875
08:00:32,912810UA4,TSRYS5802849,D,B,C,2024-07-26,250000.00,4.480394,102.359375
08:00:32,912810UA4,TSRYS5802849,D,S,D,2024-07-26,1000000.00,4.469139,102.546875
08:00:32,912810UA4,TSRYS5802849,D,S,D,2024-07-26,1000000.00,4.469139,102.546875
08:00:32,912810UA4,TSRYS5802849,D,S,D,2024-07-26,1000000.00,4.469139,102.546875
08:00:32,912810UA4,TSRYS5802849,D,S,D,2024-07-26,1000000.00,4.469139,102.546875
08:00:32,912810UA4,TSRYS5802849,D,S,D,2024-07-26,1000000.00,4.469139,102.546875
08:00:32,912810UA4,TSRYS5802849,D,S,D,2024-07-26,1000000.00,4.469139,102.546875
08:00:32,912810UA4,TSRYS5802849,D,S,D,2024-07-26,1000000.00,4.469139,102.546875
08:00:32,912810UA4,TSRYS5802849,D,S,D,2024-07-26,1000000.00,4.469139,102.546875
08:00:32,912810UA4,TSRYS5802849,D,S,D,2024-07-26,3000000.00,4.472419,102.4921875
08:00:32,912810UA4,TSRYS5802849,D,B,C,2024-07-26,7000000.00,4.47969,102.37109375
08:00:32,912810UA4,TSRYS5802849,D,S,T,2024-07-26,1000000.00,4.476639,102.421875
08:00:32,912810UA4,TSRYS5802849,D,S,D,2024-07-26,1000000.00,4.479455,102.375
08:00:32,912810UA4,TSRYS5802849,D,S,T,2024-07-26,2000000.00,4.486503,102.2578125
08:00:32,912810UA4,TSRYS5802849,D,S,T,2024-07-26,1000000.00,4.484153,102.296875
08:00:32,912810UA4,TSRYS5802849,D,S,T,2024-07-26,1000000.00,4.483918,102.30078125
08:00:32,912810UA4,TSRYS5802849,D,S,T,2024-07-26,1000000.00,4.4838,102.302734375
08:00:32,912810UA4,TSRYS5802849,D,S,T,2024-07-26,1000000.00,4.479455,102.375
08:00:32,912810UA4,TSRYS5802849,D,S,T,2024-07-26,1000000.00,4.487091,102.248046875
08:00:32,912810UA4,TSRYS5802849,D,S,T,2024-07-26,1000000.00,4.489679,102.205078125
08:00:32,912810UA4,TSRYS5802849,D,S,T,2024-07-26,1000000.00,4.48815,102.23046875
08:00:32,912810UA4,TSRYS5802849,D,S,T,2024-07-26,1000000.00,4.486503,102.2578125
08:00:32,912810UA4,TSRYS5802849,D,S,T,2024-07-26,1000000.00,4.489443,102.208984375
08:00:32,912810UA4,TSRYS5802849,D,S,T,2024-07-26,1000000.00,4.490855,102.185546875
08:00:32,912810UA4,TSRYS5802849,D,S,T,2024-07-26,1000000.00,4.490855,102.185546875
08:00:32,912810UA4,TSRYS5802849,D,S,T,2024-07-26,1000000.00,4.492386,102.16015625
08:00:32,912810UA4,TSRYS5802849,D,S,T,2024-07-26,1000000.00,4.493799,102.13671875
08:00:32,912810UA4,TSRYS5802849,D,S,T,2024-07-26,1000000.00,4.49533,102.111328125
08:00:32,912810UA4,TSRYS5802849,D,S,T,2024-07-26,1000000.00,4.493799,102.13671875
08:00:32,912810UA4,TSRYS5802849,D,S,T,2024-07-26,1000000.00,4.493799,102.13671875
08:00:32,912810UA4,TSRYS5802849,D,S,T,2024-07-26,1000000.00,4.493799,102.13671875
08:00:32,912810UA4,TSRYS5802849,D,S,T,2024-07-26,1000000.00,4.492386,102.16015625
08:00:32,912810UA4,TSRYS5802849,D,S,T,2024-07-26,1000000.00,4.492739,102.154296875
08:00:32,912810UA4,TSRYS5802849,D,S,T,2024-07-26,1000000.00,4.502168,101.998046875
08:00:32,912810UA4,TSRYS5802849,D,S,T,2024-07-26,1000000.00,4.50205,102.0
08:00:32,912810UA4,TSRYS5802849,D,S,T,2024-07-26,1000000.00,4.507127,101.916015625
08:00:32,912810UA4,TSRYS5802849,D,S,T,2024-07-26,1000000.00,4.507127,101.916015625
08:00:32,912810UA4,TSRYS5802849,D,S,T,2024-07-26,1000000.00,4.507127,101.916015625
08:00:32,912810UA4,TSRYS5802849,D,S,T,2024-07-26,1000000.00,4.506772,101.921875
08:00:32,912810UA4,TSRYS5802849,D,S,T,2024-07-26,1000000.00,4.506772,101.921875
08:00:32,912810UA4,TSRYS5802849,D,S,T,2024-07-26,1000000.00,4.506772,101.921875
08:00:32,912810UA4,TSRYS5802849,D,S,T,2024-07-26,1000000.00,4.506772,101.921875
08:00:32,912810UA4,TSRYS5802849,D,S,T,2024-07-26,1000000.00,4.506654,101.923828125
08:00:32,912810UA4,TSRYS5802849,D,S,T,2024-07-26,1000000.00,4.506536,101.92578125
08:00:32,912810UA4,TSRYS5802849,D,S,T,2024-07-26,1000000.00,4.506418,101.927734375
08:00:32,912810UA4,TSRYS5802849,D,S,T,2024-07-26,1000000.00,4.505473,101.943359375
08:00:32,912810UA4,TSRYS5802849,D,S,T,2024-07-26,1000000.00,4.505119,101.94921875
08:00:32,912810UA4,TSRYS5802849,D,S,T,2024-07-26,2000000.00,4.504883,101.953125
08:00:32,912810UA4,TSRYS5802849,D,S,T,2024-07-26,2000000.00,4.504883,101.953125
08:00:32,912810UA4,TSRYS5802849,D,S,T,2024-07-26,1000000.00,4.504883,101.953125
08:00:32,912810UA4,TSRYS5802849,D,S,T,2024-07-26,1000000.00,4.505001,101.951171875
08:00:32,912810UA4,TSRYS5802849,D,S,T,2024-07-26,1000000.00,4.503584,101.974609375
08:00:32,912810UA4,TSRYS5802849,D,S,T,2024-07-26,1000000.00,4.503584,101.974609375
08:00:32,912810UA4,TSRYS5802849,D,S,T,2024-07-26,1000000.00,4.503466,101.9765625
08:00:32,912810UA4,TSRYS5802849,D,S,T,2024-07-26,1000000.00,4.503466,101.9765625
08:00:32,912810UA4,TSRYS5802849,D,S,T,2024-07-26,1000000.00,4.50028,102.029296875
08:00:32,912810UA4,TSRYS5802849,D,S,T,2024-07-26,1000000.00,4.500634,102.0234375
08:00:32,912810UA4,TSRYS5802849,D,S,T,2024-07-26,1000000.00,4.501578,102.0078125
08:00:32,912810UA4,TSRYS5802849,D,S,T,2024-07-26,1000000.00,4.501342,102.01171875
08:00:32,912810UA4,TSRYS5802849,D,S,T,2024-07-26,1000000.00,4.501106,102.015625
08:00:32,912810UA4,TSRYS5802849,D,S,T,2024-07-26,1000000.00,4.49427,102.12890625
08:00:32,912810UA4,TSRYS5802849,D,S,T,2024-07-26,1000000.00,4.494152,102.130859375
08:00:32,912810UA4,TSRYS5802849,D,S,T,2024-07-26,1000000.00,4.493327,102.14453125
08:00:32,912810UA4,TSRYS5802849,D,S,T,2024-07-26,1000000.00,4.490855,102.185546875
08:00:32,912810UA4,TSRYS5802849,D,S,T,2024-07-26,1000000.00,4.490738,102.1875
08:00:32,912810UA4,TSRYS5802849,D,S,T,2024-07-26,1000000.00,4.477812,102.40234375
08:00:32,912810UA4,TSRYS5802849,D,S,T,2024-07-26,1000000.00,4.478751,102.38671875
08:00:32,912810UA4,TSRYS5802849,D,S,T,2024-07-26,1000000.00,4.480394,102.359375
08:00:32,912810UA4,TSRYS5802849,D,S,T,2024-07-26,1000000.00,4.478282,102.39453125
08:00:32,912810UA4,TSRYS5802849,D,S,T,2024-07-26,1000000.00,4.47969,102.37109375
08:00:32,912810UA4,TSRYS5802849,D,S,T,2024-07-26,1000000.00,4.477108,102.4140625
08:00:32,912810UA4,TSRYS5802849,D,S,T,2024-07-26,1000000.00,4.480981,102.349609375
08:00:32,912810UA4,TSRYS5802849,D,S,T,2024-07-26,1000000.00,4.481451,102.341796875
08:00:32,912810UA4,TSRYS5802849,D,S,T,2024-07-26,1000000.00,4.485445,102.275390625
08:00:32,912810UA4,TSRYS5802849,D,S,T,2024-07-26,1000000.00,4.484388,102.29296875
08:00:32,912810UA4,TSRYS5802849,D,S,T,2024-07-26,1000000.00,4.486503,102.2578125
08:00:32,912810UA4,TSRYS5802849,D,S,T,2024-07-26,1000000.00,4.486974,102.25
08:00:32,912810UA4,TSRYS5802849,D,S,T,2024-07-26,1000000.00,4.486738,102.25390625
08:00:32,912810UA4,TSRYS5802849,D,S,T,2024-07-26,1000000.00,4.484505,102.291015625
08:00:32,912810UA4,TSRYS5802849,D,S,T,2024-07-26,1000000.00,4.484388,102.29296875
08:00:32,912810UA4,TSRYS5802849,D,S,T,2024-07-26,1000000.00,4.48427,102.294921875
08:00:32,912810UA4,TSRYS5802849,D,S,T,2024-07-26,1000000.00,4.484153,102.296875
08:00:32,912810UA4,TSRYS5802849,D,S,T,2024-07-26,1000000.00,4.480394,102.359375
08:00:32,912810UA4,TSRYS5802849,D,S,T,2024-07-26,1000000.00,4.480042,102.365234375
08:00:32,912810UA4,TSRYS5802849,D,S,T,2024-07-26,1000000.00,4.479807,102.369140625
08:00:32,912810UA4,TSRYS5802849,D,S,T,2024-07-26,1000000.00,4.474763,102.453125
08:00:32,912810UA4,TSRYS5802849,D,S,T,2024-07-26,1000000.00,4.476639,102.421875
08:00:32,912810UA4,TSRYS5802849,D,S,T,2024-07-26,1000000.00,4.478516,102.390625
08:00:32,912810UA4,TSRYS5802849,D,S,T,2024-07-26,1000000.00,4.478868,102.384765625
08:00:32,912810UA4,TSRYS5802849,D,S,T,2024-07-26,1000000.00,4.478751,102.38671875
08:00:32,912810UA4,TSRYS5802849,D,S,T,2024-07-26,1000000.00,4.478634,102.388671875
08:00:32,912810UA4,TSRYS5802849,D,S,T,2024-07-26,1000000.00,4.478516,102.390625
08:00:32,912810UA4,TSRYS5802849,D,S,T,2024-07-26,1000000.00,4.473825,102.46875
08:00:32,912810UA4,TSRYS5802849,D,S,T,2024-07-26,1000000.00,4.472887,102.484375
08:00:32,912810UA4,TSRYS5802849,D,S,T,2024-07-26,1000000.00,4.472301,102.494140625
08:00:32,912810UA4,TSRYS5802849,D,S,T,2024-07-26,1000000.00,4.472184,102.49609375
08:00:32,912810UA4,TSRYS5802849,D,S,T,2024-07-26,1000000.00,4.472067,102.498046875
08:00:32,912810UA4,TSRYS5802849,D,S,T,2024-07-26,1000000.00,4.47195,102.5
08:00:32,912810UA4,TSRYS5802849,D,S,T,2024-07-26,1000000.00,4.472887,102.484375
08:00:32,912810UA4,TSRYS5802849,D,S,T,2024-07-26,1000000.00,4.471247,102.51171875
08:00:32,912810UA4,TSRYS5802849,D,S,T,2024-07-26,1000000.00,4.47113,102.513671875
08:00:32,912810UA4,TSRYS5802849,D,S,T,2024-07-26,1000000.00,4.471013,102.515625
08:00:32,912810UA4,TSRYS5802849,D,S,T,2024-07-26,1000000.00,4.47031,102.52734375
08:00:32,912810UA4,TSRYS5802849,D,S,T,2024-07-26,1000000.00,4.470193,102.529296875
08:00:32,912810UA4,TSRYS5802849,D,S,T,2024-07-26,1000000.00,4.470076,102.53125
08:00:32,912810UA4,TSRYS5802849,D,S,T,2024-07-26,1000000.00,4.471013,102.515625
08:00:33,912810UA4,TSRYS5802849,D,S,T,2024-07-26,1000000.00,4.471481,102.5078125
08:00:33,912810UA4,TSRYS5802849,D,S,T,2024-07-26,1000000.00,4.47113,102.513671875
08:00:33,912810UA4,TSRYS5802849,D,S,T,2024-07-26,1000000.00,4.469724,102.537109375
08:00:33,912810UA4,TSRYS5802849,D,S,T,2024-07-26,1000000.00,4.471247,102.51171875
08:00:33,912810UA4,TSRYS5802849,D,S,T,2024-07-26,1000000.00,4.471247,102.51171875
08:00:33,912810UA4,TSRYS5802849,D,S,T,2024-07-26,1000000.00,4.477343,102.41015625
08:00:33,912810UA4,TSRYS5802849,D,S,T,2024-07-26,1000000.00,4.480512,102.357421875
08:00:33,912810UA4,TSRYS5802849,D,S,T,2024-07-26,1000000.00,4.480512,102.357421875
08:00:33,912810UA4,TSRYS5802849,D,S,T,2024-07-26,1000000.00,4.480512,102.357421875
08:00:33,912810UA4,TSRYS5802849,D,S,T,2024-07-26,1000000.00,4.493563,102.140625
08:00:33,912810UA4,TSRYS5802849,D,S,T,2024-07-26,1000000.00,4.493563,102.140625
08:00:34,912810UA4,TSRYS5802849,D,S,D,2024-07-26,1000000.00,4.506064,101.93359375
08:00:34,912810UA4,TSRYS5802849,D,S,D,2024-07-26,1000000.00,4.50819,101.8984375
08:00:34,912810UA4,TSRYS5802849,D,S,D,2024-07-26,1000000.00,4.507717,101.90625
08:00:34,912810UA4,TSRYS5802849,D,S,D,2024-07-26,1000000.00,4.507717,101.90625
08:00:35,912810UA4,TSRYS5802849,D,S,D,2024-07-26,1000000.00,4.510081,101.8671875
08:00:36,912810UA4,TSRYS5802849,D,S,T,2024-07-26,2000000.00,4.509608,101.875
08:00:36,912810UA4,TSRYS5802849,D,S,D,2024-07-26,1000000.00,4.506772,101.921875
08:00:36,912810UA4,TSRYS5802849,D,S,T,2024-07-26,5000000.00,4.493563,102.140625
08:00:37,912810UA4,TSRYS5802849,D,S,T,2024-07-26,1000000.00,4.509608,101.875
08:00:37,912810UA4,TSRYS5802849,D,S,D,2024-07-26,1000000.00,4.502994,101.984375
08:00:37,912810UA4,TSRYS5802849,D,S,D,2024-07-26,1000000.00,4.502994,101.984375
08:00:37,912810UA4,TSRYS5802849,D,S,D,2024-07-26,1000000.00,4.502522,101.9921875
08:00:37,912810UA4,TSRYS5802849,D,S,D,2024-07-26,1000000.00,4.494505,102.125
08:00:38,912810UA4,TSRYS5802849,D,S,D,2024-07-26,3000000.00,4.494505,102.125
08:00:38,912810UA4,TSRYS5802849,D,S,D,2024-07-26,1000000.00,4.499691,102.0390625
08:00:38,912810UA4,TSRYS5802849,D,B,C,2024-07-26,400000.00,4.478039,102.3984375
08:00:38,912810UA4,TSRYS5802849,D,S,D,2024-07-26,2000000.00,4.498748,102.0546875
08:00:38,912810UA4,TSRYS5802849,D,S,D,2024-07-26,1000000.00,4.504883,101.953125
08:00:38,912810UA4,TSRYS5802849,D,S,D,2024-07-26,4000000.00,4.50205,102.0
08:00:38,912810UA4,TSRYS5802849,D,S,D,2024-07-26,2000000.00,4.502286,101.99609375
08:00:38,912810UA4,TSRYS5802849,D,S,D,2024-07-26,1000000.00,4.50146,102.009765625
08:00:38,912810UA4,TSRYS5802849,D,S,C,2024-07-26,111000.00,4.505803,101.9379
08:00:38,912810UA4,TSRYS5802849,D,S,C,2024-07-26,111000.00,4.505331,101.9457125
08:00:38,912810UA4,TSRYS5802849,D,S,D,2024-07-26,15100000.00,4.510814,101.85506875
08:00:38,912810UA4,TSRYS5802849,D,S,C,2024-07-26,15100000.00,4.505331,101.9457125
08:00:38,912810UA4,TSRYS5802849,D,S,D,2024-07-26,18000000.00,4.500849,102.019886364
08:00:38,912810UA4,TSRYS5802849,D,S,C,2024-07-26,10000000.00,4.492844,102.15254375
08:00:38,912810UA4,TSRYS5802849,D,S,C,2024-07-26,1000000.00,4.478047,102.3984375
08:00:38,912810UA4,TSRYS5802849,D,S,D,2024-07-26,3000000.00,4.480394,102.359375
08:00:38,912810UA4,TSRYS5802849,D,B,C,2024-07-26,3000000.00,4.480394,102.359375
08:00:39,912810UA4,TSRYS5802849,D,B,C,2024-07-26,10000000.00,4.47712,102.4138625
08:00:39,912810UA4,TSRYS5802849,D,B,C,2024-07-26,1200000.00,4.476651,102.421675
08:00:39,912810UA4,TSRYS5802849,D,S,D,2024-07-26,1200000.00,4.476651,102.421675
08:00:39,912810UA4,TSRYS5802849,D,B,C,2024-07-26,7900000.00,4.474775,102.452925
08:00:39,912810UA4,TSRYS5802849,D,S,D,2024-07-26,1000000.00,4.486503,102.2578125
08:00:39,912810UA4,TSRYS5802849,D,S,D,2024-07-26,111000.00,4.478775,102.38631875
08:00:39,912810UA4,TSRYS5802849,D,B,C,2024-07-26,111000.00,4.478775,102.38631875
08:00:39,912810UA4,TSRYS5802849,D,S,D,2024-07-26,1000000.00,4.490738,102.1875
08:00:39,912810UA4,TSRYS5802849,D,S,D,2024-07-26,1000000.00,4.490738,102.1875
08:00:39,912810UA4,TSRYS5802849,D,S,D,2024-07-26,1000000.00,4.502286,101.99609375
08:00:39,912810UA4,TSRYS5802849,D,S,D,2024-07-26,1000000.00,4.50087,102.01953125
08:00:39,912810UA4,TSRYS5802849,D,S,D,2024-07-26,1000000.00,4.500163,102.03125
08:00:39,912810UA4,TSRYS5802849,D,S,D,2024-07-26,1000000.00,4.501342,102.01171875
08:00:39,912810UA4,TSRYS5802849,D,S,D,2024-07-26,1000000.00,4.503702,101.97265625
08:00:39,912810UA4,TSRYS5802849,D,S,D,2024-07-26,1000000.00,4.503466,101.9765625
08:00:39,912810UA4,TSRYS5802849,D,S,D,2024-07-26,1000000.00,4.503466,101.9765625
08:00:39,912810UA4,TSRYS5802849,D,S,D,2024-07-26,2000000.00,4.503466,101.9765625
08:00:39,912810UA4,TSRYS5802849,D,S,D,2024-07-26,1000000.00,4.487914,102.234375
08:00:39,912810UA4,TSRYS5802849,D,S,T,2024-07-26,1000000.00,4.479455,102.375
08:00:40,912810UA4,TSRYS5802849,D,S,D,2024-07-26,1000000.00,4.499573,102.041015625
08:00:40,912810UA4,TSRYS5802849,D,S,D,2024-07-26,1000000.00,4.495448,102.109375
08:00:40,912810UA4,TSRYS5802849,D,S,T,2024-07-26,1000000.00,4.490738,102.1875
08:00:40,912810UA4,TSRYS5802849,D,S,D,2024-07-26,3000000.00,4.495448,102.109375
08:00:40,912810UA4,TSRYS5802849,D,S,T,2024-07-26,1000000.00,4.494505,102.125
08:00:40,912810UA4,TSRYS5802849,D,S,T,2024-07-26,3000000.00,4.494505,102.125
08:00:40,912810UA4,TSRYS5802849,D,S,D,2024-07-26,1000000.00,4.501342,102.01171875
08:00:40,912810UA4,TSRYS5802849,D,B,C,2024-07-26,15100000.00,4.510814,101.85506875
08:00:40,912810UA4,TSRYS5802849,D,S,C,2024-07-26,500000.00,4.51173,101.83984375
08:00:40,912810UA4,TSRYS5802849,D,S,C,2024-07-26,10000000.00,4.509596,101.8752
08:00:40,912810UA4,TSRYS5802849,D,B,A,2024-07-26,3000000.00,4.499219,102.046875
08:00:40,912810UA4,TSRYS5802849,D,S,T,2024-07-26,1000000.00,4.499573,102.041015625
08:00:40,912810UA4,TSRYS5802849,D,S,D,2024-07-26,1000000.00,4.502994,101.984375
08:00:40,912810UA4,TSRYS5802849,D,S,C,2024-07-26,10000000.00,4.502982,101.984575
08:00:40,912810UA4,TSRYS5802849,D,S,T,2024-07-26,1000000.00,4.502994,101.984375
08:00:40,912810UA4,TSRYS5802849,D,S,D,2024-07-26,1000000.00,4.497333,102.078125
08:00:40,912810UA4,TSRYS5802849,D,S,T,2024-07-26,2000000.00,4.498748,102.0546875
08:00:40,912810UA4,TSRYS5802849,D,S,T,2024-07-26,1000000.00,4.502994,101.984375
08:00:40,912810UA4,TSRYS5802849,D,S,A,2024-07-26,1000000.00,4.49804,102.06640625
08:00:40,912810UA4,TSRYS5802849,D,S,T,2024-07-26,3000000.00,4.495448,102.109375
08:00:40,912810UA4,TSRYS5802849,D,S,D,2024-07-26,2000000.00,4.497804,102.0703125
08:00:40,912810UA4,TSRYS5802849,D,S,D,2024-07-26,1000000.00,4.500163,102.03125
08:00:40,912810UA4,TSRYS5802849,D,S,D,2024-07-26,12000000.00,4.477008,102.415736607
08:00:40,912810UA4,TSRYS5802849,D,S,T,2024-07-26,1000000.00,4.501342,102.01171875
08:00:40,912810UA4,TSRYS5802849,D,S,D,2024-07-26,2000000.00,4.507954,101.90234375
08:00:40,912810UA4,TSRYS5802849,D,S,D,2024-07-26,10000000.00,4.47712,102.4138625
08:00:40,912810UA4,TSRYS5802849,D,B,C,2024-07-26,1200000.00,4.469385,102.54276875
08:00:40,912810UA4,TSRYS5802849,D,S,D,2024-07-26,1200000.00,4.469385,102.54276875
08:00:41,912810UA4,TSRYS5802849,D,S,D,2024-07-26,1000000.00,4.500634,102.0234375
08:00:41,912810UA4,TSRYS5802849,D,S,A,2024-07-26,12098000.00,4.510293,101.86368125
08:00:41,912810UA4,TSRYS5802849,D,S,D,2024-07-26,1000000.00,4.501578,102.0078125
08:00:41,912810UA4,TSRYS5802849,D,S,D,2024-07-26,1000000.00,4.502286,101.99609375
08:00:41,912810UA4,TSRYS5802849,D,S,D,2024-07-26,1000000.00,4.503702,101.97265625
08:00:41,912810UA4,TSRYS5802849,D,S,D,2024-07-26,7900000.00,4.474775,102.452925
08:00:41,912810UA4,TSRYS5802849,D,S,A,2024-07-26,10000000.00,4.511263,101.84765625
08:00:41,912810UA4,TSRYS5802849,D,S,T,2024-07-26,3000000.00,4.512446,101.828125
08:00:41,912810UA4,TSRYS5802849,D,S,D,2024-07-26,500000.00,4.51173,101.83984375
08:00:41,912810UA4,TSRYS5802849,D,S,T,2024-07-26,2000000.00,4.5115,101.84375
08:00:41,912810UA4,TSRYS5802849,D,S,T,2024-07-26,1000000.00,4.5115,101.84375
08:00:41,912810UA4,TSRYS5802849,D,S,D,2024-07-26,10000000.00,4.509596,101.8752
08:00:41,912810UA4,TSRYS5802849,D,S,D,2024-07-26,1000000.00,4.505355,101.9453125
08:00:42,912810UA4,TSRYS5802849,D,S,D,2024-07-26,1000000.00,4.502994,101.984375
08:00:42,912810UA4,TSRYS5802849,D,S,D,2024-07-26,1000000.00,4.503702,101.97265625
08:00:42,912810UA4,TSRYS5802849,D,S,D,2024-07-26,1000000.00,4.50087,102.01953125
08:00:42,912810UA4,TSRYS5802849,D,S,D,2024-07-26,1000000.00,4.501578,102.0078125
08:00:42,912810UA4,TSRYS5802849,D,S,D,2024-07-26,1000000.00,4.501578,102.0078125
08:00:42,912810UA4,TSRYS5802849,D,S,D,2024-07-26,1000000.00,4.501578,102.0078125
08:00:42,912810UA4,TSRYS5802849,D,S,D,2024-07-26,1000000.00,4.501578,102.0078125
08:00:42,912810UA4,TSRYS5802849,D,S,D,2024-07-26,1000000.00,4.502994,101.984375
08:00:42,912810UA4,TSRYS5802849,D,S,D,2024-07-26,1000000.00,4.502994,101.984375
08:00:42,912810UA4,TSRYS5802849,D,S,D,2024-07-26,1000000.00,4.502994,101.984375
08:00:42,912810UA4,TSRYS5802849,D,S,D,2024-07-26,1000000.00,4.50087,102.01953125
08:00:42,912810UA4,TSRYS5802849,D,S,D,2024-07-26,1000000.00,4.499927,102.03515625
08:00:42,912810UA4,TSRYS5802849,D,S,D,2024-07-26,1000000.00,4.499455,102.04296875
08:00:42,912810UA4,TSRYS5802849,D,S,T,2024-07-26,1000000.00,4.500516,102.025390625
08:00:42,912810UA4,TSRYS5802849,D,S,T,2024-07-26,1000000.00,4.502286,101.99609375
08:00:42,912810UA4,TSRYS5802849,D,S,T,2024-07-26,1000000.00,4.501106,102.015625
08:00:42,912810UA4,TSRYS5802849,D,S,D,2024-07-26,1000000.00,4.502286,101.99609375
08:00:42,912810UA4,TSRYS5802849,D,S,T,2024-07-26,1000000.00,4.50205,102.0
08:00:42,912810UA4,TSRYS5802849,D,S,T,2024-07-26,1000000.00,4.50205,102.0
08:00:42,912810UA4,TSRYS5802849,D,S,T,2024-07-26,1000000.00,4.503112,101.982421875
08:00:42,912810UA4,TSRYS5802849,D,S,T,2024-07-26,1000000.00,4.50323,101.98046875
08:00:42,912810UA4,TSRYS5802849,D,S,T,2024-07-26,1000000.00,4.502994,101.984375
08:00:42,912810UA4,TSRYS5802849,D,S,T,2024-07-26,1000000.00,4.502994,101.984375
08:00:42,912810UA4,TSRYS5802849,D,S,T,2024-07-26,1000000.00,4.50205,102.0
08:00:43,912810UA4,TSRYS5802849,D,S,T,2024-07-26,1000000.00,4.497333,102.078125
08:00:43,912810UA4,TSRYS5802849,D,S,D,2024-07-26,1000000.00,4.496862,102.0859375
08:00:43,912810UA4,TSRYS5802849,D,S,D,2024-07-26,1000000.00,4.496626,102.08984375
08:00:43,912810UA4,TSRYS5802849,D,S,D,2024-07-26,2000000.00,4.484388,102.29296875
08:00:43,912810UA4,TSRYS5802849,D,S,D,2024-07-26,1000000.00,4.481803,102.3359375
08:00:43,912810UA4,TSRYS5802849,D,S,T,2024-07-26,2000000.00,4.480394,102.359375
08:00:43,912810UA4,TSRYS5802849,D,S,T,2024-07-26,1000000.00,4.480394,102.359375
08:00:43,912810UA4,TSRYS5802849,D,S,D,2024-07-26,2000000.00,4.479925,102.3671875
08:00:44,912810UA4,TSRYS5802849,D,S,T,2024-07-26,1000000.00,4.504883,101.953125
08:00:44,912810UA4,TSRYS5802849,D,S,T,2024-07-26,1000000.00,4.480277,102.361328125
08:00:44,912810UA4,TSRYS5802849,D,B,A,2024-07-26,12098000.00,4.481592,102.33944375
08:00:44,912810UA4,TSRYS5802849,D,S,T,2024-07-26,1000000.00,4.481334,102.34375
08:00:44,912810UA4,TSRYS5802849,D,S,T,2024-07-26,1000000.00,4.481334,102.34375
08:00:44,912810UA4,TSRYS5802849,D,S,T,2024-07-26,1000000.00,4.481334,102.34375
08:00:44,912810UA4,TSRYS5802849,D,S,T,2024-07-26,1000000.00,4.481334,102.34375
08:00:44,912810UA4,TSRYS5802849,D,S,T,2024-07-26,1000000.00,4.480394,102.359375
08:00:44,912810UA4,TSRYS5802849,D,S,T,2024-07-26,1000000.00,4.480394,102.359375
08:00:44,912810UA4,TSRYS5802849,D,S,D,2024-07-26,1000000.00,4.481216,102.345703125
08:00:44,912810UA4,TSRYS5802849,D,S,D,2024-07-26,1000000.00,4.477343,102.41015625
08:00:44,912810UA4,TSRYS5802849,D,S,D,2024-07-26,1000000.00,4.482743,102.3203125
08:00:44,912810UA4,TSRYS5802849,D,S,D,2024-07-26,1000000.00,4.481216,102.345703125
08:00:44,912810UA4,TSRYS5802849,D,S,T,2024-07-26,1000000.00,4.502876,101.986328125
08:00:45,912810UA4,TSRYS5802849,D,S,T,2024-07-26,1000000.00,4.501106,102.015625
08:00:45,912810UA4,TSRYS5802849,D,S,T,2024-07-26,1000000.00,4.502994,101.984375
08:00:45,912810UA4,TSRYS5802849,D,S,T,2024-07-26,1000000.00,4.501696,102.005859375
08:00:45,912810UA4,TSRYS5802849,D,S,T,2024-07-26,1000000.00,4.502994,101.984375
08:00:45,912810UA4,TSRYS5802849,D,S,T,2024-07-26,1000000.00,4.502994,101.984375
08:00:45,912810UA4,TSRYS5802849,D,S,T,2024-07-26,1000000.00,4.50205,102.0
08:00:45,912810UA4,TSRYS5802849,D,S,T,2024-07-26,1000000.00,4.502994,101.984375
08:00:45,912810UA4,TSRYS5802849,D,S,T,2024-07-26,1000000.00,4.502994,101.984375
08:00:45,912810UA4,TSRYS5802849,D,S,T,2024-07-26,1000000.00,4.502994,101.984375
08:00:45,912810UA4,TSRYS5802849,D,S,T,2024-07-26,1000000.00,4.50205,102.0
08:00:45,912810UA4,TSRYS5802849,D,S,D,2024-07-26,1000000.00,4.477812,102.40234375
08:00:46,912810UA4,TSRYS5802849,D,S,D,2024-07-26,1000000.00,4.502994,101.984375
08:00:46,912810UA4,TSRYS5802849,D,S,A,2024-07-26,1000000.00,4.469256,102.54492188
08:00:46,912810UA4,TSRYS5802849,D,S,T,2024-07-26,1000000.00,4.502994,101.984375
08:00:46,912810UA4,TSRYS5802849,D,S,D,2024-07-26,1000000.00,4.474997,102.44921875
08:00:46,912810UA4,TSRYS5802849,D,S,T,2024-07-26,1000000.00,4.502994,101.984375
08:00:46,912810UA4,TSRYS5802849,D,S,T,2024-07-26,1000000.00,4.476405,102.42578125
08:00:46,912810UA4,TSRYS5802849,D,S,T,2024-07-26,1000000.00,4.502994,101.984375
08:00:46,912810UA4,TSRYS5802849,D,S,T,2024-07-26,1000000.00,4.502994,101.984375
08:00:46,912810UA4,TSRYS5802849,D,S,T,2024-07-26,1000000.00,4.477812,102.40234375
08:00:46,912810UA4,TSRYS5802849,D,S,T,2024-07-26,1000000.00,4.502994,101.984375
08:00:46,912810UA4,TSRYS5802849,D,B,C,2024-07-26,1500000.00,4.478282,102.39453125
08:00:46,912810UA4,TSRYS5802849,D,S,T,2024-07-26,1000000.00,4.502994,101.984375
08:00:47,912810UA4,TSRYS5802849,D,S,T,2024-07-26,1000000.00,4.502994,101.984375
08:00:47,912810UA4,TSRYS5802849,D,S,D,2024-07-26,1000000.00,4.487914,102.234375
08:00:47,912810UA4,TSRYS5802849,D,S,D,2024-07-26,23000000.00,4.494034,102.1328125
08:00:47,912810UA4,TSRYS5802849,D,S,D,2024-07-26,2000000.00,4.493151,102.147460938
08:00:47,912810UA4,TSRYS5802849,D,S,D,2024-07-26,8000000.00,4.49427,102.12890625
08:00:47,912810UA4,TSRYS5802849,D,B,A,2024-07-26,1000000.00,4.484858,102.28515625
08:00:47,912810UA4,TSRYS5802849,D,S,D,2024-07-26,2000000.00,4.486503,102.2578125
08:00:47,912810UA4,TSRYS5802849,D,S,D,2024-07-26,3000000.00,4.486268,102.26171875
08:00:47,912810UA4,TSRYS5802849,D,S,D,2024-07-26,2000000.00,4.488855,102.21875
08:00:48,912810UA4,TSRYS5802849,D,S,T,2024-07-26,1000000.00,4.502994,101.984375
08:00:48,912810UA4,TSRYS5802849,D,S,T,2024-07-26,1000000.00,4.502994,101.984375
08:00:48,912810UA4,TSRYS5802849,D,S,T,2024-07-26,1000000.00,4.490738,102.1875
08:00:48,912810UA4,TSRYS5802849,D,S,T,2024-07-26,1000000.00,4.501106,102.015625
08:00:49,912810UA4,TSRYS5802849,D,S,T,2024-07-26,1000000.00,4.504883,101.953125
08:00:49,912810UA4,TSRYS5802849,D,S,T,2024-07-26,1000000.00,4.499691,102.0390625
08:00:49,912810UA4,TSRYS5802849,D,S,D,2024-07-26,3000000.00,4.501814,102.00390625
08:00:49,912810UA4,TSRYS5802849,D,S,T,2024-07-26,1000000.00,4.495448,102.109375
08:00:49,912810UA4,TSRYS5802849,D,S,T,2024-07-26,1000000.00,4.503348,101.978515625
08:00:49,912810UA4,TSRYS5802849,D,S,D,2024-07-26,1000000.00,4.500163,102.03125
08:00:49,912810UA4,TSRYS5802849,D,S,D,2024-07-26,1000000.00,4.499809,102.037109375
08:00:49,912810UA4,TSRYS5802849,D,S,D,2024-07-26,1000000.00,4.499927,102.03515625
08:00:49,912810UA4,TSRYS5802849,D,S,T,2024-07-26,1000000.00,4.50146,102.009765625
08:00:49,912810UA4,TSRYS5802849,D,S,D,2024-07-26,75000.00,4.5063,101.9296875
08:00:49,912810UA4,TSRYS5802849,D,S,D,2024-07-26,111000.00,4.505803,101.9379
08:00:49,912810UA4,TSRYS5802849,D,S,D,2024-07-26,111000.00,4.505331,101.9457125
08:00:49,912810UA4,TSRYS5802849,D,S,T,2024-07-26,1000000.00,4.505827,101.9375
08:00:49,912810UA4,TSRYS5802849,D,S,T,2024-07-26,1000000.00,4.507363,101.912109375
08:00:49,912810UA4,TSRYS5802849,D,S,D,2024-07-26,1000000.00,4.485093,102.28125
08:00:49,912810UA4,TSRYS5802849,D,S,D,2024-07-26,1000000.00,4.485093,102.28125
08:00:49,912810UA4,TSRYS5802849,D,S,T,2024-07-26,1000000.00,4.507363,101.912109375
08:00:49,912810UA4,TSRYS5802849,D,S,T,2024-07-26,1000000.00,4.507363,101.912109375
08:00:49,912810UA4,TSRYS5802849,D,S,D,2024-07-26,1000000.00,4.484153,102.296875
08:00:49,912810UA4,TSRYS5802849,D,S,D,2024-07-26,1000000.00,4.480394,102.359375
08:00:49,912810UA4,TSRYS5802849,D,S,D,2024-07-26,1000000.00,4.47922,102.37890625
08:00:49,912810UA4,TSRYS5802849,D,S,A,2024-07-26,6250000.00,4.509845,101.87109375
08:00:49,912810UA4,TSRYS5802849,D,S,D,2024-07-26,1000000.00,4.47922,102.37890625
08:00:49,912810UA4,TSRYS5802849,D,S,D,2024-07-26,2000000.00,4.478516,102.390625
08:00:49,912810UA4,TSRYS5802849,D,S,D,2024-07-26,1000000.00,4.477108,102.4140625
08:00:49,912810UA4,TSRYS5802849,D,S,D,2024-07-26,1000000.00,4.476639,102.421875
08:00:49,912810UA4,TSRYS5802849,D,S,D,2024-07-26,1000000.00,4.477812,102.40234375
08:00:49,912810UA4,TSRYS5802849,D,S,D,2024-07-26,1000000.00,4.478516,102.390625
08:00:49,912810UA4,TSRYS5802849,D,S,D,2024-07-26,3000000.00,4.478516,102.390625
08:00:49,912810UA4,TSRYS5802849,D,S,D,2024-07-26,1000000.00,4.476639,102.421875
08:00:49,912810UA4,TSRYS5802849,D,S,D,2024-07-26,1000000.00,4.47617,102.4296875
08:00:49,912810UA4,TSRYS5802849,D,S,D,2024-07-26,1000000.00,4.475935,102.43359375
08:00:50,912810UA4,TSRYS5802849,D,S,T,2024-07-26,1000000.00,4.512446,101.828125
08:00:50,912810UA4,TSRYS5802849,D,S,T,2024-07-26,1000000.00,4.512446,101.828125
08:00:50,912810UA4,TSRYS5802849,D,S,D,2024-07-26,1000000.00,4.47617,102.4296875
08:00:50,912810UA4,TSRYS5802849,D,S,T,2024-07-26,1000000.00,4.50205,102.0
08:00:50,912810UA4,TSRYS5802849,D,S,T,2024-07-26,1000000.00,4.503466,101.9765625
08:00:50,912810UA4,TSRYS5802849,D,S,T,2024-07-26,1000000.00,4.50205,102.0
08:00:50,912810UA4,TSRYS5802849,D,S,D,2024-07-26,1000000.00,4.47617,102.4296875
08:00:50,912810UA4,TSRYS5802849,D,S,D,2024-07-26,1000000.00,4.47617,102.4296875
08:00:50,912810UA4,TSRYS5802849,D,S,D,2024-07-26,1000000.00,4.47617,102.4296875
08:00:50,912810UA4,TSRYS5802849,D,S,D,2024-07-26,1000000.00,4.47617,102.4296875
08:00:50,912810UA4,TSRYS5802849,D,S,T,2024-07-26,1000000.00,4.5115,101.84375
08:00:50,912810UA4,TSRYS5802849,D,S,T,2024-07-26,1000000.00,4.5115,101.84375
08:00:50,912810UA4,TSRYS5802849,D,S,T,2024-07-26,1000000.00,4.501106,102.015625
08:00:50,912810UA4,TSRYS5802849,D,S,T,2024-07-26,1000000.00,4.509017,101.884765625
08:00:50,912810UA4,TSRYS5802849,D,S,D,2024-07-26,1000000.00,4.473591,102.47265625
08:00:50,912810UA4,TSRYS5802849,D,S,D,2024-07-26,1000000.00,4.473591,102.47265625
08:00:50,912810UA4,TSRYS5802849,D,S,D,2024-07-26,15100000.00,4.505331,101.9457125
08:00:50,912810UA4,TSRYS5802849,D,S,T,2024-07-26,1000000.00,4.50205,102.0
08:00:50,912810UA4,TSRYS5802849,D,S,T,2024-07-26,1000000.00,4.50205,102.0
08:00:50,912810UA4,TSRYS5802849,D,S,T,2024-07-26,1000000.00,4.504883,101.953125
08:00:51,912810UA4,TSRYS5802849,D,S,D,2024-07-26,458000.00,4.501106,102.015625
08:00:51,912810UA4,TSRYS5802849,D,S,T,2024-07-26,1000000.00,4.502286,101.99609375
08:00:51,912810UA4,TSRYS5802849,D,S,T,2024-07-26,1000000.00,4.50205,102.0
08:00:51,912810UA4,TSRYS5802849,D,S,T,2024-07-26,1000000.00,4.502522,101.9921875
08:00:51,912810UA4,TSRYS5802849,D,S,T,2024-07-26,1000000.00,4.501106,102.015625
08:00:51,912810UA4,TSRYS5802849,D,S,T,2024-07-26,1000000.00,4.50205,102.0
08:00:51,912810UA4,TSRYS5802849,D,S,T,2024-07-26,1000000.00,4.50205,102.0
08:00:51,912810UA4,TSRYS5802849,D,S,T,2024-07-26,1000000.00,4.502168,101.998046875
08:00:51,912810UA4,TSRYS5802849,D,S,T,2024-07-26,1000000.00,4.50205,102.0
08:00:51,912810UA4,TSRYS5802849,D,S,T,2024-07-26,1000000.00,4.50205,102.0
08:00:51,912810UA4,TSRYS5802849,D,S,T,2024-07-26,1000000.00,4.50205,102.0
08:00:51,912810UA4,TSRYS5802849,D,S,A,2024-07-26,4000000.00,4.50323,101.98046875
08:00:51,912810UA4,TSRYS5802849,D,S,T,2024-07-26,1000000.00,4.502994,101.984375
08:00:51,912810UA4,TSRYS5802849,D,S,T,2024-07-26,1000000.00,4.501106,102.015625
08:00:51,912810UA4,TSRYS5802849,D,S,D,2024-07-26,1000000.00,4.473591,102.47265625
08:00:51,912810UA4,TSRYS5802849,D,S,D,2024-07-26,1000000.00,4.473591,102.47265625
08:00:51,912810UA4,TSRYS5802849,D,S,D,2024-07-26,1000000.00,4.473356,102.4765625
08:00:51,912810UA4,TSRYS5802849,D,S,D,2024-07-26,1000000.00,4.473591,102.47265625
08:00:51,912810UA4,TSRYS5802849,D,S,D,2024-07-26,10000000.00,4.502982,101.984575
08:00:51,912810UA4,TSRYS5802849,D,S,D,2024-07-26,1000000.00,4.473591,102.47265625
08:00:51,912810UA4,TSRYS5802849,D,S,D,2024-07-26,1000000.00,4.474294,102.4609375
08:00:51,912810UA4,TSRYS5802849,D,S,D,2024-07-26,1000000.00,4.472887,102.484375
08:00:51,912810UA4,TSRYS5802849,D,S,D,2024-07-26,1000000.00,4.472184,102.49609375
08:00:51,912810UA4,TSRYS5802849,D,S,D,2024-07-26,1000000.00,4.471013,102.515625
08:00:51,912810UA4,TSRYS5802849,D,S,D,2024-07-26,10000000.00,4.492844,102.15254375
08:00:51,912810UA4,TSRYS5802849,D,S,T,2024-07-26,1000000.00,4.50205,102.0
08:00:52,912810UA4,TSRYS5802849,D,S,T,2024-07-26,1000000.00,4.50205,102.0
08:00:52,912810UA4,TSRYS5802849,D,S,D,2024-07-26,1000000.00,4.478047,102.3984375
08:00:52,912810UA4,TSRYS5802849,D,S,T,2024-07-26,1000000.00,4.500634,102.0234375
08:00:52,912810UA4,TSRYS5802849,D,S,T,2024-07-26,1000000.00,4.480394,102.359375
08:00:52,912810UA4,TSRYS5802849,D,S,T,2024-07-26,1000000.00,4.480394,102.359375
08:00:52,912810UA4,TSRYS5802849,D,S,T,2024-07-26,1000000.00,4.480394,102.359375
08:00:52,912810UA4,TSRYS5802849,D,S,T,2024-07-26,1000000.00,4.501106,102.015625
08:00:52,912810UA4,TSRYS5802849,D,S,T,2024-07-26,1000000.00,4.501106,102.015625
08:00:53,912810UA4,TSRYS5802849,D,S,T,2024-07-26,1000000.00,4.481334,102.34375
08:00:53,912810UA4,TSRYS5802849,D,S,T,2024-07-26,1000000.00,4.481334,102.34375
08:00:53,912810UA4,TSRYS5802849,D,S,T,2024-07-26,1000000.00,4.50205,102.0
08:00:53,912810UA4,TSRYS5802849,D,S,T,2024-07-26,1000000.00,4.480394,102.359375
08:00:53,912810UA4,TSRYS5802849,D,S,T,2024-07-26,2000000.00,4.480394,102.359375
08:00:53,912810UA4,TSRYS5802849,D,S,D,2024-07-26,1000000.00,4.501578,102.0078125
08:00:53,912810UA4,TSRYS5802849,D,S,T,2024-07-26,1000000.00,4.480394,102.359375
08:00:53,912810UA4,TSRYS5802849,D,S,D,2024-07-26,5000000.00,4.481275,102.344726562
08:00:53,912810UA4,TSRYS5802849,D,S,D,2024-07-26,1000000.00,4.481216,102.345703125
08:00:53,912810UA4,TSRYS5802849,D,S,D,2024-07-26,1000000.00,4.481216,102.345703125
08:00:53,912810UA4,TSRYS5802849,D,S,D,2024-07-26,19000000.00,4.484388,102.29296875
08:00:53,912810UA4,TSRYS5802849,D,S,D,2024-07-26,1000000.00,4.481216,102.345703125
08:00:53,912810UA4,TSRYS5802849,D,S,D,2024-07-26,1000000.00,4.481216,102.345703125
08:00:53,912810UA4,TSRYS5802849,D,S,D,2024-07-26,1000000.00,4.502286,101.99609375
08:00:53,912810UA4,TSRYS5802849,D,S,D,2024-07-26,1000000.00,4.502994,101.984375
08:00:53,912810UA4,TSRYS5802849,D,S,T,2024-07-26,1000000.00,4.50205,102.0
08:00:53,912810UA4,TSRYS5802849,D,S,T,2024-07-26,1000000.00,4.501814,102.00390625
08:00:53,912810UA4,TSRYS5802849,D,S,T,2024-07-26,1000000.00,4.50205,102.0
08:00:53,912810UA4,TSRYS5802849,D,S,T,2024-07-26,1000000.00,4.50205,102.0
08:00:53,912810UA4,TSRYS5802849,D,S,T,2024-07-26,1000000.00,4.50205,102.0
08:00:53,912810UA4,TSRYS5802849,D,S,D,2024-07-26,7000000.00,4.488591,102.223144531
08:00:53,912810UA4,TSRYS5802849,D,S,D,2024-07-26,1000000.00,4.470076,102.53125
08:00:54,912810UA4,TSRYS5802849,D,S,D,2024-07-26,30000000.00,4.484819,102.285807292
08:00:54,912810UA4,TSRYS5802849,D,S,D,2024-07-26,1000000.00,4.496862,102.0859375
08:00:54,912810UA4,TSRYS5802849,D,S,D,2024-07-26,1000000.00,4.474763,102.453125
08:00:54,912810UA4,TSRYS5802849,D,S,D,2024-07-26,2000000.00,4.474763,102.453125
08:00:54,912810UA4,TSRYS5802849,D,S,T,2024-07-26,1000000.00,4.495212,102.11328125
08:00:54,912810UA4,TSRYS5802849,D,S,D,2024-07-26,1000000.00,4.471013,102.515625
08:00:54,912810UA4,TSRYS5802849,D,S,T,2024-07-26,1000000.00,4.50205,102.0
08:00:54,912810UA4,TSRYS5802849,D,S,T,2024-07-26,1000000.00,4.477578,102.40625
08:00:54,912810UA4,TSRYS5802849,D,S,T,2024-07-26,1000000.00,4.50205,102.0
08:00:55,912810UA4,TSRYS5802849,D,S,T,2024-07-26,1000000.00,4.477578,102.40625
08:00:55,912810UA4,TSRYS5802849,D,S,T,2024-07-26,1000000.00,4.478399,102.392578125
