tradeTime,cusip,issueSymbolIdentifier,priceType,reportingSideCode,contraPartyTypeCode,tradeDate,reportedTradeVolume,lastSaleYield,lastSalePrice
08:00:01,912810UC0,TSRYS5860825,D,S,T,2024-10-21,1000000.00,4.403323,97.462890625
08:00:01,912810UC0,TSRYS5860825,D,S,D,2024-10-21,1000000.00,4.403323,97.462890625
08:00:01,912810UC0,TSRYS5860825,D,S,D,2024-10-21,1000000.00,4.403323,97.462890625
08:00:01,912810UC0,TSRYS5860825,D,S,D,2024-10-21,2000000.00,4.402962,97.46875
08:00:01,912810UC0,TSRYS5860825,D,S,D,2024-10-21,1000000.00,4.402962,97.46875
08:00:01,912810UC0,TSRYS5860825,D,S,T,2024-10-21,1000000.00,4.390695,97.66796875
08:00:01,912810UC0,TSRYS5860825,D,S,T,2024-10-21,1000000.00,4.388054,97.7109375
08:00:01,912810UC0,TSRYS5860825,D,S,T,2024-10-21,1000000.00,4.386734,97.732421875
08:00:01,912810UC0,TSRYS5860825,D,S,T,2024-10-21,1000000.00,4.386854,97.73046875
08:00:01,912810UC0,TSRYS5860825,D,S,D,2024-10-21,1000000.00,4.398388,97.54296875
08:00:01,912810UC0,TSRYS5860825,D,S,D,2024-10-21,1000000.00,4.399591,97.5234375
08:00:01,912810UC0,TSRYS5860825,D,S,D,2024-10-21,1000000.00,4.399591,97.5234375
08:00:01,912810UC0,TSRYS5860825,D,S,T,2024-10-21,1000000.00,4.401397,97.494140625
08:00:01,912810UC0,TSRYS5860825,D,S,T,2024-10-21,1000000.00,4.401397,97.494140625
08:00:01,912810UC0,TSRYS5860825,D,S,T,2024-10-21,1000000.00,4.401156,97.498046875
08:00:01,912810UC0,TSRYS5860825,D,S,D,2024-10-21,1000000.00,4.401276,97.49609375
08:00:01,912810UC0,TSRYS5860825,D,S,D,2024-10-21,1000000.00,4.401276,97.49609375
08:00:01,912810UC0,TSRYS5860825,D,S,D,2024-10-21,1000000.00,4.400915,97.501953125
08:00:01,912810UC0,TSRYS5860825,D,S,D,2024-10-21,1000000.00,4.399711,97.521484375
08:00:03,912810UC0,TSRYS5860825,D,S,T,2024-10-21,1000000.00,4.420824,97.1796875
08:00:03,912810UC0,TSRYS5860825,D,S,T,2024-10-21,1000000.00,4.41466,97.279296875
08:00:03,912810UC0,TSRYS5860825,D,S,T,2024-10-21,1000000.00,4.412608,97.3125
08:00:03,912810UC0,TSRYS5860825,D,S,T,2024-10-21,1000000.00,4.417076,97.240234375
08:00:03,912810UC0,TSRYS5860825,D,S,D,2024-10-21,1000000.00,4.432208,96.99609375
08:00:03,912810UC0,TSRYS5860825,D,S,T,2024-10-21,1000000.00,4.434149,96.96484375
08:00:03,912810UC0,TSRYS5860825,D,S,T,2024-10-21,1000000.00,4.434028,96.966796875
08:00:03,912810UC0,TSRYS5860825,D,S,T,2024-10-21,1000000.00,4.434028,96.966796875
08:00:03,912810UC0,TSRYS5860825,D,S,T,2024-10-21,1000000.00,4.434028,96.966796875
08:00:03,912810UC0,TSRYS5860825,D,S,T,2024-10-21,1000000.00,4.434028,96.966796875
08:00:03,912810UC0,TSRYS5860825,D,S,T,2024-10-21,1000000.00,4.431844,97.001953125
08:00:03,912810UC0,TSRYS5860825,D,S,T,2024-10-21,1000000.00,4.432572,96.990234375
08:00:03,912810UC0,TSRYS5860825,D,S,T,2024-10-21,1000000.00,4.441799,96.841796875
08:00:03,912810UC0,TSRYS5860825,D,S,D,2024-10-21,1000000.00,4.440341,96.865234375
08:00:03,912810UC0,TSRYS5860825,D,S,D,2024-10-21,1000000.00,4.440341,96.865234375
08:00:03,912810UC0,TSRYS5860825,D,S,D,2024-10-21,1000000.00,4.440341,96.865234375
08:00:03,912810UC0,TSRYS5860825,D,S,D,2024-10-21,1000000.00,4.440341,96.865234375
08:00:03,912810UC0,TSRYS5860825,D,S,D,2024-10-21,1000000.00,4.440341,96.865234375
08:00:03,912810UC0,TSRYS5860825,D,B,C,2024-10-21,1000000.00,4.440098,96.869140625
08:00:03,912810UC0,TSRYS5860825,D,S,T,2024-10-21,1000000.00,4.439734,96.875
08:00:03,912810UC0,TSRYS5860825,D,B,C,2024-10-21,1000000.00,4.439977,96.87109375
08:00:03,912810UC0,TSRYS5860825,D,S,T,2024-10-21,1000000.00,4.439734,96.875
08:00:03,912810UC0,TSRYS5860825,D,S,T,2024-10-21,1000000.00,4.439734,96.875
08:00:04,912810UC0,TSRYS5860825,D,S,A,2024-10-21,20000.00,4.440706,96.884375
08:00:06,912810UC0,TSRYS5860825,D,S,T,2024-10-21,1000000.00,4.401035,97.5
08:00:06,912810UC0,TSRYS5860825,D,S,T,2024-10-21,1000000.00,4.413574,97.296875
08:00:06,912810UC0,TSRYS5860825,D,S,T,2024-10-21,1000000.00,4.421308,97.171875
08:00:06,912810UC0,TSRYS5860825,D,S,T,2024-10-21,2000000.00,4.421308,97.171875
08:00:06,912810UC0,TSRYS5860825,D,S,T,2024-10-21,1000000.00,4.42034,97.1875
08:00:06,912810UC0,TSRYS5860825,D,S,T,2024-10-21,1000000.00,4.430996,97.015625
08:00:06,912810UC0,TSRYS5860825,D,S,T,2024-10-21,1000000.00,4.431966,97.0
08:00:06,912810UC0,TSRYS5860825,D,S,T,2024-10-21,3000000.00,4.438762,96.890625
08:00:06,912810UC0,TSRYS5860825,D,S,T,2024-10-21,1000000.00,4.44265,96.828125
08:00:07,912810UC0,TSRYS5860825,D,S,C,2024-10-21,200000.00,4.391632,97.65274375
08:00:07,912810UC0,TSRYS5860825,D,S,D,2024-10-21,1000000.00,4.38949,97.6875
08:00:07,912810UC0,TSRYS5860825,D,S,D,2024-10-21,2000000.00,4.38925,97.69140625
08:00:07,912810UC0,TSRYS5860825,D,B,A,2024-10-21,50MM+,4.426381,97.09
08:00:07,912810UC0,TSRYS5860825,D,S,C,2024-10-21,1000000.00,4.387814,97.71484375
08:00:11,912810UC0,TSRYS5860825,D,S,A,2024-10-21,10000000.00,4.397666,97.5546875
08:00:11,912810UC0,TSRYS5860825,D,S,D,2024-10-21,1000000.00,4.401035,97.5
08:00:11,912810UC0,TSRYS5860825,D,S,D,2024-10-21,1000000.00,4.401035,97.5
08:00:11,912810UC0,TSRYS5860825,D,S,D,2024-10-21,1000000.00,4.402962,97.46875
08:00:11,912810UC0,TSRYS5860825,D,S,T,2024-10-21,1000000.00,4.402962,97.46875
08:00:11,912810UC0,TSRYS5860825,D,S,D,2024-10-21,1000000.00,4.401035,97.5
08:00:11,912810UC0,TSRYS5860825,D,S,T,2024-10-21,1000000.00,4.393338,97.625
08:00:11,912810UC0,TSRYS5860825,D,S,T,2024-10-21,1000000.00,4.392857,97.6328125
08:00:11,912810UC0,TSRYS5860825,D,S,T,2024-10-21,1000000.00,4.391056,97.662109375
08:00:11,912810UC0,TSRYS5860825,D,S,T,2024-10-21,1000000.00,4.396824,97.568359375
08:00:11,912810UC0,TSRYS5860825,D,S,T,2024-10-21,1000000.00,4.401035,97.5
08:00:11,912810UC0,TSRYS5860825,D,S,T,2024-10-21,1000000.00,4.398147,97.546875
08:00:11,912810UC0,TSRYS5860825,D,S,T,2024-10-21,1000000.00,4.422276,97.15625
08:00:11,912810UC0,TSRYS5860825,D,S,T,2024-10-21,1000000.00,4.42034,97.1875
08:00:11,912810UC0,TSRYS5860825,D,S,T,2024-10-21,1000000.00,4.42034,97.1875
08:00:11,912810UC0,TSRYS5860825,D,S,T,2024-10-21,1000000.00,4.419373,97.203125
08:00:11,912810UC0,TSRYS5860825,D,S,T,2024-10-21,1000000.00,4.419373,97.203125
08:00:11,912810UC0,TSRYS5860825,D,S,T,2024-10-21,1000000.00,4.417439,97.234375
08:00:11,912810UC0,TSRYS5860825,D,S,T,2024-10-21,1000000.00,4.416472,97.25
08:00:11,912810UC0,TSRYS5860825,D,S,T,2024-10-21,1000000.00,4.41454,97.28125
08:00:11,912810UC0,TSRYS5860825,D,S,T,2024-10-21,1000000.00,4.41454,97.28125
08:00:11,912810UC0,TSRYS5860825,D,S,T,2024-10-21,1000000.00,4.412608,97.3125
08:00:11,912810UC0,TSRYS5860825,D,S,T,2024-10-21,1000000.00,4.413574,97.296875
08:00:11,912810UC0,TSRYS5860825,D,S,T,2024-10-21,1000000.00,4.413574,97.296875
08:00:11,912810UC0,TSRYS5860825,D,S,T,2024-10-21,1000000.00,4.413574,97.296875
08:00:11,912810UC0,TSRYS5860825,D,S,T,2024-10-21,1000000.00,4.415506,97.265625
08:00:11,912810UC0,TSRYS5860825,D,S,T,2024-10-21,1000000.00,4.415506,97.265625
08:00:11,912810UC0,TSRYS5860825,D,S,T,2024-10-21,1000000.00,4.42518,97.109375
08:00:12,912810UC0,TSRYS5860825,D,S,T,2024-10-21,1000000.00,4.430026,97.03125
08:00:12,912810UC0,TSRYS5860825,D,S,T,2024-10-21,1000000.00,4.431966,97.0
08:00:12,912810UC0,TSRYS5860825,D,S,D,2024-10-21,1000000.00,4.433421,96.9765625
08:00:12,912810UC0,TSRYS5860825,D,S,T,2024-10-21,1000000.00,4.441678,96.84375
08:00:12,912810UC0,TSRYS5860825,D,S,T,2024-10-21,1000000.00,4.441678,96.84375
08:00:12,912810UC0,TSRYS5860825,D,S,D,2024-10-21,1000000.00,4.44022,96.8671875
08:00:12,912810UC0,TSRYS5860825,D,S,C,2024-10-21,1000000.00,4.402962,97.46875
08:00:12,912810UC0,TSRYS5860825,D,S,C,2024-10-21,1000000.00,4.402962,97.46875
08:00:12,912810UC0,TSRYS5860825,D,S,C,2024-10-21,2000000.00,4.402962,97.46875
08:00:13,912810UC0,TSRYS5860825,D,B,A,2024-10-21,2000000.00,4.404166,97.44921875
08:00:13,912810UC0,TSRYS5860825,D,S,D,2024-10-21,2000000.00,4.402962,97.46875
08:00:13,912810UC0,TSRYS5860825,D,S,D,2024-10-21,12000000.00,4.391896,97.6484375
08:00:14,912810UC0,TSRYS5860825,D,S,D,2024-10-21,1000000.00,4.393338,97.625
08:00:14,912810UC0,TSRYS5860825,D,S,D,2024-10-21,1000000.00,4.393338,97.625
08:00:14,912810UC0,TSRYS5860825,D,S,D,2024-10-21,1000000.00,4.393338,97.625
08:00:14,912810UC0,TSRYS5860825,D,S,D,2024-10-21,1000000.00,4.393338,97.625
08:00:14,912810UC0,TSRYS5860825,D,S,T,2024-10-21,1000000.00,4.390455,97.671875
08:00:14,912810UC0,TSRYS5860825,D,S,T,2024-10-21,1000000.00,4.391416,97.65625
08:00:14,912810UC0,TSRYS5860825,D,S,T,2024-10-21,1000000.00,4.391416,97.65625
08:00:14,912810UC0,TSRYS5860825,D,S,T,2024-10-21,1000000.00,4.390455,97.671875
08:00:14,912810UC0,TSRYS5860825,D,S,T,2024-10-21,1000000.00,4.390455,97.671875
08:00:14,912810UC0,TSRYS5860825,D,S,T,2024-10-21,1000000.00,4.391176,97.66015625
08:00:14,912810UC0,TSRYS5860825,D,S,T,2024-10-21,2000000.00,4.391176,97.66015625
08:00:14,912810UC0,TSRYS5860825,D,S,D,2024-10-21,30000000.00,4.420796,97.180147059
08:00:14,912810UC0,TSRYS5860825,D,S,C,2024-10-21,250000.00,4.423244,97.140625
08:00:14,912810UC0,TSRYS5860825,D,S,T,2024-10-21,1000000.00,4.390455,97.671875
08:00:14,912810UC0,TSRYS5860825,D,S,T,2024-10-21,1000000.00,4.390455,97.671875
08:00:14,912810UC0,TSRYS5860825,D,S,T,2024-10-21,1000000.00,4.391416,97.65625
08:00:14,912810UC0,TSRYS5860825,D,S,T,2024-10-21,1000000.00,4.391416,97.65625
08:00:14,912810UC0,TSRYS5860825,D,S,T,2024-10-21,1000000.00,4.391416,97.65625
08:00:14,912810UC0,TSRYS5860825,D,S,T,2024-10-21,1000000.00,4.391416,97.65625
08:00:14,912810UC0,TSRYS5860825,D,S,T,2024-10-21,1000000.00,4.389495,97.6875
08:00:14,912810UC0,TSRYS5860825,D,S,T,2024-10-21,1000000.00,4.388534,97.703125
08:00:14,912810UC0,TSRYS5860825,D,B,A,2024-10-21,10000000.00,4.387094,97.7265625
08:00:14,912810UC0,TSRYS5860825,D,S,T,2024-10-21,1000000.00,4.385655,97.75
08:00:14,912810UC0,TSRYS5860825,D,S,T,2024-10-21,1000000.00,4.385655,97.75
08:00:14,912810UC0,TSRYS5860825,D,S,T,2024-10-21,1000000.00,4.384695,97.765625
08:00:14,912810UC0,TSRYS5860825,D,S,T,2024-10-21,1000000.00,4.384695,97.765625
08:00:14,912810UC0,TSRYS5860825,D,S,T,2024-10-21,1000000.00,4.384695,97.765625
08:00:14,912810UC0,TSRYS5860825,D,S,T,2024-10-21,1000000.00,4.389495,97.6875
08:00:14,912810UC0,TSRYS5860825,D,S,T,2024-10-21,1000000.00,4.389495,97.6875
08:00:14,912810UC0,TSRYS5860825,D,S,T,2024-10-21,1000000.00,4.389495,97.6875
08:00:14,912810UC0,TSRYS5860825,D,S,T,2024-10-21,1000000.00,4.389495,97.6875
08:00:14,912810UC0,TSRYS5860825,D,S,T,2024-10-21,1000000.00,4.389495,97.6875
08:00:14,912810UC0,TSRYS5860825,D,S,D,2024-10-21,12000000.00,4.426997,97.080078125
08:00:14,912810UC0,TSRYS5860825,D,S,D,2024-10-21,30000000.00,4.430996,97.015625
08:00:14,912810UC0,TSRYS5860825,D,B,A,2024-10-21,3000000.00,4.395982,97.58203125
08:00:14,912810UC0,TSRYS5860825,D,S,T,2024-10-21,1000000.00,4.397546,97.556640625
08:00:14,912810UC0,TSRYS5860825,D,S,T,2024-10-21,1000000.00,4.397065,97.564453125
08:00:14,912810UC0,TSRYS5860825,D,S,A,2024-10-21,5000000.00,4.397426,97.55859375
08:00:14,912810UC0,TSRYS5860825,D,S,A,2024-10-21,5000000.00,4.397426,97.55859375
08:00:14,912810UC0,TSRYS5860825,D,S,A,2024-10-21,1000000.00,4.398869,97.53515625
08:00:14,912810UC0,TSRYS5860825,D,S,D,2024-10-21,1000000.00,4.397666,97.5546875
08:00:14,912810UC0,TSRYS5860825,D,S,D,2024-10-21,1000000.00,4.397666,97.5546875
08:00:14,912810UC0,TSRYS5860825,D,S,A,2024-10-21,1500000.00,4.399832,97.51953125
08:00:14,912810UC0,TSRYS5860825,D,S,A,2024-10-21,8150000.00,4.409229,97.3671875
08:00:14,912810UC0,TSRYS5860825,D,S,D,2024-10-21,3108000.00,4.438301,96.8980375
08:00:14,912810UC0,TSRYS5860825,D,B,C,2024-10-21,3108000.00,4.438301,96.8980375
08:00:14,912810UC0,TSRYS5860825,D,S,T,2024-10-21,1000000.00,4.410677,97.34375
08:00:14,912810UC0,TSRYS5860825,D,S,T,2024-10-21,1000000.00,4.42034,97.1875
08:00:14,912810UC0,TSRYS5860825,D,S,T,2024-10-21,1000000.00,4.42034,97.1875
08:00:14,912810UC0,TSRYS5860825,D,S,D,2024-10-21,2000000.00,4.422276,97.15625
08:00:14,912810UC0,TSRYS5860825,D,S,T,2024-10-21,1000000.00,4.42034,97.1875
08:00:14,912810UC0,TSRYS5860825,D,S,A,2024-10-21,1820000.00,4.418889,97.2109375
08:00:14,912810UC0,TSRYS5860825,D,S,D,2024-10-21,1000000.00,4.412849,97.30859375
08:00:14,912810UC0,TSRYS5860825,D,S,D,2024-10-21,3000000.00,4.412849,97.30859375
08:00:14,912810UC0,TSRYS5860825,D,S,D,2024-10-21,1000000.00,4.4414,96.848214286
08:00:14,912810UC0,TSRYS5860825,D,S,D,2024-10-21,5000000.00,4.44265,96.828125
08:00:14,912810UC0,TSRYS5860825,D,B,C,2024-10-21,5000000.00,4.44265,96.828125
08:00:14,912810UC0,TSRYS5860825,D,S,D,2024-10-21,1000000.00,4.421308,97.171875
08:00:14,912810UC0,TSRYS5860825,D,S,T,2024-10-21,1000000.00,4.421187,97.173828125
08:00:14,912810UC0,TSRYS5860825,D,S,D,2024-10-21,1000000.00,4.42155,97.16796875
08:00:14,912810UC0,TSRYS5860825,D,S,D,2024-10-21,1000000.00,4.42155,97.16796875
08:00:14,912810UC0,TSRYS5860825,D,S,T,2024-10-21,1000000.00,4.421308,97.171875
08:00:14,912810UC0,TSRYS5860825,D,S,T,2024-10-21,2000000.00,4.42034,97.1875
08:00:14,912810UC0,TSRYS5860825,D,S,D,2024-10-21,4000000.00,4.42034,97.1875
08:00:14,912810UC0,TSRYS5860825,D,S,D,2024-10-21,4000000.00,4.42034,97.1875
08:00:14,912810UC0,TSRYS5860825,D,S,D,2024-10-21,1000000.00,4.42034,97.1875
08:00:14,912810UC0,TSRYS5860825,D,S,D,2024-10-21,2000000.00,4.420098,97.19140625
08:00:14,912810UC0,TSRYS5860825,D,S,T,2024-10-21,1000000.00,4.42034,97.1875
08:00:14,912810UC0,TSRYS5860825,D,S,T,2024-10-21,2000000.00,4.421308,97.171875
08:00:14,912810UC0,TSRYS5860825,D,S,T,2024-10-21,1000000.00,4.42034,97.1875
08:00:14,912810UC0,TSRYS5860825,D,S,T,2024-10-21,1000000.00,4.421308,97.171875
08:00:14,912810UC0,TSRYS5860825,D,S,T,2024-10-21,1000000.00,4.423244,97.140625
08:00:14,912810UC0,TSRYS5860825,D,S,T,2024-10-21,1000000.00,4.423244,97.140625
08:00:14,912810UC0,TSRYS5860825,D,S,T,2024-10-21,1000000.00,4.423244,97.140625
08:00:14,912810UC0,TSRYS5860825,D,S,D,2024-10-21,250000.00,4.423244,97.140625
08:00:14,912810UC0,TSRYS5860825,D,S,T,2024-10-21,1000000.00,4.423244,97.140625
08:00:14,912810UC0,TSRYS5860825,D,S,T,2024-10-21,1000000.00,4.424212,97.125
08:00:14,912810UC0,TSRYS5860825,D,S,T,2024-10-21,1000000.00,4.426149,97.09375
08:00:14,912810UC0,TSRYS5860825,D,S,T,2024-10-21,1000000.00,4.427118,97.078125
08:00:14,912810UC0,TSRYS5860825,D,S,T,2024-10-21,1000000.00,4.426149,97.09375
08:00:14,912810UC0,TSRYS5860825,D,S,T,2024-10-21,1000000.00,4.427118,97.078125
08:00:14,912810UC0,TSRYS5860825,D,S,T,2024-10-21,1000000.00,4.427118,97.078125
08:00:14,912810UC0,TSRYS5860825,D,S,T,2024-10-21,1000000.00,4.427118,97.078125
08:00:14,912810UC0,TSRYS5860825,D,S,T,2024-10-21,1000000.00,4.428087,97.0625
08:00:14,912810UC0,TSRYS5860825,D,S,D,2024-10-21,6000000.00,4.429783,97.03515625
08:00:14,912810UC0,TSRYS5860825,D,S,D,2024-10-21,1000000.00,4.430996,97.015625
08:00:14,912810UC0,TSRYS5860825,D,S,T,2024-10-21,1000000.00,4.431238,97.01171875
08:00:14,912810UC0,TSRYS5860825,D,S,T,2024-10-21,1000000.00,4.433906,96.96875
08:00:14,912810UC0,TSRYS5860825,D,S,C,2024-10-21,10000000.00,4.40613,97.41739
08:00:14,912810UC0,TSRYS5860825,D,S,D,2024-10-21,2000000.00,4.431966,97.0
08:00:14,912810UC0,TSRYS5860825,D,S,D,2024-10-21,1280000.00,4.430996,97.015625
08:00:14,912810UC0,TSRYS5860825,D,S,D,2024-10-21,20000000.00,4.432208,96.99609375
08:00:14,912810UC0,TSRYS5860825,D,S,D,2024-10-21,1000000.00,4.431966,97.0
08:00:14,912810UC0,TSRYS5860825,D,S,D,2024-10-21,1000000.00,4.432208,96.99609375
08:00:14,912810UC0,TSRYS5860825,D,S,D,2024-10-21,455000.00,4.431844,97.001953125
08:00:14,912810UC0,TSRYS5860825,D,S,D,2024-10-21,749000.00,4.432426,96.9925875
08:00:14,912810UC0,TSRYS5860825,D,S,D,2024-10-21,12000000.00,4.433219,96.979817708
08:00:14,912810UC0,TSRYS5860825,D,S,D,2024-10-21,1000000.00,4.433421,96.9765625
08:00:14,912810UC0,TSRYS5860825,D,S,D,2024-10-21,1000000.00,4.433421,96.9765625
08:00:14,912810UC0,TSRYS5860825,D,S,A,2024-10-21,1615600.00,4.433906,96.96875
08:00:14,912810UC0,TSRYS5860825,D,S,D,2024-10-21,5000000.00,4.43512,96.94921875
08:00:14,912810UC0,TSRYS5860825,D,S,T,2024-10-21,1000000.00,4.438397,96.896484375
08:00:14,912810UC0,TSRYS5860825,D,S,D,2024-10-21,5000.00,4.438251,96.8988375
08:00:14,912810UC0,TSRYS5860825,D,S,D,2024-10-21,2000000.00,4.44022,96.8671875
08:00:14,912810UC0,TSRYS5860825,D,S,T,2024-10-21,1000000.00,4.438762,96.890625
08:00:14,912810UC0,TSRYS5860825,D,S,D,2024-10-21,1000000.00,4.442164,96.8359375
08:00:14,912810UC0,TSRYS5860825,D,S,D,2024-10-21,1000000.00,4.441921,96.83984375
08:00:14,912810UC0,TSRYS5860825,D,S,D,2024-10-21,1000000.00,4.441678,96.84375
08:00:14,912810UC0,TSRYS5860825,D,S,D,2024-10-21,1000000.00,4.441678,96.84375
08:00:14,912810UC0,TSRYS5860825,D,S,D,2024-10-21,1000000.00,4.441678,96.84375
08:00:14,912810UC0,TSRYS5860825,D,S,D,2024-10-21,1000000.00,4.441921,96.83984375
08:00:14,912810UC0,TSRYS5860825,D,S,T,2024-10-21,1000000.00,4.441678,96.84375
08:00:14,912810UC0,TSRYS5860825,D,S,T,2024-10-21,1000000.00,4.441921,96.83984375
08:00:14,912810UC0,TSRYS5860825,D,S,T,2024-10-21,1000000.00,4.441921,96.83984375
08:00:14,912810UC0,TSRYS5860825,D,S,D,2024-10-21,1000000.00,4.442164,96.8359375
08:00:14,912810UC0,TSRYS5860825,D,S,D,2024-10-21,1000000.00,4.443137,96.8203125
08:00:14,912810UC0,TSRYS5860825,D,S,D,2024-10-21,1000000.00,4.443137,96.8203125
08:00:14,912810UC0,TSRYS5860825,D,S,D,2024-10-21,22000000.00,4.441799,96.841796875
08:00:14,912810UC0,TSRYS5860825,D,S,D,2024-10-21,25000.00,4.440195,96.8675875
08:00:14,912810UC0,TSRYS5860825,D,S,T,2024-10-21,1000000.00,4.441678,96.84375
08:00:14,912810UC0,TSRYS5860825,D,S,D,2024-10-21,16000000.00,4.442286,96.833984375
08:00:14,912810UC0,TSRYS5860825,D,S,D,2024-10-21,991000.00,4.439491,96.87890625
08:00:15,912810UC0,TSRYS5860825,D,S,A,2024-10-21,1000000.00,4.391896,97.6484375
08:00:15,912810UC0,TSRYS5860825,D,S,D,2024-10-21,200000.00,,97.65274375
08:00:16,912810UC0,TSRYS5860825,D,S,A,2024-10-21,250000.00,4.397185,97.5625
08:00:16,912810UC0,TSRYS5860825,D,S,C,2024-10-21,740000.00,4.398628,97.5390625
08:00:16,912810UC0,TSRYS5860825,D,S,D,2024-10-21,1000000.00,4.406818,97.40625
08:00:16,912810UC0,TSRYS5860825,D,S,D,2024-10-21,7000000.00,4.406577,97.41015625
08:00:16,912810UC0,TSRYS5860825,D,S,A,2024-10-21,4000.00,4.441653,96.96915
08:00:16,912810UC0,TSRYS5860825,D,S,A,2024-10-21,10000000.00,4.409229,97.3671875
08:00:16,912810UC0,TSRYS5860825,D,S,A,2024-10-21,1000000.00,4.409948,97.35546875
08:00:17,912810UC0,TSRYS5860825,D,S,A,2024-10-21,20000.00,4.441653,96.86915
08:00:19,912810UC0,TSRYS5860825,D,S,A,2024-10-21,5000.00,4.441653,96.94415
08:00:19,912810UC0,TSRYS5860825,D,S,D,2024-10-21,966000.00,4.441435,96.84765625
08:00:19,912810UC0,TSRYS5860825,D,S,D,2024-10-21,4000.00,4.441653,96.84415
08:00:20,912810UC0,TSRYS5860825,D,S,D,2024-10-21,1000000.00,4.386854,97.73046875
08:00:20,912810UC0,TSRYS5860825,D,S,A,2024-10-21,56000.00,4.44141,96.85698482143
08:00:20,912810UC0,TSRYS5860825,D,S,C,2024-10-21,6000.00,4.409205,97.3675875
08:00:21,912810UC0,TSRYS5860825,D,B,C,2024-10-21,3500000.00,4.424212,97.125
08:00:21,912810UC0,TSRYS5860825,D,S,C,2024-10-21,25000.00,4.420799,97.1800875
08:00:21,912810UC0,TSRYS5860825,D,S,C,2024-10-21,3000000.00,4.420098,97.19140625
08:00:22,912810UC0,TSRYS5860825,D,S,A,2024-10-21,50000.00,4.44141,96.85805625
08:00:22,912810UC0,TSRYS5860825,D,S,A,2024-10-21,2000.00,4.441653,97.09415
08:00:23,912810UC0,TSRYS5860825,D,S,A,2024-10-21,10000.00,4.441653,96.89415
08:00:23,912810UC0,TSRYS5860825,D,S,D,2024-10-21,1000000.00,4.397907,97.55078125
08:00:23,912810UC0,TSRYS5860825,D,S,D,2024-10-21,1000000.00,4.397666,97.5546875
08:00:24,912810UC0,TSRYS5860825,D,S,D,2024-10-21,897000.00,4.441435,96.84765625
08:00:24,912810UC0,TSRYS5860825,D,S,D,2024-10-21,56000.00,4.44141,96.84805625
08:00:24,912810UC0,TSRYS5860825,D,S,D,2024-10-21,50000.00,4.44141,96.84805625
08:00:24,912810UC0,TSRYS5860825,D,S,A,2024-10-21,44000000.00,4.402,97.484352
08:00:25,912810UC0,TSRYS5860825,D,S,D,2024-10-21,6000.00,,97.3675875
08:00:25,912810UC0,TSRYS5860825,D,S,D,2024-10-21,25000.00,,97.1800875
08:00:25,912810UC0,TSRYS5860825,D,S,A,2024-10-21,1000000.00,4.416714,97.24609375
08:00:26,912810UC0,TSRYS5860825,D,B,C,2024-10-21,25000.00,4.412874,97.30819375
08:00:26,912810UC0,TSRYS5860825,D,S,C,2024-10-21,5000000.00,4.412583,97.3129
08:00:26,912810UC0,TSRYS5860825,D,B,C,2024-10-21,5000000.00,4.412608,97.3125
08:00:26,912810UC0,TSRYS5860825,D,S,A,2024-10-21,1400000.00,4.423244,97.140625
08:00:26,912810UC0,TSRYS5860825,D,S,C,2024-10-21,200000.00,4.391632,97.65524375
08:00:28,912810UC0,TSRYS5860825,D,S,D,2024-10-21,1000000.00,4.398388,97.54296875
08:00:28,912810UC0,TSRYS5860825,D,S,D,2024-10-21,1000000.00,4.398388,97.54296875
08:00:29,912810UC0,TSRYS5860825,D,S,D,2024-10-21,1000000.00,4.399591,97.5234375
08:00:29,912810UC0,TSRYS5860825,D,S,D,2024-10-21,1000000.00,4.39911,97.53125
08:00:29,912810UC0,TSRYS5860825,D,S,D,2024-10-21,1000000.00,4.399591,97.5234375
08:00:29,912810UC0,TSRYS5860825,D,S,D,2024-10-21,1000000.00,4.401035,97.5
08:00:29,912810UC0,TSRYS5860825,D,S,D,2024-10-21,1000000.00,4.401035,97.5
08:00:29,912810UC0,TSRYS5860825,D,S,D,2024-10-21,1000000.00,4.401035,97.5
08:00:29,912810UC0,TSRYS5860825,D,S,D,2024-10-21,1000000.00,4.398147,97.546875
08:00:29,912810UC0,TSRYS5860825,D,S,D,2024-10-21,1000000.00,4.397666,97.5546875
08:00:29,912810UC0,TSRYS5860825,D,S,D,2024-10-21,1000000.00,4.398147,97.546875
08:00:29,912810UC0,TSRYS5860825,D,S,D,2024-10-21,1000000.00,4.39911,97.53125
08:00:29,912810UC0,TSRYS5860825,D,S,D,2024-10-21,1000000.00,4.39911,97.53125
08:00:30,912810UC0,TSRYS5860825,D,S,T,2024-10-21,1000000.00,4.404889,97.4375
08:00:30,912810UC0,TSRYS5860825,D,S,D,2024-10-21,1000000.00,4.40248,97.4765625
08:00:30,912810UC0,TSRYS5860825,D,S,D,2024-10-21,1000000.00,4.40248,97.4765625
08:00:30,912810UC0,TSRYS5860825,D,S,T,2024-10-21,1000000.00,4.401035,97.5
08:00:30,912810UC0,TSRYS5860825,D,S,T,2024-10-21,1000000.00,4.401397,97.494140625
08:00:30,912810UC0,TSRYS5860825,D,S,T,2024-10-21,1000000.00,4.396223,97.578125
08:00:30,912810UC0,TSRYS5860825,D,S,T,2024-10-21,1000000.00,4.393338,97.625
08:00:30,912810UC0,TSRYS5860825,D,S,T,2024-10-21,1000000.00,4.393338,97.625
08:00:30,912810UC0,TSRYS5860825,D,S,T,2024-10-21,1000000.00,4.394299,97.609375
08:00:30,912810UC0,TSRYS5860825,D,S,T,2024-10-21,1000000.00,4.390455,97.671875
08:00:30,912810UC0,TSRYS5860825,D,S,T,2024-10-21,1000000.00,4.390455,97.671875
08:00:30,912810UC0,TSRYS5860825,D,S,D,2024-10-21,1000000.00,4.392137,97.64453125
08:00:30,912810UC0,TSRYS5860825,D,S,T,2024-10-21,1000000.00,4.391416,97.65625
08:00:30,912810UC0,TSRYS5860825,D,S,T,2024-10-21,1000000.00,4.391416,97.65625
08:00:30,912810UC0,TSRYS5860825,D,S,T,2024-10-21,1000000.00,4.391416,97.65625
08:00:30,912810UC0,TSRYS5860825,D,S,T,2024-10-21,1000000.00,4.387574,97.71875
08:00:30,912810UC0,TSRYS5860825,D,S,T,2024-10-21,1000000.00,4.387574,97.71875
08:00:30,912810UC0,TSRYS5860825,D,S,T,2024-10-21,1000000.00,4.387574,97.71875
08:00:30,912810UC0,TSRYS5860825,D,S,T,2024-10-21,1000000.00,4.384695,97.765625
08:00:30,912810UC0,TSRYS5860825,D,S,D,2024-10-21,1000000.00,4.393338,97.625
08:00:30,912810UC0,TSRYS5860825,D,S,T,2024-10-21,1000000.00,4.396223,97.578125
08:00:30,912810UC0,TSRYS5860825,D,S,D,2024-10-21,1000000.00,4.397185,97.5625
08:00:30,912810UC0,TSRYS5860825,D,S,T,2024-10-21,1000000.00,4.397185,97.5625
08:00:30,912810UC0,TSRYS5860825,D,S,T,2024-10-21,1000000.00,4.398388,97.54296875
08:00:30,912810UC0,TSRYS5860825,D,S,T,2024-10-21,1000000.00,4.39923,97.529296875
08:00:30,912810UC0,TSRYS5860825,D,S,T,2024-10-21,1000000.00,4.401035,97.5
08:00:30,912810UC0,TSRYS5860825,D,S,T,2024-10-21,1000000.00,4.401035,97.5
08:00:30,912810UC0,TSRYS5860825,D,S,T,2024-10-21,1000000.00,4.401035,97.5
08:00:30,912810UC0,TSRYS5860825,D,S,T,2024-10-21,1000000.00,4.39911,97.53125
08:00:30,912810UC0,TSRYS5860825,D,S,T,2024-10-21,1000000.00,4.39911,97.53125
08:00:30,912810UC0,TSRYS5860825,D,S,T,2024-10-21,1000000.00,4.39911,97.53125
08:00:30,912810UC0,TSRYS5860825,D,S,T,2024-10-21,1000000.00,4.39911,97.53125
08:00:30,912810UC0,TSRYS5860825,D,S,T,2024-10-21,2000000.00,4.39911,97.53125
08:00:30,912810UC0,TSRYS5860825,D,S,T,2024-10-21,1000000.00,4.398268,97.544921875
08:00:30,912810UC0,TSRYS5860825,D,S,T,2024-10-21,1000000.00,4.400072,97.515625
08:00:30,912810UC0,TSRYS5860825,D,S,T,2024-10-21,1000000.00,4.400072,97.515625
08:00:30,912810UC0,TSRYS5860825,D,S,T,2024-10-21,1000000.00,4.398147,97.546875
08:00:30,912810UC0,TSRYS5860825,D,S,T,2024-10-21,1000000.00,4.39911,97.53125
08:00:30,912810UC0,TSRYS5860825,D,S,T,2024-10-21,1000000.00,4.39911,97.53125
08:00:30,912810UC0,TSRYS5860825,D,S,T,2024-10-21,1000000.00,4.39911,97.53125
08:00:30,912810UC0,TSRYS5860825,D,S,T,2024-10-21,1000000.00,4.406818,97.40625
08:00:30,912810UC0,TSRYS5860825,D,S,D,2024-10-21,1000000.00,4.408747,97.375
08:00:30,912810UC0,TSRYS5860825,D,S,T,2024-10-21,1000000.00,4.409712,97.359375
08:00:30,912810UC0,TSRYS5860825,D,S,T,2024-10-21,1000000.00,4.409712,97.359375
08:00:30,912810UC0,TSRYS5860825,D,S,T,2024-10-21,1000000.00,4.41128,97.333984375
08:00:30,912810UC0,TSRYS5860825,D,S,T,2024-10-21,1000000.00,4.415023,97.2734375
08:00:30,912810UC0,TSRYS5860825,D,S,T,2024-10-21,1000000.00,4.41454,97.28125
08:00:30,912810UC0,TSRYS5860825,D,S,T,2024-10-21,1000000.00,4.413574,97.296875
08:00:30,912810UC0,TSRYS5860825,D,S,T,2024-10-21,1000000.00,4.413574,97.296875
08:00:30,912810UC0,TSRYS5860825,D,S,T,2024-10-21,1000000.00,4.413574,97.296875
08:00:30,912810UC0,TSRYS5860825,D,S,T,2024-10-21,1000000.00,4.413574,97.296875
08:00:30,912810UC0,TSRYS5860825,D,S,T,2024-10-21,2000000.00,4.415506,97.265625
08:00:30,912810UC0,TSRYS5860825,D,S,T,2024-10-21,2000000.00,4.415506,97.265625
08:00:30,912810UC0,TSRYS5860825,D,S,T,2024-10-21,1000000.00,4.415506,97.265625
08:00:30,912810UC0,TSRYS5860825,D,S,T,2024-10-21,1000000.00,4.415506,97.265625
08:00:30,912810UC0,TSRYS5860825,D,S,T,2024-10-21,1000000.00,4.415506,97.265625
08:00:30,912810UC0,TSRYS5860825,D,S,T,2024-10-21,1000000.00,4.415506,97.265625
08:00:30,912810UC0,TSRYS5860825,D,S,T,2024-10-21,1000000.00,4.418406,97.21875
08:00:30,912810UC0,TSRYS5860825,D,S,T,2024-10-21,1000000.00,4.418406,97.21875
08:00:30,912810UC0,TSRYS5860825,D,S,T,2024-10-21,1000000.00,4.417922,97.2265625
08:00:30,912810UC0,TSRYS5860825,D,S,T,2024-10-21,1000000.00,4.423244,97.140625
08:00:30,912810UC0,TSRYS5860825,D,S,T,2024-10-21,1000000.00,4.421308,97.171875
08:00:30,912810UC0,TSRYS5860825,D,S,T,2024-10-21,2000000.00,4.421308,97.171875
08:00:30,912810UC0,TSRYS5860825,D,S,T,2024-10-21,2000000.00,4.421308,97.171875
08:00:30,912810UC0,TSRYS5860825,D,S,T,2024-10-21,1000000.00,4.421066,97.17578125
08:00:30,912810UC0,TSRYS5860825,D,S,T,2024-10-21,1000000.00,4.422276,97.15625
08:00:30,912810UC0,TSRYS5860825,D,S,T,2024-10-21,1000000.00,4.42034,97.1875
08:00:30,912810UC0,TSRYS5860825,D,S,T,2024-10-21,1000000.00,4.42034,97.1875
08:00:30,912810UC0,TSRYS5860825,D,S,T,2024-10-21,1000000.00,4.42034,97.1875
08:00:30,912810UC0,TSRYS5860825,D,S,T,2024-10-21,1000000.00,4.42034,97.1875
08:00:30,912810UC0,TSRYS5860825,D,S,T,2024-10-21,1000000.00,4.42034,97.1875
08:00:30,912810UC0,TSRYS5860825,D,S,T,2024-10-21,1000000.00,4.42034,97.1875
08:00:30,912810UC0,TSRYS5860825,D,S,T,2024-10-21,1000000.00,4.42034,97.1875
08:00:30,912810UC0,TSRYS5860825,D,S,T,2024-10-21,1000000.00,4.42034,97.1875
08:00:30,912810UC0,TSRYS5860825,D,S,T,2024-10-21,1000000.00,4.42034,97.1875
08:00:30,912810UC0,TSRYS5860825,D,S,T,2024-10-21,1000000.00,4.42034,97.1875
08:00:30,912810UC0,TSRYS5860825,D,S,T,2024-10-21,1000000.00,4.42034,97.1875
08:00:30,912810UC0,TSRYS5860825,D,S,T,2024-10-21,1000000.00,4.42034,97.1875
08:00:30,912810UC0,TSRYS5860825,D,S,T,2024-10-21,1000000.00,4.42034,97.1875
08:00:30,912810UC0,TSRYS5860825,D,S,T,2024-10-21,1000000.00,4.42034,97.1875
08:00:30,912810UC0,TSRYS5860825,D,S,T,2024-10-21,1000000.00,4.42034,97.1875
08:00:30,912810UC0,TSRYS5860825,D,S,T,2024-10-21,1000000.00,4.42034,97.1875
08:00:30,912810UC0,TSRYS5860825,D,S,T,2024-10-21,1000000.00,4.42034,97.1875
08:00:30,912810UC0,TSRYS5860825,D,S,T,2024-10-21,1000000.00,4.419373,97.203125
08:00:30,912810UC0,TSRYS5860825,D,S,T,2024-10-21,1000000.00,4.419373,97.203125
08:00:30,912810UC0,TSRYS5860825,D,S,T,2024-10-21,1000000.00,4.419373,97.203125
08:00:30,912810UC0,TSRYS5860825,D,S,T,2024-10-21,1000000.00,4.419373,97.203125
08:00:30,912810UC0,TSRYS5860825,D,S,T,2024-10-21,1000000.00,4.417439,97.234375
08:00:30,912810UC0,TSRYS5860825,D,S,T,2024-10-21,1000000.00,4.418043,97.224609375
08:00:30,912810UC0,TSRYS5860825,D,S,T,2024-10-21,1000000.00,4.416472,97.25
08:00:30,912810UC0,TSRYS5860825,D,S,T,2024-10-21,1000000.00,4.417439,97.234375
08:00:30,912810UC0,TSRYS5860825,D,S,T,2024-10-21,1000000.00,4.414781,97.27734375
08:00:30,912810UC0,TSRYS5860825,D,S,T,2024-10-21,1000000.00,4.41466,97.279296875
08:00:30,912810UC0,TSRYS5860825,D,S,T,2024-10-21,1000000.00,4.41454,97.28125
08:00:30,912810UC0,TSRYS5860825,D,S,T,2024-10-21,1000000.00,4.41454,97.28125
08:00:30,912810UC0,TSRYS5860825,D,S,T,2024-10-21,1000000.00,4.41454,97.28125
08:00:30,912810UC0,TSRYS5860825,D,S,T,2024-10-21,1000000.00,4.41454,97.28125
08:00:30,912810UC0,TSRYS5860825,D,S,T,2024-10-21,1000000.00,4.41454,97.28125
08:00:30,912810UC0,TSRYS5860825,D,S,T,2024-10-21,1000000.00,4.412608,97.3125
08:00:30,912810UC0,TSRYS5860825,D,S,T,2024-10-21,1000000.00,4.412608,97.3125
08:00:30,912810UC0,TSRYS5860825,D,S,T,2024-10-21,1000000.00,4.412608,97.3125
08:00:30,912810UC0,TSRYS5860825,D,S,T,2024-10-21,1000000.00,4.412608,97.3125
08:00:30,912810UC0,TSRYS5860825,D,S,T,2024-10-21,1000000.00,4.413574,97.296875
08:00:30,912810UC0,TSRYS5860825,D,S,T,2024-10-21,1000000.00,4.413574,97.296875
08:00:30,912810UC0,TSRYS5860825,D,S,T,2024-10-21,1000000.00,4.41454,97.28125
08:00:30,912810UC0,TSRYS5860825,D,S,T,2024-10-21,1000000.00,4.41454,97.28125
08:00:30,912810UC0,TSRYS5860825,D,S,T,2024-10-21,1000000.00,4.41454,97.28125
08:00:30,912810UC0,TSRYS5860825,D,S,T,2024-10-21,1000000.00,4.41454,97.28125
08:00:30,912810UC0,TSRYS5860825,D,S,T,2024-10-21,1000000.00,4.41454,97.28125
08:00:30,912810UC0,TSRYS5860825,D,S,T,2024-10-21,1000000.00,4.415506,97.265625
08:00:30,912810UC0,TSRYS5860825,D,S,T,2024-10-21,1000000.00,4.417439,97.234375
08:00:30,912810UC0,TSRYS5860825,D,S,T,2024-10-21,1000000.00,4.421308,97.171875
08:00:31,912810UC0,TSRYS5860825,D,S,T,2024-10-21,1000000.00,4.42034,97.1875
08:00:31,912810UC0,TSRYS5860825,D,S,T,2024-10-21,1000000.00,4.421429,97.169921875
08:00:31,912810UC0,TSRYS5860825,D,S,T,2024-10-21,1000000.00,4.421308,97.171875
08:00:31,912810UC0,TSRYS5860825,D,S,T,2024-10-21,1000000.00,4.421308,97.171875
08:00:31,912810UC0,TSRYS5860825,D,S,T,2024-10-21,1000000.00,4.421308,97.171875
08:00:31,912810UC0,TSRYS5860825,D,S,T,2024-10-21,2000000.00,4.422276,97.15625
08:00:31,912810UC0,TSRYS5860825,D,S,T,2024-10-21,1000000.00,4.422276,97.15625
08:00:31,912810UC0,TSRYS5860825,D,S,T,2024-10-21,1000000.00,4.427118,97.078125
08:00:31,912810UC0,TSRYS5860825,D,S,T,2024-10-21,1000000.00,4.427239,97.076171875
08:00:31,912810UC0,TSRYS5860825,D,S,T,2024-10-21,1000000.00,4.431966,97.0
08:00:31,912810UC0,TSRYS5860825,D,S,T,2024-10-21,1000000.00,4.430996,97.015625
08:00:31,912810UC0,TSRYS5860825,D,S,T,2024-10-21,1000000.00,4.430996,97.015625
08:00:31,912810UC0,TSRYS5860825,D,S,T,2024-10-21,1000000.00,4.430026,97.03125
08:00:31,912810UC0,TSRYS5860825,D,S,T,2024-10-21,1000000.00,4.430026,97.03125
08:00:31,912810UC0,TSRYS5860825,D,S,T,2024-10-21,1000000.00,4.430026,97.03125
08:00:31,912810UC0,TSRYS5860825,D,S,T,2024-10-21,1000000.00,4.429783,97.03515625
08:00:31,912810UC0,TSRYS5860825,D,S,T,2024-10-21,1000000.00,4.431966,97.0
08:00:31,912810UC0,TSRYS5860825,D,S,T,2024-10-21,1000000.00,4.431966,97.0
08:00:31,912810UC0,TSRYS5860825,D,S,T,2024-10-21,1000000.00,4.431966,97.0
08:00:31,912810UC0,TSRYS5860825,D,S,T,2024-10-21,2000000.00,4.432451,96.9921875
08:00:31,912810UC0,TSRYS5860825,D,S,T,2024-10-21,1000000.00,4.432936,96.984375
08:00:31,912810UC0,TSRYS5860825,D,S,T,2024-10-21,1000000.00,4.432936,96.984375
08:00:31,912810UC0,TSRYS5860825,D,S,T,2024-10-21,1000000.00,4.432936,96.984375
08:00:31,912810UC0,TSRYS5860825,D,S,T,2024-10-21,2000000.00,4.433421,96.9765625
08:00:31,912810UC0,TSRYS5860825,D,S,T,2024-10-21,2000000.00,4.433421,96.9765625
08:00:31,912810UC0,TSRYS5860825,D,S,T,2024-10-21,1000000.00,4.433421,96.9765625
08:00:31,912810UC0,TSRYS5860825,D,S,T,2024-10-21,1000000.00,4.431966,97.0
08:00:31,912810UC0,TSRYS5860825,D,S,D,2024-10-21,2000000.00,4.431966,97.0
08:00:31,912810UC0,TSRYS5860825,D,S,T,2024-10-21,1000000.00,4.432936,96.984375
08:00:31,912810UC0,TSRYS5860825,D,S,T,2024-10-21,1000000.00,4.433421,96.9765625
08:00:31,912810UC0,TSRYS5860825,D,S,T,2024-10-21,1000000.00,4.433664,96.97265625
08:00:31,912810UC0,TSRYS5860825,D,S,T,2024-10-21,1000000.00,4.430996,97.015625
08:00:31,912810UC0,TSRYS5860825,D,S,T,2024-10-21,1000000.00,4.430996,97.015625
08:00:31,912810UC0,TSRYS5860825,D,S,T,2024-10-21,1000000.00,4.431966,97.0
08:00:31,912810UC0,TSRYS5860825,D,S,T,2024-10-21,1000000.00,4.433421,96.9765625
08:00:31,912810UC0,TSRYS5860825,D,S,T,2024-10-21,1000000.00,4.435848,96.9375
08:00:31,912810UC0,TSRYS5860825,D,S,T,2024-10-21,1000000.00,4.436819,96.921875
08:00:31,912810UC0,TSRYS5860825,D,S,T,2024-10-21,2000000.00,4.436819,96.921875
08:00:31,912810UC0,TSRYS5860825,D,S,T,2024-10-21,1000000.00,4.438762,96.890625
08:00:31,912810UC0,TSRYS5860825,D,S,T,2024-10-21,1000000.00,4.438762,96.890625
08:00:31,912810UC0,TSRYS5860825,D,S,T,2024-10-21,1000000.00,4.439612,96.876953125
08:00:31,912810UC0,TSRYS5860825,D,S,T,2024-10-21,1000000.00,4.441678,96.84375
08:00:31,912810UC0,TSRYS5860825,D,S,T,2024-10-21,1000000.00,4.439734,96.875
08:00:31,912810UC0,TSRYS5860825,D,S,T,2024-10-21,1000000.00,4.439612,96.876953125
08:00:31,912810UC0,TSRYS5860825,D,S,T,2024-10-21,1000000.00,4.439734,96.875
08:00:31,912810UC0,TSRYS5860825,D,S,T,2024-10-21,1000000.00,4.439734,96.875
08:00:31,912810UC0,TSRYS5860825,D,S,T,2024-10-21,1000000.00,4.439734,96.875
08:00:31,912810UC0,TSRYS5860825,D,S,T,2024-10-21,1000000.00,4.439734,96.875
08:00:31,912810UC0,TSRYS5860825,D,S,T,2024-10-21,1000000.00,4.440463,96.86328125
08:00:31,912810UC0,TSRYS5860825,D,S,T,2024-10-21,1000000.00,4.440706,96.859375
08:00:31,912810UC0,TSRYS5860825,D,S,T,2024-10-21,1000000.00,4.441678,96.84375
08:00:31,912810UC0,TSRYS5860825,D,S,T,2024-10-21,1000000.00,4.441678,96.84375
08:00:31,912810UC0,TSRYS5860825,D,S,T,2024-10-21,1000000.00,4.441678,96.84375
08:00:31,912810UC0,TSRYS5860825,D,S,T,2024-10-21,1000000.00,4.441678,96.84375
08:00:31,912810UC0,TSRYS5860825,D,S,T,2024-10-21,1000000.00,4.441678,96.84375
08:00:31,912810UC0,TSRYS5860825,D,S,T,2024-10-21,1000000.00,4.442529,96.830078125
08:00:31,912810UC0,TSRYS5860825,D,S,T,2024-10-21,1000000.00,4.442164,96.8359375
08:00:31,912810UC0,TSRYS5860825,D,S,T,2024-10-21,1000000.00,4.441921,96.83984375
08:00:31,912810UC0,TSRYS5860825,D,S,T,2024-10-21,1000000.00,4.442042,96.837890625
08:00:31,912810UC0,TSRYS5860825,D,S,T,2024-10-21,1000000.00,4.441799,96.841796875
08:00:31,912810UC0,TSRYS5860825,D,S,T,2024-10-21,1000000.00,4.441678,96.84375
08:00:31,912810UC0,TSRYS5860825,D,S,T,2024-10-21,1000000.00,4.442164,96.8359375
08:00:31,912810UC0,TSRYS5860825,D,S,T,2024-10-21,1000000.00,4.442164,96.8359375
08:00:31,912810UC0,TSRYS5860825,D,S,T,2024-10-21,1000000.00,4.441921,96.83984375
08:00:31,912810UC0,TSRYS5860825,D,S,T,2024-10-21,1000000.00,4.441921,96.83984375
08:00:31,912810UC0,TSRYS5860825,D,S,T,2024-10-21,1000000.00,4.441921,96.83984375
08:00:31,912810UC0,TSRYS5860825,D,S,T,2024-10-21,1000000.00,4.441678,96.84375
08:00:31,912810UC0,TSRYS5860825,D,S,T,2024-10-21,1000000.00,4.44265,96.828125
08:00:31,912810UC0,TSRYS5860825,D,S,T,2024-10-21,1000000.00,4.44265,96.828125
08:00:31,912810UC0,TSRYS5860825,D,S,T,2024-10-21,1000000.00,4.442042,96.837890625
08:00:31,912810UC0,TSRYS5860825,D,S,T,2024-10-21,1000000.00,4.439734,96.875
08:00:31,912810UC0,TSRYS5860825,D,S,T,2024-10-21,1000000.00,4.439734,96.875
08:00:31,912810UC0,TSRYS5860825,D,S,T,2024-10-21,1000000.00,4.440706,96.859375
08:00:31,912810UC0,TSRYS5860825,D,S,T,2024-10-21,1000000.00,4.440706,96.859375
08:00:31,912810UC0,TSRYS5860825,D,S,T,2024-10-21,2000000.00,4.440706,96.859375
08:00:31,912810UC0,TSRYS5860825,D,S,T,2024-10-21,1000000.00,4.440706,96.859375
08:00:31,912810UC0,TSRYS5860825,D,S,T,2024-10-21,1000000.00,4.440706,96.859375
08:00:31,912810UC0,TSRYS5860825,D,S,D,2024-10-21,1000000.00,4.402962,97.46875
08:00:31,912810UC0,TSRYS5860825,D,S,D,2024-10-21,1000000.00,4.388294,97.70703125
08:00:31,912810UC0,TSRYS5860825,D,S,D,2024-10-21,1000000.00,4.388294,97.70703125
08:00:31,912810UC0,TSRYS5860825,D,S,D,2024-10-21,1000000.00,4.397907,97.55078125
08:00:31,912810UC0,TSRYS5860825,D,S,D,2024-10-21,1000000.00,4.398388,97.54296875
08:00:31,912810UC0,TSRYS5860825,D,S,D,2024-10-21,1000000.00,4.39911,97.53125
08:00:31,912810UC0,TSRYS5860825,D,S,D,2024-10-21,1000000.00,4.401999,97.484375
08:00:31,912810UC0,TSRYS5860825,D,S,D,2024-10-21,1000000.00,4.400554,97.5078125
08:00:31,912810UC0,TSRYS5860825,D,S,D,2024-10-21,1000000.00,4.400554,97.5078125
08:00:31,912810UC0,TSRYS5860825,D,S,D,2024-10-21,1000000.00,4.400554,97.5078125
08:00:31,912810UC0,TSRYS5860825,D,S,D,2024-10-21,1000000.00,4.401035,97.5
08:00:31,912810UC0,TSRYS5860825,D,S,D,2024-10-21,1000000.00,4.398147,97.546875
08:00:31,912810UC0,TSRYS5860825,D,S,D,2024-10-21,1000000.00,4.39911,97.53125
08:00:31,912810UC0,TSRYS5860825,D,S,D,2024-10-21,1000000.00,4.404407,97.4453125
08:00:31,912810UC0,TSRYS5860825,D,S,D,2024-10-21,1000000.00,4.406335,97.4140625
08:00:31,912810UC0,TSRYS5860825,D,S,D,2024-10-21,1000000.00,4.40947,97.36328125
08:00:31,912810UC0,TSRYS5860825,D,S,D,2024-10-21,1000000.00,4.409229,97.3671875
08:00:31,912810UC0,TSRYS5860825,D,S,D,2024-10-21,1000000.00,4.40947,97.36328125
08:00:31,912810UC0,TSRYS5860825,D,S,D,2024-10-21,1000000.00,4.40947,97.36328125
08:00:31,912810UC0,TSRYS5860825,D,S,D,2024-10-21,1000000.00,4.40947,97.36328125
08:00:31,912810UC0,TSRYS5860825,D,S,D,2024-10-21,1000000.00,4.40947,97.36328125
08:00:31,912810UC0,TSRYS5860825,D,S,D,2024-10-21,1000000.00,4.40947,97.36328125
08:00:31,912810UC0,TSRYS5860825,D,S,D,2024-10-21,1000000.00,4.413091,97.3046875
08:00:31,912810UC0,TSRYS5860825,D,S,D,2024-10-21,1000000.00,4.413332,97.30078125
08:00:31,912810UC0,TSRYS5860825,D,S,D,2024-10-21,1000000.00,4.420098,97.19140625
08:00:31,912810UC0,TSRYS5860825,D,S,D,2024-10-21,1000000.00,4.412608,97.3125
08:00:31,912810UC0,TSRYS5860825,D,S,D,2024-10-21,1000000.00,4.42034,97.1875
08:00:31,912810UC0,TSRYS5860825,D,S,D,2024-10-21,1000000.00,4.422276,97.15625
08:00:31,912810UC0,TSRYS5860825,D,S,D,2024-10-21,1000000.00,4.430996,97.015625
08:00:31,912810UC0,TSRYS5860825,D,S,D,2024-10-21,1000000.00,4.429783,97.03515625
08:00:31,912810UC0,TSRYS5860825,D,S,D,2024-10-21,1000000.00,4.430026,97.03125
08:00:31,912810UC0,TSRYS5860825,D,S,D,2024-10-21,1000000.00,4.432208,96.99609375
08:00:31,912810UC0,TSRYS5860825,D,S,D,2024-10-21,1000000.00,4.440706,96.859375
08:00:31,912810UC0,TSRYS5860825,D,S,D,2024-10-21,1000000.00,4.440706,96.859375
08:00:31,912810UC0,TSRYS5860825,D,S,D,2024-10-21,1000000.00,4.439491,96.87890625
08:00:31,912810UC0,TSRYS5860825,D,S,D,2024-10-21,1000000.00,4.44265,96.828125
08:00:31,912810UC0,TSRYS5860825,D,S,D,2024-10-21,1000000.00,4.439248,96.8828125
08:00:31,912810UC0,TSRYS5860825,D,S,D,2024-10-21,1000000.00,4.439248,96.8828125
08:00:31,912810UC0,TSRYS5860825,D,S,D,2024-10-21,1000000.00,4.439491,96.87890625
08:00:31,912810UC0,TSRYS5860825,D,S,D,2024-10-21,1000000.00,4.439491,96.87890625
08:00:31,912810UC0,TSRYS5860825,D,S,D,2024-10-21,1000000.00,4.439491,96.87890625
08:00:31,912810UC0,TSRYS5860825,D,S,D,2024-10-21,1000000.00,4.439491,96.87890625
08:00:31,912810UC0,TSRYS5860825,D,S,D,2024-10-21,1000000.00,4.401035,97.5
08:00:31,912810UC0,TSRYS5860825,D,S,D,2024-10-21,1000000.00,4.391416,97.65625
08:00:31,912810UC0,TSRYS5860825,D,S,D,2024-10-21,1000000.00,4.391416,97.65625
08:00:31,912810UC0,TSRYS5860825,D,S,D,2024-10-21,1000000.00,4.385655,97.75
08:00:31,912810UC0,TSRYS5860825,D,S,D,2024-10-21,1000000.00,4.384695,97.765625
08:00:31,912810UC0,TSRYS5860825,D,S,D,2024-10-21,1000000.00,4.384695,97.765625
08:00:31,912810UC0,TSRYS5860825,D,S,D,2024-10-21,1000000.00,4.385055,97.759765625
08:00:31,912810UC0,TSRYS5860825,D,S,D,2024-10-21,1000000.00,4.385535,97.751953125
08:00:31,912810UC0,TSRYS5860825,D,S,D,2024-10-21,1000000.00,4.385655,97.75
08:00:31,912810UC0,TSRYS5860825,D,S,D,2024-10-21,1000000.00,4.390215,97.67578125
08:00:31,912810UC0,TSRYS5860825,D,S,D,2024-10-21,1000000.00,4.391056,97.662109375
08:00:31,912810UC0,TSRYS5860825,D,S,D,2024-10-21,1000000.00,4.400915,97.501953125
08:00:31,912810UC0,TSRYS5860825,D,S,D,2024-10-21,1000000.00,4.401035,97.5
08:00:31,912810UC0,TSRYS5860825,D,S,D,2024-10-21,1000000.00,4.401035,97.5
08:00:31,912810UC0,TSRYS5860825,D,S,D,2024-10-21,1000000.00,4.401035,97.5
08:00:31,912810UC0,TSRYS5860825,D,S,D,2024-10-21,1000000.00,4.401035,97.5
08:00:31,912810UC0,TSRYS5860825,D,S,D,2024-10-21,1000000.00,4.401035,97.5
08:00:31,912810UC0,TSRYS5860825,D,S,D,2024-10-21,1000000.00,4.39911,97.53125
08:00:31,912810UC0,TSRYS5860825,D,S,D,2024-10-21,1000000.00,4.39911,97.53125
08:00:31,912810UC0,TSRYS5860825,D,S,D,2024-10-21,1000000.00,4.397185,97.5625
08:00:31,912810UC0,TSRYS5860825,D,S,D,2024-10-21,1000000.00,4.397185,97.5625
08:00:31,912810UC0,TSRYS5860825,D,S,D,2024-10-21,1000000.00,4.398869,97.53515625
08:00:31,912810UC0,TSRYS5860825,D,S,D,2024-10-21,1000000.00,4.39923,97.529296875
08:00:31,912810UC0,TSRYS5860825,D,S,D,2024-10-21,1000000.00,4.39923,97.529296875
08:00:31,912810UC0,TSRYS5860825,D,S,D,2024-10-21,1000000.00,4.399832,97.51953125
08:00:31,912810UC0,TSRYS5860825,D,S,D,2024-10-21,1000000.00,4.407903,97.388671875
08:00:31,912810UC0,TSRYS5860825,D,S,D,2024-10-21,1000000.00,4.410315,97.349609375
08:00:31,912810UC0,TSRYS5860825,D,S,D,2024-10-21,1000000.00,4.411884,97.32421875
08:00:31,912810UC0,TSRYS5860825,D,S,D,2024-10-21,1000000.00,4.412125,97.3203125
08:00:31,912810UC0,TSRYS5860825,D,S,D,2024-10-21,1000000.00,4.413815,97.29296875
08:00:31,912810UC0,TSRYS5860825,D,S,D,2024-10-21,1000000.00,4.415868,97.259765625
08:00:31,912810UC0,TSRYS5860825,D,S,D,2024-10-21,1000000.00,4.417197,97.23828125
08:00:31,912810UC0,TSRYS5860825,D,S,D,2024-10-21,1000000.00,4.417076,97.240234375
08:00:31,912810UC0,TSRYS5860825,D,S,D,2024-10-21,1000000.00,4.417318,97.236328125
08:00:31,912810UC0,TSRYS5860825,D,S,D,2024-10-21,1000000.00,4.417318,97.236328125
08:00:31,912810UC0,TSRYS5860825,D,S,D,2024-10-21,1000000.00,4.421066,97.17578125
08:00:31,912810UC0,TSRYS5860825,D,S,D,2024-10-21,1000000.00,4.421066,97.17578125
08:00:31,912810UC0,TSRYS5860825,D,S,D,2024-10-21,1000000.00,4.421066,97.17578125
08:00:31,912810UC0,TSRYS5860825,D,S,D,2024-10-21,1000000.00,4.421308,97.171875
08:00:31,912810UC0,TSRYS5860825,D,S,D,2024-10-21,1000000.00,4.421308,97.171875
08:00:31,912810UC0,TSRYS5860825,D,S,D,2024-10-21,1000000.00,4.424454,97.12109375
08:00:31,912810UC0,TSRYS5860825,D,S,D,2024-10-21,1000000.00,4.431966,97.0
08:00:31,912810UC0,TSRYS5860825,D,S,D,2024-10-21,1000000.00,4.432087,96.998046875
08:00:31,912810UC0,TSRYS5860825,D,S,D,2024-10-21,1000000.00,4.434149,96.96484375
08:00:31,912810UC0,TSRYS5860825,D,S,D,2024-10-21,1000000.00,4.434028,96.966796875
08:00:31,912810UC0,TSRYS5860825,D,S,D,2024-10-21,1000000.00,4.432572,96.990234375
08:00:31,912810UC0,TSRYS5860825,D,S,D,2024-10-21,1000000.00,4.434028,96.966796875
08:00:31,912810UC0,TSRYS5860825,D,S,D,2024-10-21,1000000.00,4.434028,96.966796875
08:00:31,912810UC0,TSRYS5860825,D,S,D,2024-10-21,1000000.00,4.433421,96.9765625
08:00:31,912810UC0,TSRYS5860825,D,S,D,2024-10-21,1000000.00,4.431844,97.001953125
08:00:31,912810UC0,TSRYS5860825,D,S,D,2024-10-21,1000000.00,4.431966,97.0
08:00:31,912810UC0,TSRYS5860825,D,S,D,2024-10-21,1000000.00,4.431844,97.001953125
08:00:31,912810UC0,TSRYS5860825,D,S,D,2024-10-21,1000000.00,4.431723,97.00390625
08:00:31,912810UC0,TSRYS5860825,D,S,D,2024-10-21,1000000.00,4.431844,97.001953125
08:00:31,912810UC0,TSRYS5860825,D,S,D,2024-10-21,1000000.00,4.431844,97.001953125
08:00:31,912810UC0,TSRYS5860825,D,S,D,2024-10-21,1000000.00,4.44265,96.828125
08:00:31,912810UC0,TSRYS5860825,D,S,D,2024-10-21,1000000.00,4.44265,96.828125
08:00:31,912810UC0,TSRYS5860825,D,S,D,2024-10-21,1000000.00,4.44022,96.8671875
08:00:31,912810UC0,TSRYS5860825,D,S,D,2024-10-21,1000000.00,4.441678,96.84375
08:00:31,912810UC0,TSRYS5860825,D,S,T,2024-10-21,1000000.00,4.391056,97.662109375
08:00:31,912810UC0,TSRYS5860825,D,S,T,2024-10-21,1000000.00,4.391296,97.658203125
08:00:31,912810UC0,TSRYS5860825,D,S,T,2024-10-21,1000000.00,4.391056,97.662109375
08:00:31,912810UC0,TSRYS5860825,D,S,T,2024-10-21,1000000.00,4.389495,97.6875
08:00:31,912810UC0,TSRYS5860825,D,S,T,2024-10-21,1000000.00,4.385655,97.75
08:00:31,912810UC0,TSRYS5860825,D,S,T,2024-10-21,1000000.00,4.385655,97.75
08:00:31,912810UC0,TSRYS5860825,D,S,T,2024-10-21,1000000.00,4.386614,97.734375
08:00:31,912810UC0,TSRYS5860825,D,S,T,2024-10-21,1000000.00,4.387454,97.720703125
08:00:31,912810UC0,TSRYS5860825,D,S,T,2024-10-21,1000000.00,4.386494,97.736328125
08:00:31,912810UC0,TSRYS5860825,D,S,T,2024-10-21,1000000.00,4.384935,97.76171875
08:00:31,912810UC0,TSRYS5860825,D,S,T,2024-10-21,1000000.00,4.386614,97.734375
08:00:31,912810UC0,TSRYS5860825,D,S,T,2024-10-21,1000000.00,4.386854,97.73046875
08:00:32,912810UC0,TSRYS5860825,D,S,T,2024-10-21,1000000.00,4.390215,97.67578125
08:00:32,912810UC0,TSRYS5860825,D,S,T,2024-10-21,1000000.00,4.391296,97.658203125
08:00:32,912810UC0,TSRYS5860825,D,S,T,2024-10-21,1000000.00,4.397065,97.564453125
08:00:32,912810UC0,TSRYS5860825,D,S,T,2024-10-21,1000000.00,4.397065,97.564453125
08:00:32,912810UC0,TSRYS5860825,D,S,T,2024-10-21,1000000.00,4.398388,97.54296875
08:00:32,912810UC0,TSRYS5860825,D,S,T,2024-10-21,1000000.00,4.39923,97.529296875
08:00:32,912810UC0,TSRYS5860825,D,S,T,2024-10-21,1000000.00,4.401035,97.5
08:00:32,912810UC0,TSRYS5860825,D,S,T,2024-10-21,1000000.00,4.401035,97.5
08:00:32,912810UC0,TSRYS5860825,D,S,T,2024-10-21,1000000.00,4.401035,97.5
08:00:32,912810UC0,TSRYS5860825,D,S,T,2024-10-21,1000000.00,4.39911,97.53125
08:00:32,912810UC0,TSRYS5860825,D,S,T,2024-10-21,1000000.00,4.398989,97.533203125
08:00:32,912810UC0,TSRYS5860825,D,S,T,2024-10-21,1000000.00,4.39911,97.53125
08:00:32,912810UC0,TSRYS5860825,D,S,T,2024-10-21,1000000.00,4.398147,97.546875
08:00:32,912810UC0,TSRYS5860825,D,S,T,2024-10-21,1000000.00,4.398268,97.544921875
08:00:32,912810UC0,TSRYS5860825,D,S,T,2024-10-21,1000000.00,4.398388,97.54296875
08:00:32,912810UC0,TSRYS5860825,D,S,T,2024-10-21,1000000.00,4.398869,97.53515625
08:00:32,912810UC0,TSRYS5860825,D,S,T,2024-10-21,1000000.00,4.398989,97.533203125
08:00:32,912810UC0,TSRYS5860825,D,S,D,2024-10-21,1000000.00,4.404407,97.4453125
08:00:32,912810UC0,TSRYS5860825,D,S,D,2024-10-21,1000000.00,4.404407,97.4453125
08:00:32,912810UC0,TSRYS5860825,D,S,D,2024-10-21,1000000.00,4.406335,97.4140625
08:00:32,912810UC0,TSRYS5860825,D,S,T,2024-10-21,1000000.00,4.399711,97.521484375
08:00:32,912810UC0,TSRYS5860825,D,S,T,2024-10-21,1000000.00,4.404528,97.443359375
08:00:32,912810UC0,TSRYS5860825,D,S,T,2024-10-21,1000000.00,4.404648,97.44140625
08:00:32,912810UC0,TSRYS5860825,D,S,T,2024-10-21,1000000.00,4.406335,97.4140625
08:00:32,912810UC0,TSRYS5860825,D,S,T,2024-10-21,1000000.00,4.411884,97.32421875
08:00:32,912810UC0,TSRYS5860825,D,S,T,2024-10-21,1000000.00,4.415143,97.271484375
08:00:32,912810UC0,TSRYS5860825,D,S,T,2024-10-21,1000000.00,4.415023,97.2734375
08:00:32,912810UC0,TSRYS5860825,D,S,T,2024-10-21,1000000.00,4.415023,97.2734375
08:00:32,912810UC0,TSRYS5860825,D,S,T,2024-10-21,1000000.00,4.415023,97.2734375
08:00:32,912810UC0,TSRYS5860825,D,S,T,2024-10-21,1000000.00,4.415023,97.2734375
08:00:32,912810UC0,TSRYS5860825,D,S,T,2024-10-21,1000000.00,4.415506,97.265625
08:00:32,912810UC0,TSRYS5860825,D,S,T,2024-10-21,1000000.00,4.417922,97.2265625
08:00:32,912810UC0,TSRYS5860825,D,S,T,2024-10-21,1000000.00,4.418164,97.22265625
08:00:32,912810UC0,TSRYS5860825,D,S,T,2024-10-21,1000000.00,4.423244,97.140625
08:00:32,912810UC0,TSRYS5860825,D,S,T,2024-10-21,1000000.00,4.423244,97.140625
08:00:32,912810UC0,TSRYS5860825,D,S,T,2024-10-21,1000000.00,4.423244,97.140625
08:00:32,912810UC0,TSRYS5860825,D,S,T,2024-10-21,1000000.00,4.418043,97.224609375
08:00:32,912810UC0,TSRYS5860825,D,S,T,2024-10-21,1000000.00,4.417922,97.2265625
08:00:32,912810UC0,TSRYS5860825,D,S,T,2024-10-21,1000000.00,4.417922,97.2265625
08:00:32,912810UC0,TSRYS5860825,D,S,T,2024-10-21,1000000.00,4.412728,97.310546875
08:00:32,912810UC0,TSRYS5860825,D,S,T,2024-10-21,1000000.00,4.412608,97.3125
08:00:32,912810UC0,TSRYS5860825,D,S,T,2024-10-21,1000000.00,4.41454,97.28125
08:00:32,912810UC0,TSRYS5860825,D,S,T,2024-10-21,1000000.00,4.41611,97.255859375
08:00:32,912810UC0,TSRYS5860825,D,S,T,2024-10-21,1000000.00,4.417318,97.236328125
08:00:32,912810UC0,TSRYS5860825,D,S,T,2024-10-21,1000000.00,4.421308,97.171875
08:00:32,912810UC0,TSRYS5860825,D,S,A,2024-10-21,45000000.00,4.385895,97.74609375
08:00:32,912810UC0,TSRYS5860825,D,S,T,2024-10-21,1000000.00,4.431844,97.001953125
08:00:32,912810UC0,TSRYS5860825,D,S,T,2024-10-21,1000000.00,4.431966,97.0
08:00:32,912810UC0,TSRYS5860825,D,S,T,2024-10-21,1000000.00,4.430996,97.015625
08:00:32,912810UC0,TSRYS5860825,D,S,T,2024-10-21,1000000.00,4.430026,97.03125
08:00:32,912810UC0,TSRYS5860825,D,S,T,2024-10-21,1000000.00,4.429783,97.03515625
08:00:32,912810UC0,TSRYS5860825,D,S,T,2024-10-21,1000000.00,4.429783,97.03515625
08:00:32,912810UC0,TSRYS5860825,D,S,T,2024-10-21,1000000.00,4.429783,97.03515625
08:00:32,912810UC0,TSRYS5860825,D,S,T,2024-10-21,1000000.00,4.431966,97.0
08:00:32,912810UC0,TSRYS5860825,D,S,T,2024-10-21,1000000.00,4.433178,96.98046875
08:00:32,912810UC0,TSRYS5860825,D,S,T,2024-10-21,1000000.00,4.4333,96.978515625
08:00:32,912810UC0,TSRYS5860825,D,S,T,2024-10-21,1000000.00,4.432087,96.998046875
08:00:32,912810UC0,TSRYS5860825,D,S,T,2024-10-21,1000000.00,4.431844,97.001953125
08:00:32,912810UC0,TSRYS5860825,D,S,T,2024-10-21,1000000.00,4.431844,97.001953125
08:00:32,912810UC0,TSRYS5860825,D,S,T,2024-10-21,1000000.00,4.431844,97.001953125
08:00:32,912810UC0,TSRYS5860825,D,S,D,2024-10-21,1000000.00,4.43512,96.94921875
08:00:32,912810UC0,TSRYS5860825,D,S,T,2024-10-21,1000000.00,4.44265,96.828125
08:00:32,912810UC0,TSRYS5860825,D,S,T,2024-10-21,1000000.00,4.441678,96.84375
08:00:32,912810UC0,TSRYS5860825,D,S,T,2024-10-21,1000000.00,4.440463,96.86328125
08:00:32,912810UC0,TSRYS5860825,D,S,T,2024-10-21,1000000.00,4.442042,96.837890625
08:00:32,912810UC0,TSRYS5860825,D,S,T,2024-10-21,1000000.00,4.439248,96.8828125
08:00:32,912810UC0,TSRYS5860825,D,S,T,2024-10-21,1000000.00,4.440706,96.859375
08:00:32,912810UC0,TSRYS5860825,D,S,D,2024-10-21,2000000.00,4.41454,97.28125
08:00:32,912810UC0,TSRYS5860825,D,S,D,2024-10-21,1000000.00,4.41454,97.28125
08:00:32,912810UC0,TSRYS5860825,D,S,D,2024-10-21,1000000.00,4.41454,97.28125
08:00:32,912810UC0,TSRYS5860825,D,S,D,2024-10-21,1000000.00,4.413332,97.30078125
08:00:32,912810UC0,TSRYS5860825,D,S,D,2024-10-21,1000000.00,4.413332,97.30078125
08:00:32,912810UC0,TSRYS5860825,D,S,D,2024-10-21,1000000.00,4.41454,97.28125
08:00:33,912810UC0,TSRYS5860825,D,S,D,2024-10-21,1000000.00,4.42034,97.1875
08:00:33,912810UC0,TSRYS5860825,D,S,D,2024-10-21,1000000.00,4.42034,97.1875
08:00:33,912810UC0,TSRYS5860825,D,S,C,2024-10-21,1000.00,4.430486,97.0238375
08:00:33,912810UC0,TSRYS5860825,D,S,C,2024-10-21,1000.00,4.429516,97.0394625
08:00:33,912810UC0,TSRYS5860825,D,S,T,2024-10-21,10400000.00,4.401035,97.5
08:00:33,912810UC0,TSRYS5860825,D,S,T,2024-10-21,10450000.00,4.401035,97.5
08:00:33,912810UC0,TSRYS5860825,D,S,T,2024-10-21,5200000.00,4.401035,97.5
08:00:33,912810UC0,TSRYS5860825,D,S,T,2024-10-21,10400000.00,4.401035,97.5
08:00:34,912810UC0,TSRYS5860825,D,S,D,2024-10-21,1000000.00,4.417439,97.234375
08:00:34,912810UC0,TSRYS5860825,D,S,D,2024-10-21,1000000.00,4.41454,97.28125
08:00:34,912810UC0,TSRYS5860825,D,S,D,2024-10-21,3000000.00,4.412849,97.30859375
08:00:34,912810UC0,TSRYS5860825,D,S,D,2024-10-21,4000000.00,4.42034,97.1875
08:00:34,912810UC0,TSRYS5860825,D,S,D,2024-10-21,1000000.00,4.42034,97.1875
08:00:34,912810UC0,TSRYS5860825,D,S,D,2024-10-21,4000000.00,4.42034,97.1875
08:00:34,912810UC0,TSRYS5860825,D,S,D,2024-10-21,1000000.00,4.42034,97.1875
08:00:34,912810UC0,TSRYS5860825,D,S,D,2024-10-21,1000000.00,4.434149,96.96484375
08:00:35,912810UC0,TSRYS5860825,D,S,D,2024-10-21,1000.00,,97.0238375
08:00:35,912810UC0,TSRYS5860825,D,S,D,2024-10-21,1000.00,,97.0394625
08:00:36,912810UC0,TSRYS5860825,D,B,C,2024-10-21,3000000.00,4.435362,96.9453125
08:00:36,912810UC0,TSRYS5860825,D,B,C,2024-10-21,3000000.00,4.441678,96.84375
08:00:36,912810UC0,TSRYS5860825,D,B,C,2024-10-21,5000000.00,4.440949,96.85546875
08:00:36,912810UC0,TSRYS5860825,D,S,C,2024-10-21,3000000.00,4.439709,96.8754
08:00:37,912810UC0,TSRYS5860825,D,S,D,2024-10-21,1000000.00,4.429783,97.03515625
08:00:37,912810UC0,TSRYS5860825,D,S,D,2024-10-21,1000000.00,4.429783,97.03515625
08:00:37,912810UC0,TSRYS5860825,D,S,D,2024-10-21,1000000.00,4.429783,97.03515625
08:00:37,912810UC0,TSRYS5860825,D,S,D,2024-10-21,1000000.00,4.430026,97.03125
08:00:37,912810UC0,TSRYS5860825,D,S,D,2024-10-21,1000000.00,4.429783,97.03515625
08:00:38,912810UC0,TSRYS5860825,D,S,C,2024-10-21,10000000.00,4.395742,97.5859375
08:00:38,912810UC0,TSRYS5860825,D,S,D,2024-10-21,1000000.00,4.431966,97.0
08:00:38,912810UC0,TSRYS5860825,D,S,D,2024-10-21,1000000.00,4.431966,97.0
08:00:38,912810UC0,TSRYS5860825,D,S,D,2024-10-21,1000000.00,4.431966,97.0
08:00:38,912810UC0,TSRYS5860825,D,S,D,2024-10-21,1000000.00,4.431966,97.0
08:00:38,912810UC0,TSRYS5860825,D,S,D,2024-10-21,1000000.00,4.432208,96.99609375
08:00:38,912810UC0,TSRYS5860825,D,S,D,2024-10-21,11000000.00,4.401035,97.5
08:00:38,912810UC0,TSRYS5860825,D,S,C,2024-10-21,17000000.00,4.401035,97.5
08:00:38,912810UC0,TSRYS5860825,D,B,A,2024-10-21,46000000.00,4.391416,97.65625
08:00:38,912810UC0,TSRYS5860825,D,S,C,2024-10-21,15000000.00,4.391416,97.65625
08:00:38,912810UC0,TSRYS5860825,D,S,C,2024-10-21,13000000.00,4.391416,97.65625
08:00:38,912810UC0,TSRYS5860825,D,S,C,2024-10-21,11000000.00,4.392377,97.640625
08:00:38,912810UC0,TSRYS5860825,D,S,D,2024-10-21,46000000.00,4.402962,97.46875
08:00:38,912810UC0,TSRYS5860825,D,S,C,2024-10-21,18500000.00,4.401035,97.5
08:00:38,912810UC0,TSRYS5860825,D,S,C,2024-10-21,1000000.00,4.398388,97.54296875
08:00:38,912810UC0,TSRYS5860825,D,S,A,2024-10-21,500000.00,4.392617,97.63671875
08:00:38,912810UC0,TSRYS5860825,D,S,T,2024-10-21,1000000.00,4.389495,97.6875
08:00:38,912810UC0,TSRYS5860825,D,B,C,2024-10-21,1000000.00,4.389495,97.6875
08:00:38,912810UC0,TSRYS5860825,D,S,D,2024-10-21,13000000.00,4.388648,97.70127
08:00:39,912810UC0,TSRYS5860825,D,S,T,2024-10-21,1000000.00,4.386494,97.736328125
08:00:39,912810UC0,TSRYS5860825,D,B,C,2024-10-21,1000000.00,4.385627,97.750453125
08:00:39,912810UC0,TSRYS5860825,D,B,A,2024-10-21,5000000.00,4.385655,97.75
08:00:39,912810UC0,TSRYS5860825,D,S,A,2024-10-21,5000000.00,4.389014,97.6953125
08:00:39,912810UC0,TSRYS5860825,D,S,D,2024-10-21,1000000.00,4.393338,97.625
08:00:39,912810UC0,TSRYS5860825,D,S,D,2024-10-21,1000000.00,4.393338,97.625
08:00:39,912810UC0,TSRYS5860825,D,S,T,2024-10-21,1000000.00,4.393338,97.625
08:00:39,912810UC0,TSRYS5860825,D,S,T,2024-10-21,1000000.00,4.393338,97.625
08:00:39,912810UC0,TSRYS5860825,D,B,C,2024-10-21,300000.00,4.393338,97.625
08:00:39,912810UC0,TSRYS5860825,D,S,T,2024-10-21,1000000.00,4.39935,97.52734375
08:00:39,912810UC0,TSRYS5860825,D,S,T,2024-10-21,1000000.00,4.39935,97.52734375
08:00:39,912810UC0,TSRYS5860825,D,B,A,2024-10-21,10000000.00,4.399591,97.5234375
08:00:39,912810UC0,TSRYS5860825,D,S,A,2024-10-21,250000.00,4.400554,97.5078125
08:00:39,912810UC0,TSRYS5860825,D,S,D,2024-10-21,2000000.00,4.401999,97.484375
08:00:39,912810UC0,TSRYS5860825,D,S,D,2024-10-21,1000000.00,4.401999,97.484375
08:00:39,912810UC0,TSRYS5860825,D,S,T,2024-10-21,2000000.00,4.408747,97.375
08:00:39,912810UC0,TSRYS5860825,D,S,T,2024-10-21,1000000.00,4.412608,97.3125
08:00:39,912810UC0,TSRYS5860825,D,S,D,2024-10-21,1000000.00,4.412608,97.3125
08:00:39,912810UC0,TSRYS5860825,D,S,D,2024-10-21,1000000.00,4.412608,97.3125
08:00:39,912810UC0,TSRYS5860825,D,S,T,2024-10-21,1000000.00,4.412608,97.3125
08:00:39,912810UC0,TSRYS5860825,D,S,D,2024-10-21,50MM+,4.41454,97.28125
08:00:39,912810UC0,TSRYS5860825,D,S,D,2024-10-21,3000000.00,4.412608,97.3125
08:00:39,912810UC0,TSRYS5860825,D,S,D,2024-10-21,3000000.00,4.412608,97.3125
08:00:39,912810UC0,TSRYS5860825,D,S,D,2024-10-21,1000000.00,4.411642,97.328125
08:00:39,912810UC0,TSRYS5860825,D,S,D,2024-10-21,1000000.00,4.411642,97.328125
08:00:39,912810UC0,TSRYS5860825,D,S,T,2024-10-21,1000000.00,4.411642,97.328125
08:00:39,912810UC0,TSRYS5860825,D,S,D,2024-10-21,5000000.00,4.412608,97.3125
08:00:39,912810UC0,TSRYS5860825,D,S,T,2024-10-21,2000000.00,4.411642,97.328125
08:00:39,912810UC0,TSRYS5860825,D,S,T,2024-10-21,1000000.00,4.411642,97.328125
08:00:39,912810UC0,TSRYS5860825,D,S,T,2024-10-21,1000000.00,4.411642,97.328125
08:00:39,912810UC0,TSRYS5860825,D,S,D,2024-10-21,2000000.00,4.412608,97.3125
08:00:39,912810UC0,TSRYS5860825,D,S,D,2024-10-21,1000000.00,4.412608,97.3125
08:00:39,912810UC0,TSRYS5860825,D,S,D,2024-10-21,1000000.00,4.411642,97.328125
08:00:39,912810UC0,TSRYS5860825,D,S,D,2024-10-21,1000000.00,4.412608,97.3125
08:00:39,912810UC0,TSRYS5860825,D,S,D,2024-10-21,2000000.00,4.411642,97.328125
08:00:39,912810UC0,TSRYS5860825,D,S,T,2024-10-21,1000000.00,4.416472,97.25
08:00:39,912810UC0,TSRYS5860825,D,S,T,2024-10-21,1000000.00,4.418406,97.21875
08:00:39,912810UC0,TSRYS5860825,D,S,A,2024-10-21,1000000.00,4.42155,97.16796875
08:00:39,912810UC0,TSRYS5860825,D,S,A,2024-10-21,5000000.00,4.422276,97.15625
08:00:39,912810UC0,TSRYS5860825,D,S,D,2024-10-21,2000000.00,4.421308,97.171875
08:00:39,912810UC0,TSRYS5860825,D,S,D,2024-10-21,1000000.00,4.41454,97.28125
08:00:39,912810UC0,TSRYS5860825,D,S,D,2024-10-21,1000000.00,4.41454,97.28125
08:00:39,912810UC0,TSRYS5860825,D,S,D,2024-10-21,1000000.00,4.41454,97.28125
08:00:39,912810UC0,TSRYS5860825,D,S,D,2024-10-21,2000000.00,4.412608,97.3125
08:00:39,912810UC0,TSRYS5860825,D,S,D,2024-10-21,2000000.00,4.412608,97.3125
08:00:39,912810UC0,TSRYS5860825,D,S,D,2024-10-21,2000000.00,4.412608,97.3125
08:00:39,912810UC0,TSRYS5860825,D,S,D,2024-10-21,2000000.00,4.412608,97.3125
08:00:39,912810UC0,TSRYS5860825,D,S,T,2024-10-21,1000000.00,4.412608,97.3125
08:00:39,912810UC0,TSRYS5860825,D,S,T,2024-10-21,2000000.00,4.412608,97.3125
08:00:39,912810UC0,TSRYS5860825,D,S,D,2024-10-21,1000000.00,4.432936,96.984375
08:00:39,912810UC0,TSRYS5860825,D,S,D,2024-10-21,1000000.00,4.433178,96.98046875
08:00:39,912810UC0,TSRYS5860825,D,S,D,2024-10-21,1000000.00,4.433421,96.9765625
08:00:39,912810UC0,TSRYS5860825,D,S,D,2024-10-21,1000000.00,4.433421,96.9765625
08:00:39,912810UC0,TSRYS5860825,D,S,D,2024-10-21,25000.00,4.42736,97.07421875
08:00:39,912810UC0,TSRYS5860825,D,S,T,2024-10-21,1000000.00,4.427602,97.0703125
08:00:39,912810UC0,TSRYS5860825,D,S,A,2024-10-21,2000000.00,4.430268,97.02734375
08:00:39,912810UC0,TSRYS5860825,D,S,T,2024-10-21,1000000.00,4.430026,97.03125
08:00:39,912810UC0,TSRYS5860825,D,B,C,2024-10-21,50MM+,4.413919,97.291936
08:00:39,912810UC0,TSRYS5860825,D,S,T,2024-10-21,1000000.00,4.389975,97.6796875
08:00:39,912810UC0,TSRYS5860825,D,B,C,2024-10-21,46000000.00,4.402962,97.46875
08:00:39,912810UC0,TSRYS5860825,D,S,T,2024-10-21,1000000.00,4.431359,97.009765625
08:00:39,912810UC0,TSRYS5860825,D,B,C,2024-10-21,15550000.00,4.440706,96.859375
08:00:39,912810UC0,TSRYS5860825,D,S,D,2024-10-21,1000000.00,4.441678,96.84375
08:00:39,912810UC0,TSRYS5860825,D,S,D,2024-10-21,1000000.00,4.441678,96.84375
08:00:39,912810UC0,TSRYS5860825,D,S,T,2024-10-21,1000000.00,4.441678,96.84375
08:00:39,912810UC0,TSRYS5860825,D,S,T,2024-10-21,1000000.00,4.441678,96.84375
08:00:39,912810UC0,TSRYS5860825,D,S,D,2024-10-21,1000000.00,4.441678,96.84375
08:00:39,912810UC0,TSRYS5860825,D,S,T,2024-10-21,1000000.00,4.441678,96.84375
08:00:39,912810UC0,TSRYS5860825,D,S,D,2024-10-21,1000000.00,4.441678,96.84375
08:00:39,912810UC0,TSRYS5860825,D,S,D,2024-10-21,1000000.00,4.441678,96.84375
08:00:39,912810UC0,TSRYS5860825,D,S,T,2024-10-21,1000000.00,4.441678,96.84375
08:00:39,912810UC0,TSRYS5860825,D,S,C,2024-10-21,15557000.00,4.442164,96.8359375
08:00:39,912810UC0,TSRYS5860825,D,S,T,2024-10-21,1000000.00,4.441678,96.84375
08:00:39,912810UC0,TSRYS5860825,D,S,T,2024-10-21,1000000.00,4.442407,96.83203125
08:00:39,912810UC0,TSRYS5860825,D,S,T,2024-10-21,2000000.00,4.44265,96.828125
08:00:39,912810UC0,TSRYS5860825,D,S,T,2024-10-21,1000000.00,4.44265,96.828125
08:00:39,912810UC0,TSRYS5860825,D,S,T,2024-10-21,1000000.00,4.439491,96.87890625
08:00:39,912810UC0,TSRYS5860825,D,S,T,2024-10-21,1000000.00,4.440706,96.859375
08:00:39,912810UC0,TSRYS5860825,D,S,T,2024-10-21,1000000.00,4.440706,96.859375
08:00:39,912810UC0,TSRYS5860825,D,S,T,2024-10-21,1000000.00,4.440706,96.859375
08:00:39,912810UC0,TSRYS5860825,D,S,D,2024-10-21,1000000.00,4.439734,96.875
08:00:39,912810UC0,TSRYS5860825,D,S,D,2024-10-21,1000000.00,4.439734,96.875
08:00:39,912810UC0,TSRYS5860825,D,S,D,2024-10-21,1000000.00,4.439734,96.875
08:00:39,912810UC0,TSRYS5860825,D,S,D,2024-10-21,1000000.00,4.439734,96.875
08:00:39,912810UC0,TSRYS5860825,D,S,D,2024-10-21,1000000.00,4.439734,96.875
08:00:39,912810UC0,TSRYS5860825,D,S,D,2024-10-21,1000000.00,4.439734,96.875
08:00:39,912810UC0,TSRYS5860825,D,S,D,2024-10-21,1000000.00,4.439734,96.875
08:00:39,912810UC0,TSRYS5860825,D,S,D,2024-10-21,1000000.00,4.439734,96.875
08:00:39,912810UC0,TSRYS5860825,D,S,D,2024-10-21,1000000.00,4.439734,96.875
08:00:39,912810UC0,TSRYS5860825,D,S,D,2024-10-21,1000000.00,4.439734,96.875
08:00:39,912810UC0,TSRYS5860825,D,S,D,2024-10-21,1000000.00,4.439734,96.875
08:00:39,912810UC0,TSRYS5860825,D,S,D,2024-10-21,2000000.00,4.439734,96.875
08:00:39,912810UC0,TSRYS5860825,D,S,D,2024-10-21,1000000.00,4.440706,96.859375
08:00:39,912810UC0,TSRYS5860825,D,S,D,2024-10-21,1000000.00,4.440706,96.859375
08:00:40,912810UC0,TSRYS5860825,D,S,D,2024-10-21,1000000.00,4.431481,97.0078125
08:00:41,912810UC0,TSRYS5860825,D,B,C,2024-10-21,1000000.00,4.439734,96.875
08:00:44,912810UC0,TSRYS5860825,D,S,D,2024-10-21,1000000.00,4.433906,96.96875
08:00:45,912810UC0,TSRYS5860825,D,S,C,2024-10-21,1000000.00,4.439005,96.88671875
08:00:45,912810UC0,TSRYS5860825,D,S,D,2024-10-21,901000.00,4.44022,96.8671875
08:00:45,912810UC0,TSRYS5860825,D,S,D,2024-10-21,816000.00,4.439005,96.88671875
08:00:45,912810UC0,TSRYS5860825,D,S,C,2024-10-21,966000.00,4.439977,96.87109375
08:00:45,912810UC0,TSRYS5860825,D,S,C,2024-10-21,937000.00,4.440463,96.86328125
08:00:45,912810UC0,TSRYS5860825,D,S,C,2024-10-21,2000.00,4.441653,96.84415
08:00:45,912810UC0,TSRYS5860825,D,S,T,2024-10-21,1000000.00,4.419373,97.203125
08:00:45,912810UC0,TSRYS5860825,D,S,C,2024-10-21,10000.00,4.441653,96.84415
08:00:46,912810UC0,TSRYS5860825,D,S,D,2024-10-21,1000000.00,4.439734,96.875
08:00:46,912810UC0,TSRYS5860825,D,S,T,2024-10-21,1000000.00,4.419373,97.203125
08:00:46,912810UC0,TSRYS5860825,D,S,D,2024-10-21,200000.00,4.397931,97.55038125
08:00:46,912810UC0,TSRYS5860825,D,B,C,2024-10-21,200000.00,4.397931,97.54788125
08:00:46,912810UC0,TSRYS5860825,D,S,C,2024-10-21,897000.00,4.439491,96.87890625
08:00:46,912810UC0,TSRYS5860825,D,S,C,2024-10-21,902000.00,4.439491,96.87890625
08:00:46,912810UC0,TSRYS5860825,D,S,C,2024-10-21,1040000.00,4.439491,96.87890625
08:00:46,912810UC0,TSRYS5860825,D,S,C,2024-10-21,818000.00,4.440463,96.86328125
08:00:47,912810UC0,TSRYS5860825,D,S,C,2024-10-21,902000.00,4.441435,96.84765625
08:00:47,912810UC0,TSRYS5860825,D,B,C,2024-10-21,1045000.00,4.441435,96.84765625
08:00:47,912810UC0,TSRYS5860825,D,S,D,2024-10-21,1000000.00,4.44265,96.828125
08:00:47,912810UC0,TSRYS5860825,D,S,D,2024-10-21,2000000.00,4.439248,96.8828125
08:00:47,912810UC0,TSRYS5860825,D,B,C,2024-10-21,898000.00,4.440949,96.85546875
08:00:53,912810UC0,TSRYS5860825,D,S,T,2024-10-21,1000000.00,4.392377,97.640625
08:00:53,912810UC0,TSRYS5860825,D,S,T,2024-10-21,1000000.00,4.392383,97.640523
08:00:54,912810UC0,TSRYS5860825,D,S,T,2024-10-21,1000000.00,4.398388,97.54296875
08:00:54,912810UC0,TSRYS5860825,D,S,T,2024-10-21,1000000.00,4.39935,97.52734375
08:00:54,912810UC0,TSRYS5860825,D,S,T,2024-10-21,1000000.00,4.39935,97.52734375
08:01:00,912810UC0,TSRYS5860825,D,S,D,2024-10-21,1000000.00,4.402962,97.46875
08:01:00,912810UC0,TSRYS5860825,D,S,C,2024-10-21,1000000.00,4.40248,97.4765625
08:01:00,912810UC0,TSRYS5860825,D,S,D,2024-10-21,2000000.00,4.402962,97.46875
08:01:00,912810UC0,TSRYS5860825,D,S,D,2024-10-21,1000000.00,4.393819,97.6171875
08:01:00,912810UC0,TSRYS5860825,D,S,C,2024-10-21,1000000.00,4.40248,97.4765625
08:01:00,912810UC0,TSRYS5860825,D,S,D,2024-10-21,1000000.00,4.392137,97.64453125
08:01:00,912810UC0,TSRYS5860825,D,S,D,2024-10-21,1000000.00,4.390215,97.67578125
08:01:00,912810UC0,TSRYS5860825,D,S,D,2024-10-21,2000000.00,4.390695,97.66796875
08:01:00,912810UC0,TSRYS5860825,D,S,D,2024-10-21,1000000.00,4.390695,97.66796875
08:01:00,912810UC0,TSRYS5860825,D,S,D,2024-10-21,1000000.00,4.390695,97.66796875
08:01:00,912810UC0,TSRYS5860825,D,S,D,2024-10-21,1000000.00,4.390695,97.66796875
08:01:00,912810UC0,TSRYS5860825,D,S,D,2024-10-21,1000000.00,4.390695,97.66796875
08:01:00,912810UC0,TSRYS5860825,D,S,D,2024-10-21,1000000.00,4.390695,97.66796875
08:01:00,912810UC0,TSRYS5860825,D,S,D,2024-10-21,1000000.00,4.390695,97.66796875
08:01:00,912810UC0,TSRYS5860825,D,S,D,2024-10-21,1000000.00,4.390695,97.66796875
08:01:00,912810UC0,TSRYS5860825,D,S,D,2024-10-21,1000000.00,4.386854,97.73046875
08:01:00,912810UC0,TSRYS5860825,D,S,D,2024-10-21,1000000.00,4.388294,97.70703125
08:01:00,912810UC0,TSRYS5860825,D,S,D,2024-10-21,1000000.00,4.390695,97.66796875
08:01:00,912810UC0,TSRYS5860825,D,S,D,2024-10-21,1000000.00,4.390215,97.67578125
08:01:00,912810UC0,TSRYS5860825,D,S,D,2024-10-21,1000000.00,4.388294,97.70703125
08:01:00,912810UC0,TSRYS5860825,D,S,D,2024-10-21,1000000.00,4.393338,97.625
08:01:00,912810UC0,TSRYS5860825,D,S,D,2024-10-21,1000000.00,4.395261,97.59375
08:01:00,912810UC0,TSRYS5860825,D,S,D,2024-10-21,1000000.00,4.397185,97.5625
08:01:00,912810UC0,TSRYS5860825,D,S,D,2024-10-21,1000000.00,4.397666,97.5546875
08:01:00,912810UC0,TSRYS5860825,D,S,D,2024-10-21,1000000.00,4.398388,97.54296875
08:01:00,912810UC0,TSRYS5860825,D,B,C,2024-10-21,1000000.00,4.400313,97.51171875
08:01:00,912810UC0,TSRYS5860825,D,S,D,2024-10-21,1000000.00,4.399591,97.5234375
08:01:00,912810UC0,TSRYS5860825,D,S,D,2024-10-21,1000000.00,4.399591,97.5234375
08:01:00,912810UC0,TSRYS5860825,D,S,D,2024-10-21,1000000.00,4.400313,97.51171875
08:01:00,912810UC0,TSRYS5860825,D,S,D,2024-10-21,1000000.00,4.401035,97.5
08:01:00,912810UC0,TSRYS5860825,D,S,D,2024-10-21,1000000.00,4.401035,97.5
08:01:00,912810UC0,TSRYS5860825,D,S,D,2024-10-21,1000000.00,4.401035,97.5
08:01:00,912810UC0,TSRYS5860825,D,S,D,2024-10-21,1000000.00,4.401517,97.4921875
08:01:00,912810UC0,TSRYS5860825,D,S,D,2024-10-21,1000000.00,4.401999,97.484375
08:01:00,912810UC0,TSRYS5860825,D,S,D,2024-10-21,1000000.00,4.401276,97.49609375
08:01:00,912810UC0,TSRYS5860825,D,S,D,2024-10-21,1000000.00,4.400554,97.5078125
08:01:00,912810UC0,TSRYS5860825,D,S,D,2024-10-21,1000000.00,4.401276,97.49609375
08:01:00,912810UC0,TSRYS5860825,D,S,D,2024-10-21,1000000.00,4.400554,97.5078125
08:01:00,912810UC0,TSRYS5860825,D,S,D,2024-10-21,1000000.00,4.400554,97.5078125
08:01:00,912810UC0,TSRYS5860825,D,S,D,2024-10-21,1000000.00,4.401035,97.5
08:01:00,912810UC0,TSRYS5860825,D,S,D,2024-10-21,1000000.00,4.401035,97.5
08:01:01,912810UC0,TSRYS5860825,D,S,D,2024-10-21,1000000.00,4.401035,97.5
08:01:01,912810UC0,TSRYS5860825,D,S,D,2024-10-21,1000000.00,4.401276,97.49609375
08:01:01,912810UC0,TSRYS5860825,D,S,D,2024-10-21,1000000.00,4.401035,97.5
08:01:01,912810UC0,TSRYS5860825,D,S,D,2024-10-21,1000000.00,4.398147,97.546875
08:01:01,912810UC0,TSRYS5860825,D,S,D,2024-10-21,1000000.00,4.397907,97.55078125
08:01:01,912810UC0,TSRYS5860825,D,S,D,2024-10-21,1000000.00,4.397666,97.5546875
08:01:01,912810UC0,TSRYS5860825,D,S,D,2024-10-21,1000000.00,4.397666,97.5546875
08:01:01,912810UC0,TSRYS5860825,D,S,D,2024-10-21,1000000.00,4.397907,97.55078125
08:01:01,912810UC0,TSRYS5860825,D,S,D,2024-10-21,1000000.00,4.39911,97.53125
08:01:01,912810UC0,TSRYS5860825,D,S,D,2024-10-21,1000000.00,4.404889,97.4375
08:01:01,912810UC0,TSRYS5860825,D,S,D,2024-10-21,1000000.00,4.404407,97.4453125
08:01:01,912810UC0,TSRYS5860825,D,B,C,2024-10-21,1000000.00,4.404407,97.4453125
08:01:01,912810UC0,TSRYS5860825,D,S,D,2024-10-21,1000000.00,4.399832,97.51953125
08:01:01,912810UC0,TSRYS5860825,D,S,D,2024-10-21,1000000.00,4.408747,97.375
08:01:01,912810UC0,TSRYS5860825,D,S,D,2024-10-21,1000000.00,4.407059,97.40234375
08:01:01,912810UC0,TSRYS5860825,D,S,D,2024-10-21,1000000.00,4.406818,97.40625
08:01:01,912810UC0,TSRYS5860825,D,S,D,2024-10-21,1000000.00,4.405853,97.421875
08:01:01,912810UC0,TSRYS5860825,D,S,D,2024-10-21,1000000.00,4.40947,97.36328125
08:01:01,912810UC0,TSRYS5860825,D,S,D,2024-10-21,1000000.00,4.408747,97.375
08:01:01,912810UC0,TSRYS5860825,D,S,D,2024-10-21,1000000.00,4.40947,97.36328125
08:01:01,912810UC0,TSRYS5860825,D,S,D,2024-10-21,1000000.00,4.409229,97.3671875
08:01:01,912810UC0,TSRYS5860825,D,S,D,2024-10-21,1000000.00,4.40947,97.36328125
08:01:01,912810UC0,TSRYS5860825,D,S,D,2024-10-21,1000000.00,4.40947,97.36328125
08:01:01,912810UC0,TSRYS5860825,D,S,D,2024-10-21,1000000.00,4.40947,97.36328125
08:01:01,912810UC0,TSRYS5860825,D,S,D,2024-10-21,1000000.00,4.40947,97.36328125
08:01:01,912810UC0,TSRYS5860825,D,S,D,2024-10-21,1000000.00,4.410677,97.34375
08:01:01,912810UC0,TSRYS5860825,D,S,D,2024-10-21,1000000.00,4.414781,97.27734375
08:01:01,912810UC0,TSRYS5860825,D,S,D,2024-10-21,2000000.00,4.41454,97.28125
08:01:01,912810UC0,TSRYS5860825,D,S,D,2024-10-21,1000000.00,4.41454,97.28125
08:01:01,912810UC0,TSRYS5860825,D,S,D,2024-10-21,1000000.00,4.41454,97.28125
08:01:01,912810UC0,TSRYS5860825,D,S,D,2024-10-21,1000000.00,4.413332,97.30078125
08:01:01,912810UC0,TSRYS5860825,D,S,D,2024-10-21,1000000.00,4.413332,97.30078125
08:01:01,912810UC0,TSRYS5860825,D,B,C,2024-10-21,1000000.00,4.413332,97.30078125
08:01:01,912810UC0,TSRYS5860825,D,B,C,2024-10-21,1000000.00,4.413332,97.30078125
08:01:01,912810UC0,TSRYS5860825,D,S,D,2024-10-21,1000000.00,4.413332,97.30078125
08:01:01,912810UC0,TSRYS5860825,D,S,D,2024-10-21,1000000.00,4.41454,97.28125
08:01:01,912810UC0,TSRYS5860825,D,B,C,2024-10-21,1000000.00,4.413332,97.30078125
08:01:01,912810UC0,TSRYS5860825,D,B,C,2024-10-21,1000000.00,4.413332,97.30078125
08:01:01,912810UC0,TSRYS5860825,D,S,D,2024-10-21,1000000.00,4.422276,97.15625
08:01:01,912810UC0,TSRYS5860825,D,S,D,2024-10-21,1000000.00,4.413332,97.30078125
08:01:01,912810UC0,TSRYS5860825,D,S,D,2024-10-21,1000000.00,4.41454,97.28125
08:01:01,912810UC0,TSRYS5860825,D,S,D,2024-10-21,1000000.00,4.422276,97.15625
08:01:01,912810UC0,TSRYS5860825,D,S,D,2024-10-21,1000000.00,4.422276,97.15625
08:01:01,912810UC0,TSRYS5860825,D,S,D,2024-10-21,2000000.00,4.422276,97.15625
08:01:01,912810UC0,TSRYS5860825,D,S,D,2024-10-21,1000000.00,4.42034,97.1875
08:01:01,912810UC0,TSRYS5860825,D,S,D,2024-10-21,1000000.00,4.42034,97.1875
08:01:01,912810UC0,TSRYS5860825,D,S,D,2024-10-21,1000000.00,4.42034,97.1875
08:01:01,912810UC0,TSRYS5860825,D,S,D,2024-10-21,1000000.00,4.420098,97.19140625
08:01:01,912810UC0,TSRYS5860825,D,S,D,2024-10-21,1000000.00,4.42034,97.1875
08:01:01,912810UC0,TSRYS5860825,D,S,D,2024-10-21,1000000.00,4.417439,97.234375
08:01:01,912810UC0,TSRYS5860825,D,S,D,2024-10-21,1000000.00,4.41454,97.28125
08:01:01,912810UC0,TSRYS5860825,D,S,D,2024-10-21,2000000.00,4.420582,97.18359375
08:01:01,912810UC0,TSRYS5860825,D,S,D,2024-10-21,1000000.00,4.412849,97.30859375
08:01:01,912810UC0,TSRYS5860825,D,S,D,2024-10-21,1000000.00,4.412608,97.3125
08:01:01,912810UC0,TSRYS5860825,D,S,D,2024-10-21,1000000.00,4.418164,97.22265625
08:01:01,912810UC0,TSRYS5860825,D,S,D,2024-10-21,3000000.00,4.412849,97.30859375
08:01:01,912810UC0,TSRYS5860825,D,B,C,2024-10-21,1000000.00,4.418164,97.22265625
08:01:01,912810UC0,TSRYS5860825,D,S,D,2024-10-21,1000000.00,4.421308,97.171875
08:01:01,912810UC0,TSRYS5860825,D,S,D,2024-10-21,1000000.00,4.42155,97.16796875
08:01:01,912810UC0,TSRYS5860825,D,S,D,2024-10-21,4000000.00,4.42034,97.1875
08:01:01,912810UC0,TSRYS5860825,D,S,D,2024-10-21,4000000.00,4.42034,97.1875
08:01:01,912810UC0,TSRYS5860825,D,S,D,2024-10-21,1000000.00,4.42155,97.16796875
08:01:01,912810UC0,TSRYS5860825,D,S,D,2024-10-21,1000000.00,4.42034,97.1875
08:01:01,912810UC0,TSRYS5860825,D,S,D,2024-10-21,1000000.00,4.422276,97.15625
08:01:01,912810UC0,TSRYS5860825,D,S,D,2024-10-21,1000000.00,4.430996,97.015625
08:01:01,912810UC0,TSRYS5860825,D,S,D,2024-10-21,2000000.00,4.420098,97.19140625
08:01:01,912810UC0,TSRYS5860825,D,S,D,2024-10-21,1000000.00,4.430996,97.015625
08:01:01,912810UC0,TSRYS5860825,D,S,D,2024-10-21,1000000.00,4.434149,96.96484375
08:01:01,912810UC0,TSRYS5860825,D,S,T,2024-10-21,1000000.00,4.387574,97.71875
08:01:01,912810UC0,TSRYS5860825,D,S,T,2024-10-21,1000000.00,4.389495,97.6875
08:01:01,912810UC0,TSRYS5860825,D,S,T,2024-10-21,1000000.00,4.396223,97.578125
08:01:01,912810UC0,TSRYS5860825,D,S,T,2024-10-21,1000000.00,4.401035,97.5
08:01:01,912810UC0,TSRYS5860825,D,S,T,2024-10-21,2000000.00,4.39911,97.53125
08:01:01,912810UC0,TSRYS5860825,D,S,T,2024-10-21,1000000.00,4.409712,97.359375
08:01:01,912810UC0,TSRYS5860825,D,S,T,2024-10-21,1000000.00,4.41454,97.28125
08:01:01,912810UC0,TSRYS5860825,D,S,T,2024-10-21,1000000.00,4.41454,97.28125
08:01:01,912810UC0,TSRYS5860825,D,S,T,2024-10-21,1000000.00,4.41454,97.28125
08:01:01,912810UC0,TSRYS5860825,D,S,T,2024-10-21,1000000.00,4.41454,97.28125
08:01:01,912810UC0,TSRYS5860825,D,S,T,2024-10-21,1000000.00,4.413574,97.296875
08:01:01,912810UC0,TSRYS5860825,D,S,T,2024-10-21,1000000.00,4.413574,97.296875
08:01:01,912810UC0,TSRYS5860825,D,S,T,2024-10-21,1000000.00,4.42034,97.1875
08:01:01,912810UC0,TSRYS5860825,D,S,T,2024-10-21,1000000.00,4.419373,97.203125
08:01:01,912810UC0,TSRYS5860825,D,S,T,2024-10-21,1000000.00,4.417439,97.234375
08:01:01,912810UC0,TSRYS5860825,D,S,T,2024-10-21,1000000.00,4.41454,97.28125
08:01:01,912810UC0,TSRYS5860825,D,S,T,2024-10-21,1000000.00,4.41454,97.28125
08:01:01,912810UC0,TSRYS5860825,D,S,T,2024-10-21,1000000.00,4.41454,97.28125
08:01:01,912810UC0,TSRYS5860825,D,S,T,2024-10-21,1000000.00,4.41454,97.28125
08:01:01,912810UC0,TSRYS5860825,D,S,T,2024-10-21,1000000.00,4.42518,97.109375
08:01:01,912810UC0,TSRYS5860825,D,S,T,2024-10-21,1000000.00,4.431966,97.0
08:01:01,912810UC0,TSRYS5860825,D,S,T,2024-10-21,1000000.00,4.431966,97.0
08:01:01,912810UC0,TSRYS5860825,D,S,D,2024-10-21,1000000.00,4.429783,97.03515625
08:01:01,912810UC0,TSRYS5860825,D,S,D,2024-10-21,1000000.00,4.429783,97.03515625
08:01:02,912810UC0,TSRYS5860825,D,S,D,2024-10-21,1000000.00,4.430268,97.02734375
08:01:02,912810UC0,TSRYS5860825,D,S,D,2024-10-21,1000000.00,4.431966,97.0
08:01:02,912810UC0,TSRYS5860825,D,S,D,2024-10-21,1000000.00,4.430996,97.015625
08:01:02,912810UC0,TSRYS5860825,D,S,D,2024-10-21,2000000.00,4.431966,97.0
08:01:02,912810UC0,TSRYS5860825,D,B,C,2024-10-21,1000000.00,4.430996,97.015625
08:01:02,912810UC0,TSRYS5860825,D,S,D,2024-10-21,1000000.00,4.429783,97.03515625
08:01:02,912810UC0,TSRYS5860825,D,S,D,2024-10-21,1000000.00,4.431966,97.0
08:01:02,912810UC0,TSRYS5860825,D,S,D,2024-10-21,1000000.00,4.431966,97.0
08:01:02,912810UC0,TSRYS5860825,D,S,D,2024-10-21,1000000.00,4.432693,96.98828125
08:01:02,912810UC0,TSRYS5860825,D,S,D,2024-10-21,1000000.00,4.431966,97.0
08:01:02,912810UC0,TSRYS5860825,D,S,D,2024-10-21,1000000.00,4.432208,96.99609375
08:01:02,912810UC0,TSRYS5860825,D,S,D,2024-10-21,2000000.00,4.431966,97.0
08:01:02,912810UC0,TSRYS5860825,D,S,D,2024-10-21,1000000.00,4.433421,96.9765625
08:01:02,912810UC0,TSRYS5860825,D,S,D,2024-10-21,1000000.00,4.433178,96.98046875
08:01:02,912810UC0,TSRYS5860825,D,S,D,2024-10-21,1000000.00,4.432936,96.984375
08:01:02,912810UC0,TSRYS5860825,D,S,D,2024-10-21,1000000.00,4.431238,97.01171875
08:01:02,912810UC0,TSRYS5860825,D,S,D,2024-10-21,1000000.00,4.433421,96.9765625
08:01:02,912810UC0,TSRYS5860825,D,S,C,2024-10-21,1000000.00,4.432936,96.984375
08:01:02,912810UC0,TSRYS5860825,D,S,D,2024-10-21,1000000.00,4.433421,96.9765625
08:01:02,912810UC0,TSRYS5860825,D,S,C,2024-10-21,1000000.00,4.433906,96.96875
08:01:02,912810UC0,TSRYS5860825,D,S,D,2024-10-21,1000000.00,4.431966,97.0
08:01:02,912810UC0,TSRYS5860825,D,S,C,2024-10-21,1000000.00,4.432208,96.99609375
08:01:02,912810UC0,TSRYS5860825,D,S,D,2024-10-21,1000000.00,4.431966,97.0
08:01:02,912810UC0,TSRYS5860825,D,S,D,2024-10-21,1000000.00,4.433906,96.96875
08:01:02,912810UC0,TSRYS5860825,D,S,C,2024-10-21,1000000.00,4.433421,96.9765625
08:01:02,912810UC0,TSRYS5860825,D,S,D,2024-10-21,1000000.00,4.434149,96.96484375
08:01:02,912810UC0,TSRYS5860825,D,S,A,2024-10-21,3000000.00,4.402962,97.46875
08:01:02,912810UC0,TSRYS5860825,D,S,T,2024-10-21,1000000.00,4.400434,97.509765625
08:01:02,912810UC0,TSRYS5860825,D,S,T,2024-10-21,1000000.00,4.398388,97.54296875
08:01:02,912810UC0,TSRYS5860825,D,S,T,2024-10-21,1000000.00,4.406335,97.4140625
08:01:02,912810UC0,TSRYS5860825,D,S,D,2024-10-21,1000000.00,4.429783,97.03515625
08:01:02,912810UC0,TSRYS5860825,D,S,T,2024-10-21,1000000.00,4.429783,97.03515625
08:01:02,912810UC0,TSRYS5860825,D,S,T,2024-10-21,1000000.00,4.441678,96.84375
08:01:02,912810UC0,TSRYS5860825,D,S,D,2024-10-21,1000000.00,4.44022,96.8671875
08:01:02,912810UC0,TSRYS5860825,D,S,T,2024-10-21,1000000.00,4.407782,97.390625
08:01:02,912810UC0,TSRYS5860825,D,S,T,2024-10-21,1000000.00,4.407788,97.390523
08:01:02,912810UC0,TSRYS5860825,D,S,T,2024-10-21,1000000.00,4.407788,97.390523
08:01:02,912810UC0,TSRYS5860825,D,S,T,2024-10-21,1000000.00,4.407788,97.390523
08:01:02,912810UC0,TSRYS5860825,D,S,T,2024-10-21,1000000.00,4.407788,97.390523
08:01:02,912810UC0,TSRYS5860825,D,S,T,2024-10-21,1000000.00,4.407782,97.390625
08:01:02,912810UC0,TSRYS5860825,D,S,T,2024-10-21,1000000.00,4.407788,97.390523
08:01:02,912810UC0,TSRYS5860825,D,S,T,2024-10-21,2000000.00,4.407788,97.390523
08:01:02,912810UC0,TSRYS5860825,D,S,T,2024-10-21,1000000.00,4.407788,97.390523
08:01:03,912810UC0,TSRYS5860825,D,S,T,2024-10-21,1000000.00,4.440706,96.859375
08:01:03,912810UC0,TSRYS5860825,D,S,D,2024-10-21,1000000.00,4.441435,96.84765625
08:01:03,912810UC0,TSRYS5860825,D,S,D,2024-10-21,1000000.00,4.441435,96.84765625
08:01:06,912810UC0,TSRYS5860825,D,S,C,2024-10-21,6000.00,4.409205,97.45092083333
08:01:07,912810UC0,TSRYS5860825,D,S,T,2024-10-21,1000000.00,4.440341,96.865234375
08:01:08,912810UC0,TSRYS5860825,D,S,C,2024-10-21,5000000.00,4.413815,97.29296875
08:01:08,912810UC0,TSRYS5860825,D,S,D,2024-10-21,5000000.00,4.413815,97.29296875
08:01:09,912810UC0,TSRYS5860825,D,S,T,2024-10-21,2000000.00,4.440098,96.869140625
08:01:09,912810UC0,TSRYS5860825,D,B,C,2024-10-21,1000000.00,4.441435,96.84765625
08:01:09,912810UC0,TSRYS5860825,D,S,T,2024-10-21,1000000.00,4.439977,96.87109375
08:01:09,912810UC0,TSRYS5860825,D,S,C,2024-10-21,12400000.00,4.410556,97.3457
08:01:10,912810UC0,TSRYS5860825,D,S,D,2024-10-21,1000000.00,4.390215,97.67578125
08:01:10,912810UC0,TSRYS5860825,D,S,D,2024-10-21,1000000.00,4.390695,97.66796875
08:01:10,912810UC0,TSRYS5860825,D,S,D,2024-10-21,2000000.00,4.390695,97.66796875
08:01:10,912810UC0,TSRYS5860825,D,S,A,2024-10-21,1000000.00,4.414298,97.28515625
08:01:10,912810UC0,TSRYS5860825,D,S,D,2024-10-21,1000000.00,4.390695,97.66796875
08:01:10,912810UC0,TSRYS5860825,D,S,D,2024-10-21,1000000.00,4.390695,97.66796875
08:01:10,912810UC0,TSRYS5860825,D,S,D,2024-10-21,1000000.00,4.390695,97.66796875
08:01:10,912810UC0,TSRYS5860825,D,S,D,2024-10-21,1000000.00,4.390695,97.66796875
08:01:10,912810UC0,TSRYS5860825,D,S,D,2024-10-21,1000000.00,4.390695,97.66796875
08:01:10,912810UC0,TSRYS5860825,D,S,D,2024-10-21,1000000.00,4.390695,97.66796875
08:01:10,912810UC0,TSRYS5860825,D,S,D,2024-10-21,1000000.00,4.390695,97.66796875
08:01:10,912810UC0,TSRYS5860825,D,S,T,2024-10-21,1000000.00,4.390701,97.66786875
08:01:10,912810UC0,TSRYS5860825,D,S,T,2024-10-21,1000000.00,4.390701,97.66786875
08:01:10,912810UC0,TSRYS5860825,D,S,T,2024-10-21,1000000.00,4.390701,97.66786875
08:01:10,912810UC0,TSRYS5860825,D,S,T,2024-10-21,1000000.00,4.390701,97.66786875
08:01:10,912810UC0,TSRYS5860825,D,S,T,2024-10-21,2000000.00,4.390701,97.66786875
08:01:10,912810UC0,TSRYS5860825,D,S,T,2024-10-21,1000000.00,4.402005,97.484275
08:01:11,912810UC0,TSRYS5860825,D,S,T,2024-10-21,1000000.00,4.402012,97.48415
08:01:11,912810UC0,TSRYS5860825,D,S,T,2024-10-21,1000000.00,4.413587,97.29665
08:01:11,912810UC0,TSRYS5860825,D,S,T,2024-10-21,1000000.00,4.413587,97.29665
08:01:11,912810UC0,TSRYS5860825,D,S,T,2024-10-21,1000000.00,4.413587,97.29665
08:01:11,912810UC0,TSRYS5860825,D,S,D,2024-10-21,1000000.00,4.392094,97.6452313
08:01:11,912810UC0,TSRYS5860825,D,S,T,2024-10-21,1000000.00,4.417445,97.234273
08:01:11,912810UC0,TSRYS5860825,D,S,D,2024-10-21,1000000.00,4.393295,97.6257
08:01:11,912810UC0,TSRYS5860825,D,S,D,2024-10-21,1000000.00,4.395218,97.59445
08:01:11,912810UC0,TSRYS5860825,D,S,D,2024-10-21,1000000.00,4.397142,97.5632
08:01:11,912810UC0,TSRYS5860825,D,S,D,2024-10-21,1000000.00,4.399067,97.53195
08:01:11,912810UC0,TSRYS5860825,D,S,D,2024-10-21,1000000.00,4.400992,97.5007
08:01:11,912810UC0,TSRYS5860825,D,B,C,2024-10-21,3000000.00,4.401725,97.4888129
08:01:11,912810UC0,TSRYS5860825,D,S,C,2024-10-21,1000000.00,4.398224,97.5456219
08:01:11,912810UC0,TSRYS5860825,D,S,D,2024-10-21,1000000.00,4.404846,97.4382
08:01:11,912810UC0,TSRYS5860825,D,S,D,2024-10-21,1000000.00,4.408704,97.3757
08:01:11,912810UC0,TSRYS5860825,D,B,C,2024-10-21,3000000.00,4.413621,97.2961048
08:01:11,912810UC0,TSRYS5860825,D,S,T,2024-10-21,1000000.00,4.417445,97.234273
08:01:12,912810UC0,TSRYS5860825,D,S,T,2024-10-21,1000000.00,4.421308,97.171875
08:01:12,912810UC0,TSRYS5860825,D,S,T,2024-10-21,1000000.00,4.421308,97.171875
08:01:12,912810UC0,TSRYS5860825,D,S,A,2024-10-21,2000000.00,4.418406,97.21875
08:01:12,912810UC0,TSRYS5860825,D,S,T,2024-10-21,1000000.00,4.42518,97.109375
08:01:13,912810UC0,TSRYS5860825,D,S,T,2024-10-21,1000000.00,4.42518,97.109375
08:01:13,912810UC0,TSRYS5860825,D,S,T,2024-10-21,1000000.00,4.422282,97.156148
08:01:13,912810UC0,TSRYS5860825,D,S,T,2024-10-21,1000000.00,4.422282,97.156148
08:01:13,912810UC0,TSRYS5860825,D,S,T,2024-10-21,1000000.00,4.422282,97.156148
08:01:13,912810UC0,TSRYS5860825,D,S,T,2024-10-21,1000000.00,4.422282,97.156148
08:01:13,912810UC0,TSRYS5860825,D,S,T,2024-10-21,1000000.00,4.422282,97.156148
08:01:13,912810UC0,TSRYS5860825,D,S,T,2024-10-21,1000000.00,4.423244,97.140625
08:01:13,912810UC0,TSRYS5860825,D,S,D,2024-10-21,5200000.00,4.401035,97.5
08:01:13,912810UC0,TSRYS5860825,D,S,T,2024-10-21,1000000.00,4.42325,97.140523
08:01:13,912810UC0,TSRYS5860825,D,S,D,2024-10-21,10450000.00,4.401035,97.5
08:01:13,912810UC0,TSRYS5860825,D,S,T,2024-10-21,1000000.00,4.42325,97.140523
08:01:13,912810UC0,TSRYS5860825,D,S,T,2024-10-21,1000000.00,4.42325,97.140523
08:01:13,912810UC0,TSRYS5860825,D,S,T,2024-10-21,1000000.00,4.42325,97.140523
08:01:13,912810UC0,TSRYS5860825,D,S,D,2024-10-21,10400000.00,4.401035,97.5
08:01:14,912810UC0,TSRYS5860825,D,S,D,2024-10-21,10400000.00,4.401035,97.5
08:01:14,912810UC0,TSRYS5860825,D,S,T,2024-10-21,1000000.00,4.42325,97.140523
08:01:14,912810UC0,TSRYS5860825,D,S,T,2024-10-21,1000000.00,4.42325,97.140523
08:01:14,912810UC0,TSRYS5860825,D,S,T,2024-10-21,3000000.00,4.42325,97.140523
08:01:14,912810UC0,TSRYS5860825,D,S,D,2024-10-21,903000.00,4.440706,96.859375
08:01:14,912810UC0,TSRYS5860825,D,S,T,2024-10-21,1000000.00,4.434398,96.9608375
08:01:15,912810UC0,TSRYS5860825,D,B,C,2024-10-21,1000000.00,4.434877,96.953125
08:01:15,912810UC0,TSRYS5860825,D,S,D,2024-10-21,2000000.00,4.44022,96.8671875
08:01:15,912810UC0,TSRYS5860825,D,S,T,2024-10-21,1000000.00,4.399832,97.51953125
08:01:15,912810UC0,TSRYS5860825,D,S,D,2024-10-21,1000000.00,4.442164,96.8359375
08:01:15,912810UC0,TSRYS5860825,D,S,D,2024-10-21,1000000.00,4.441921,96.83984375
08:01:15,912810UC0,TSRYS5860825,D,S,D,2024-10-21,1000000.00,4.441678,96.84375
08:01:15,912810UC0,TSRYS5860825,D,S,D,2024-10-21,1000000.00,4.388534,97.703125
08:01:15,912810UC0,TSRYS5860825,D,S,D,2024-10-21,1000000.00,4.441678,96.84375
08:01:15,912810UC0,TSRYS5860825,D,S,D,2024-10-21,1000000.00,4.441678,96.84375
08:01:15,912810UC0,TSRYS5860825,D,S,D,2024-10-21,1000000.00,4.441921,96.83984375
08:01:15,912810UC0,TSRYS5860825,D,S,C,2024-10-21,1000000.00,4.388534,97.703125
08:01:15,912810UC0,TSRYS5860825,D,S,T,2024-10-21,1000000.00,4.388547,97.702925
08:01:15,912810UC0,TSRYS5860825,D,S,D,2024-10-21,1000000.00,4.443137,96.8203125
08:01:15,912810UC0,TSRYS5860825,D,S,D,2024-10-21,1000000.00,4.443137,96.8203125
08:01:15,912810UC0,TSRYS5860825,D,S,D,2024-10-21,1000000.00,4.388534,97.703125
08:01:15,912810UC0,TSRYS5860825,D,S,D,2024-10-21,1000000.00,4.440706,96.859375
08:01:15,912810UC0,TSRYS5860825,D,S,T,2024-10-21,1000000.00,4.388534,97.703125
08:01:15,912810UC0,TSRYS5860825,D,S,D,2024-10-21,1000000.00,4.440706,96.859375
08:01:16,912810UC0,TSRYS5860825,D,S,T,2024-10-21,1000000.00,4.388534,97.703125
08:01:16,912810UC0,TSRYS5860825,D,S,D,2024-10-21,1000000.00,4.388534,97.703125
08:01:16,912810UC0,TSRYS5860825,D,S,D,2024-10-21,1000000.00,4.439491,96.87890625
08:01:16,912810UC0,TSRYS5860825,D,S,D,2024-10-21,1000000.00,4.388534,97.703125
08:01:16,912810UC0,TSRYS5860825,D,S,T,2024-10-21,1000000.00,4.388547,97.702925
08:01:16,912810UC0,TSRYS5860825,D,S,D,2024-10-21,1000000.00,4.388534,97.703125
08:01:16,912810UC0,TSRYS5860825,D,S,T,2024-10-21,1000000.00,4.388894,97.69726562
08:01:16,912810UC0,TSRYS5860825,D,S,D,2024-10-21,1000000.00,4.388534,97.703125
08:01:16,912810UC0,TSRYS5860825,D,S,C,2024-10-21,1000000.00,4.388894,97.69726562
08:01:16,912810UC0,TSRYS5860825,D,S,D,2024-10-21,1000000.00,4.441921,96.83984375
08:01:16,912810UC0,TSRYS5860825,D,S,D,2024-10-21,1000000.00,4.438519,96.89453125
08:01:16,912810UC0,TSRYS5860825,D,B,C,2024-10-21,1000000.00,4.44265,96.828125
08:01:16,912810UC0,TSRYS5860825,D,S,D,2024-10-21,1000000.00,4.390575,97.66992187
08:01:16,912810UC0,TSRYS5860825,D,S,D,2024-10-21,1000000.00,4.44265,96.828125
08:01:16,912810UC0,TSRYS5860825,D,B,C,2024-10-21,1000000.00,4.441678,96.84375
08:01:16,912810UC0,TSRYS5860825,D,S,T,2024-10-21,1000000.00,4.441696,96.84345
08:01:16,912810UC0,TSRYS5860825,D,S,D,2024-10-21,1000000.00,4.441678,96.84375
08:01:16,912810UC0,TSRYS5860825,D,B,C,2024-10-21,1000000.00,4.391416,97.65625
08:01:16,912810UC0,TSRYS5860825,D,S,D,2024-10-21,1000000.00,4.44022,96.8671875
08:01:16,912810UC0,TSRYS5860825,D,S,D,2024-10-21,1000000.00,4.439248,96.8828125
08:01:16,912810UC0,TSRYS5860825,D,S,D,2024-10-21,1000000.00,4.439248,96.8828125
08:01:16,912810UC0,TSRYS5860825,D,S,D,2024-10-21,1000000.00,4.439491,96.87890625
08:01:16,912810UC0,TSRYS5860825,D,S,D,2024-10-21,1000000.00,4.439491,96.87890625
08:01:16,912810UC0,TSRYS5860825,D,S,D,2024-10-21,1000000.00,4.439491,96.87890625
08:01:16,912810UC0,TSRYS5860825,D,S,D,2024-10-21,1000000.00,4.439491,96.87890625
08:01:16,912810UC0,TSRYS5860825,D,S,D,2024-10-21,2000000.00,4.439248,96.8828125
08:01:17,912810UC0,TSRYS5860825,D,S,T,2024-10-21,1000000.00,4.391656,97.65234375
08:01:17,912810UC0,TSRYS5860825,D,S,D,2024-10-21,1000000.00,4.439734,96.875
08:01:17,912810UC0,TSRYS5860825,D,S,D,2024-10-21,1000000.00,4.439491,96.87890625
08:01:17,912810UC0,TSRYS5860825,D,S,D,2024-10-21,1000000.00,4.439491,96.87890625
08:01:17,912810UC0,TSRYS5860825,D,B,C,2024-10-21,1000000.00,4.439734,96.875
08:01:17,912810UC0,TSRYS5860825,D,S,D,2024-10-21,1000000.00,4.439734,96.875
08:01:17,912810UC0,TSRYS5860825,D,B,C,2024-10-21,1000000.00,4.441435,96.84765625
08:01:17,912810UC0,TSRYS5860825,D,S,D,2024-10-21,1000000.00,4.441435,96.84765625
08:01:17,912810UC0,TSRYS5860825,D,B,C,2024-10-21,3000000.00,4.442164,96.8359375
08:01:17,912810UC0,TSRYS5860825,D,B,C,2024-10-21,1000000.00,4.440706,96.859375
08:01:17,912810UC0,TSRYS5860825,D,S,D,2024-10-21,1000000.00,4.440706,96.859375
08:01:17,912810UC0,TSRYS5860825,D,S,D,2024-10-21,1000000.00,4.393819,97.6171875
08:01:17,912810UC0,TSRYS5860825,D,S,T,2024-10-21,1000000.00,4.440724,96.859075
08:01:18,912810UC0,TSRYS5860825,D,S,D,2024-10-21,1000000.00,4.399832,97.51953125
08:01:18,912810UC0,TSRYS5860825,D,S,D,2024-10-21,1000000.00,4.401035,97.5
08:01:18,912810UC0,TSRYS5860825,D,S,D,2024-10-21,1000000.00,4.401035,97.5
08:01:18,912810UC0,TSRYS5860825,D,S,D,2024-10-21,1000000.00,4.401276,97.49609375
08:01:18,912810UC0,TSRYS5860825,D,S,T,2024-10-21,1000000.00,4.401045,97.499848
08:01:18,912810UC0,TSRYS5860825,D,S,T,2024-10-21,1000000.00,4.401045,97.499848
08:01:18,912810UC0,TSRYS5860825,D,S,D,2024-10-21,1000000.00,4.399832,97.51953125
08:01:18,912810UC0,TSRYS5860825,D,S,D,2024-10-21,1000000.00,4.399591,97.5234375
08:01:18,912810UC0,TSRYS5860825,D,S,D,2024-10-21,1000000.00,4.399832,97.51953125
08:01:18,912810UC0,TSRYS5860825,D,S,D,2024-10-21,1000000.00,4.399832,97.51953125
08:01:18,912810UC0,TSRYS5860825,D,S,T,2024-10-21,1000000.00,4.441692,96.843523
08:01:18,912810UC0,TSRYS5860825,D,S,T,2024-10-21,1000000.00,4.439748,96.874773
08:01:18,912810UC0,TSRYS5860825,D,S,D,2024-10-21,1000000.00,4.401276,97.49609375
08:01:18,912810UC0,TSRYS5860825,D,S,D,2024-10-21,1000000.00,4.401276,97.49609375
08:01:18,912810UC0,TSRYS5860825,D,S,D,2024-10-21,1000000.00,4.401276,97.49609375
08:01:18,912810UC0,TSRYS5860825,D,S,D,2024-10-21,1000000.00,4.401276,97.49609375
08:01:18,912810UC0,TSRYS5860825,D,S,T,2024-10-21,1000000.00,4.401045,97.499848
08:01:18,912810UC0,TSRYS5860825,D,S,C,2024-10-21,5000000.00,4.390596,97.66958
08:01:18,912810UC0,TSRYS5860825,D,S,T,2024-10-21,1000000.00,4.439748,96.874773
08:01:18,912810UC0,TSRYS5860825,D,S,T,2024-10-21,1000000.00,4.401999,97.484375
08:01:18,912810UC0,TSRYS5860825,D,S,C,2024-10-21,1000000.00,4.401276,97.49609375
08:01:18,912810UC0,TSRYS5860825,D,S,T,2024-10-21,1000000.00,4.401045,97.499848
08:01:18,912810UC0,TSRYS5860825,D,S,C,2024-10-21,1000000.00,4.401276,97.49609375
08:01:18,912810UC0,TSRYS5860825,D,S,D,2024-10-21,1000000.00,4.401276,97.49609375
08:01:18,912810UC0,TSRYS5860825,D,S,D,2024-10-21,1000000.00,4.401276,97.49609375
08:01:18,912810UC0,TSRYS5860825,D,S,T,2024-10-21,1000000.00,4.401045,97.499848
08:01:18,912810UC0,TSRYS5860825,D,S,D,2024-10-21,1000000.00,4.401035,97.5
08:01:18,912810UC0,TSRYS5860825,D,S,T,2024-10-21,1000000.00,4.439748,96.874773
08:01:18,912810UC0,TSRYS5860825,D,S,T,2024-10-21,1000000.00,4.401035,97.5
08:01:18,912810UC0,TSRYS5860825,D,S,D,2024-10-21,1000000.00,4.401276,97.49609375
08:01:18,912810UC0,TSRYS5860825,D,S,D,2024-10-21,1000000.00,4.401276,97.49609375
08:01:18,912810UC0,TSRYS5860825,D,S,D,2024-10-21,1000000.00,4.401276,97.49609375
08:01:18,912810UC0,TSRYS5860825,D,S,D,2024-10-21,1000000.00,4.401276,97.49609375
08:01:18,912810UC0,TSRYS5860825,D,S,D,2024-10-21,1000000.00,4.401276,97.49609375
08:01:18,912810UC0,TSRYS5860825,D,S,D,2024-10-21,1000000.00,4.401276,97.49609375
08:01:18,912810UC0,TSRYS5860825,D,S,D,2024-10-21,1000000.00,4.401035,97.5
08:01:18,912810UC0,TSRYS5860825,D,S,T,2024-10-21,1000000.00,4.439748,96.874773
08:01:18,912810UC0,TSRYS5860825,D,S,T,2024-10-21,1000000.00,4.401045,97.499848
08:01:18,912810UC0,TSRYS5860825,D,S,T,2024-10-21,1000000.00,4.399832,97.51953125
08:01:18,912810UC0,TSRYS5860825,D,S,D,2024-10-21,1000000.00,4.399832,97.51953125
08:01:18,912810UC0,TSRYS5860825,D,S,D,2024-10-21,1000000.00,4.399832,97.51953125
08:01:19,912810UC0,TSRYS5860825,D,S,D,2024-10-21,1000000.00,4.399711,97.52148437
08:01:19,912810UC0,TSRYS5860825,D,S,T,2024-10-21,1000000.00,4.439748,96.874773
08:01:19,912810UC0,TSRYS5860825,D,S,T,2024-10-21,1000000.00,4.439748,96.874773
08:01:19,912810UC0,TSRYS5860825,D,S,D,2024-10-21,1000000.00,4.399832,97.51953125
08:01:19,912810UC0,TSRYS5860825,D,S,T,2024-10-21,1000000.00,4.400072,97.515625
08:01:19,912810UC0,TSRYS5860825,D,S,D,2024-10-21,1000000.00,4.399832,97.51953125
08:01:19,912810UC0,TSRYS5860825,D,S,D,2024-10-21,1000000.00,4.399832,97.51953125
08:01:19,912810UC0,TSRYS5860825,D,S,D,2024-10-21,1000000.00,4.399832,97.51953125
08:01:19,912810UC0,TSRYS5860825,D,S,D,2024-10-21,1000000.00,4.399591,97.5234375
08:01:19,912810UC0,TSRYS5860825,D,S,D,2024-10-21,1000000.00,4.399832,97.51953125
08:01:19,912810UC0,TSRYS5860825,D,S,T,2024-10-21,1000000.00,4.398157,97.546723
08:01:19,912810UC0,TSRYS5860825,D,S,T,2024-10-21,1000000.00,4.398157,97.546723
08:01:19,912810UC0,TSRYS5860825,D,S,T,2024-10-21,1000000.00,4.398157,97.546723
08:01:19,912810UC0,TSRYS5860825,D,S,T,2024-10-21,1000000.00,4.398157,97.546723
08:01:19,912810UC0,TSRYS5860825,D,S,D,2024-10-21,1000000.00,4.398147,97.546875
08:01:19,912810UC0,TSRYS5860825,D,S,T,2024-10-21,1000000.00,4.398157,97.546723
08:01:19,912810UC0,TSRYS5860825,D,S,T,2024-10-21,1000000.00,4.398157,97.546723
08:01:19,912810UC0,TSRYS5860825,D,S,T,2024-10-21,1000000.00,4.398157,97.546723
08:01:19,912810UC0,TSRYS5860825,D,S,T,2024-10-21,1000000.00,4.398147,97.546875
08:01:19,912810UC0,TSRYS5860825,D,S,D,2024-10-21,1000000.00,4.399832,97.51953125
08:01:19,912810UC0,TSRYS5860825,D,S,D,2024-10-21,1000000.00,4.399832,97.51953125
08:01:19,912810UC0,TSRYS5860825,D,S,D,2024-10-21,1000000.00,4.399832,97.51953125
08:01:19,912810UC0,TSRYS5860825,D,S,D,2024-10-21,1000000.00,4.399832,97.51953125
08:01:19,912810UC0,TSRYS5860825,D,S,T,2024-10-21,1000000.00,4.39911,97.53125
08:01:19,912810UC0,TSRYS5860825,D,S,T,2024-10-21,1000000.00,4.401045,97.499848
08:01:19,912810UC0,TSRYS5860825,D,S,C,2024-10-21,1000000.00,4.401276,97.49609375
08:01:19,912810UC0,TSRYS5860825,D,S,T,2024-10-21,1000000.00,4.40513,97.43359375
08:01:19,912810UC0,TSRYS5860825,D,S,T,2024-10-21,1000000.00,4.405492,97.42773437
08:01:19,912810UC0,TSRYS5860825,D,S,D,2024-10-21,1000000.00,4.405853,97.421875
08:01:19,912810UC0,TSRYS5860825,D,S,T,2024-10-21,1000000.00,4.405853,97.421875
08:01:19,912810UC0,TSRYS5860825,D,S,D,2024-10-21,1000000.00,4.401517,97.4921875
08:01:19,912810UC0,TSRYS5860825,D,S,D,2024-10-21,1000000.00,4.405853,97.421875
08:01:19,912810UC0,TSRYS5860825,D,S,D,2024-10-21,1000000.00,4.405853,97.421875
08:01:19,912810UC0,TSRYS5860825,D,S,T,2024-10-21,1000000.00,4.405863,97.421723
08:01:19,912810UC0,TSRYS5860825,D,S,D,2024-10-21,1000000.00,4.405853,97.421875
08:01:19,912810UC0,TSRYS5860825,D,S,T,2024-10-21,1000000.00,4.405863,97.421723
08:01:19,912810UC0,TSRYS5860825,D,S,T,2024-10-21,1000000.00,4.405863,97.421723
08:01:19,912810UC0,TSRYS5860825,D,S,D,2024-10-21,1000000.00,4.405853,97.421875
08:01:19,912810UC0,TSRYS5860825,D,S,D,2024-10-21,1000000.00,4.406818,97.40625
08:01:19,912810UC0,TSRYS5860825,D,S,C,2024-10-21,1000000.00,4.4073,97.3984375
08:01:19,912810UC0,TSRYS5860825,D,S,D,2024-10-21,1000000.00,4.4073,97.3984375
08:01:19,912810UC0,TSRYS5860825,D,S,D,2024-10-21,1000000.00,4.405853,97.421875
08:01:19,912810UC0,TSRYS5860825,D,S,T,2024-10-21,1000000.00,4.405853,97.421875
08:01:19,912810UC0,TSRYS5860825,D,S,D,2024-10-21,1000000.00,4.405853,97.421875
08:01:19,912810UC0,TSRYS5860825,D,S,T,2024-10-21,1000000.00,4.399832,97.51953125
08:01:19,912810UC0,TSRYS5860825,D,S,D,2024-10-21,1000000.00,4.408747,97.375
08:01:19,912810UC0,TSRYS5860825,D,S,D,2024-10-21,1000000.00,4.409229,97.3671875
08:01:19,912810UC0,TSRYS5860825,D,S,T,2024-10-21,1000000.00,4.408756,97.374848
08:01:19,912810UC0,TSRYS5860825,D,S,T,2024-10-21,1000000.00,4.408756,97.374848
08:01:19,912810UC0,TSRYS5860825,D,S,T,2024-10-21,1000000.00,4.408756,97.374848
08:01:19,912810UC0,TSRYS5860825,D,S,T,2024-10-21,1000000.00,4.408756,97.374848
08:01:19,912810UC0,TSRYS5860825,D,S,T,2024-10-21,1000000.00,4.408756,97.374848
08:01:19,912810UC0,TSRYS5860825,D,S,T,2024-10-21,1000000.00,4.408756,97.374848
08:01:19,912810UC0,TSRYS5860825,D,S,T,2024-10-21,1000000.00,4.409721,97.359223
08:01:19,912810UC0,TSRYS5860825,D,S,T,2024-10-21,1000000.00,4.408756,97.374848
08:01:19,912810UC0,TSRYS5860825,D,S,D,2024-10-21,1000000.00,4.410677,97.34375
08:01:19,912810UC0,TSRYS5860825,D,S,D,2024-10-21,1000000.00,4.412608,97.3125
08:01:19,912810UC0,TSRYS5860825,D,S,T,2024-10-21,1000000.00,4.411652,97.327973
08:01:19,912810UC0,TSRYS5860825,D,B,C,2024-10-21,1000000.00,4.386614,97.734375
08:01:19,912810UC0,TSRYS5860825,D,S,T,2024-10-21,1000000.00,4.390695,97.66796875
08:01:19,912810UC0,TSRYS5860825,D,S,D,2024-10-21,1000000.00,4.414781,97.27734375
08:01:19,912810UC0,TSRYS5860825,D,S,T,2024-10-21,1000000.00,4.390695,97.66796875
08:01:19,912810UC0,TSRYS5860825,D,S,D,2024-10-21,1000000.00,4.414781,97.27734375
08:01:19,912810UC0,TSRYS5860825,D,S,T,2024-10-21,1000000.00,4.390695,97.66796875
08:01:19,912810UC0,TSRYS5860825,D,S,D,2024-10-21,2000000.00,4.41454,97.28125
08:01:19,912810UC0,TSRYS5860825,D,S,T,2024-10-21,1000000.00,4.390695,97.66796875
08:01:20,912810UC0,TSRYS5860825,D,S,T,2024-10-21,1000000.00,4.401999,97.484375
08:01:20,912810UC0,TSRYS5860825,D,S,D,2024-10-21,1000000.00,4.414781,97.27734375
08:01:20,912810UC0,TSRYS5860825,D,S,T,2024-10-21,2000000.00,4.414549,97.281098
08:01:20,912810UC0,TSRYS5860825,D,S,D,2024-10-21,1000000.00,4.414781,97.27734375
08:01:20,912810UC0,TSRYS5860825,D,S,D,2024-10-21,1000000.00,4.414781,97.27734375
08:01:20,912810UC0,TSRYS5860825,D,S,T,2024-10-21,2000000.00,4.414549,97.281098
08:01:20,912810UC0,TSRYS5860825,D,S,D,2024-10-21,1000000.00,4.41454,97.28125
08:01:20,912810UC0,TSRYS5860825,D,S,T,2024-10-21,1000000.00,4.414549,97.281098
08:01:20,912810UC0,TSRYS5860825,D,S,T,2024-10-21,1000000.00,4.414549,97.281098
08:01:20,912810UC0,TSRYS5860825,D,S,D,2024-10-21,1000000.00,4.41454,97.28125
08:01:20,912810UC0,TSRYS5860825,D,S,D,2024-10-21,1000000.00,4.41454,97.28125
08:01:20,912810UC0,TSRYS5860825,D,S,D,2024-10-21,1000000.00,4.413332,97.30078125
08:01:20,912810UC0,TSRYS5860825,D,S,D,2024-10-21,1000000.00,4.413332,97.30078125
08:01:20,912810UC0,TSRYS5860825,D,S,D,2024-10-21,1000000.00,4.413332,97.30078125
08:01:20,912810UC0,TSRYS5860825,D,S,D,2024-10-21,1000000.00,4.413332,97.30078125
08:01:20,912810UC0,TSRYS5860825,D,S,D,2024-10-21,1000000.00,4.41454,97.28125
08:01:20,912810UC0,TSRYS5860825,D,S,D,2024-10-21,1000000.00,4.41454,97.28125
08:01:20,912810UC0,TSRYS5860825,D,S,T,2024-10-21,1000000.00,4.417448,97.234223
08:01:20,912810UC0,TSRYS5860825,D,S,T,2024-10-21,1000000.00,4.417448,97.234223
08:01:20,912810UC0,TSRYS5860825,D,S,D,2024-10-21,1000000.00,4.417681,97.23046875
08:01:20,912810UC0,TSRYS5860825,D,S,T,2024-10-21,1000000.00,4.417448,97.234223
08:01:20,912810UC0,TSRYS5860825,D,S,T,2024-10-21,1000000.00,4.417448,97.234223
08:01:20,912810UC0,TSRYS5860825,D,S,T,2024-10-21,1000000.00,4.417448,97.234223
08:01:20,912810UC0,TSRYS5860825,D,S,D,2024-10-21,1000000.00,4.417681,97.23046875
08:01:20,912810UC0,TSRYS5860825,D,S,C,2024-10-21,1000000.00,4.417681,97.23046875
08:01:20,912810UC0,TSRYS5860825,D,S,D,2024-10-21,1000000.00,4.417681,97.23046875
08:01:20,912810UC0,TSRYS5860825,D,S,C,2024-10-21,1000000.00,4.390575,97.66992187
08:01:20,912810UC0,TSRYS5860825,D,S,T,2024-10-21,1000000.00,4.417448,97.234223
08:01:20,912810UC0,TSRYS5860825,D,S,D,2024-10-21,1000000.00,4.417681,97.23046875
08:01:20,912810UC0,TSRYS5860825,D,S,D,2024-10-21,1000000.00,4.417681,97.23046875
08:01:20,912810UC0,TSRYS5860825,D,S,D,2024-10-21,1000000.00,4.417681,97.23046875
08:01:20,912810UC0,TSRYS5860825,D,S,D,2024-10-21,1000000.00,4.417681,97.23046875
08:01:20,912810UC0,TSRYS5860825,D,S,D,2024-10-21,1000000.00,4.419373,97.203125
08:01:20,912810UC0,TSRYS5860825,D,S,T,2024-10-21,1000000.00,4.419373,97.203125
08:01:20,912810UC0,TSRYS5860825,D,S,T,2024-10-21,1000000.00,4.419373,97.203125
08:01:20,912810UC0,TSRYS5860825,D,S,D,2024-10-21,1000000.00,4.419373,97.203125
08:01:20,912810UC0,TSRYS5860825,D,S,T,2024-10-21,1000000.00,4.419382,97.202973
08:01:20,912810UC0,TSRYS5860825,D,S,D,2024-10-21,1000000.00,4.419373,97.203125
08:01:20,912810UC0,TSRYS5860825,D,S,T,2024-10-21,1000000.00,4.419382,97.202973
08:01:20,912810UC0,TSRYS5860825,D,S,T,2024-10-21,1000000.00,4.419382,97.202973
08:01:20,912810UC0,TSRYS5860825,D,S,D,2024-10-21,6000000.00,4.385735,97.7487
08:01:20,912810UC0,TSRYS5860825,D,S,T,2024-10-21,1000000.00,4.422155,97.15820312
08:01:20,912810UC0,TSRYS5860825,D,S,D,2024-10-21,1000000.00,4.422276,97.15625
08:01:20,912810UC0,TSRYS5860825,D,S,T,2024-10-21,1000000.00,4.422155,97.15820312
08:01:20,912810UC0,TSRYS5860825,D,S,D,2024-10-21,1000000.00,4.422276,97.15625
