tradeTime,cusip,issueSymbolIdentifier,priceType,reportingSideCode,contraPartyTypeCode,tradeDate,reportedTradeVolume,lastSaleYield,lastSalePrice
08:00:01,912810UC0,TSRYS5860825,D,S,T,2024-08-26,1000000.00,4.081084,102.904296875
08:00:01,912810UC0,TSRYS5860825,D,S,T,2024-08-26,1000000.00,4.080639,102.912109375
08:00:01,912810UC0,TSRYS5860825,D,S,T,2024-08-26,1000000.00,4.080639,102.912109375
08:00:01,912810UC0,TSRYS5860825,D,S,D,2024-08-26,1000000.00,4.082642,102.876953125
08:00:02,912810UC0,TSRYS5860825,D,S,D,2024-08-26,1000000.00,4.080639,102.912109375
08:00:02,912810UC0,TSRYS5860825,D,S,D,2024-08-26,1000000.00,4.081418,102.8984375
08:00:02,912810UC0,TSRYS5860825,D,S,D,2024-08-26,1000000.00,4.088101,102.78125
08:00:02,912810UC0,TSRYS5860825,D,S,T,2024-08-26,1000000.00,4.088101,102.78125
08:00:02,912810UC0,TSRYS5860825,D,S,D,2024-08-26,1000000.00,4.088101,102.78125
08:00:02,912810UC0,TSRYS5860825,D,S,D,2024-08-26,1000000.00,4.08409,102.8515625
08:00:02,912810UC0,TSRYS5860825,D,S,D,2024-08-26,1000000.00,4.08409,102.8515625
08:00:02,912810UC0,TSRYS5860825,D,S,D,2024-08-26,1000000.00,4.083756,102.857421875
08:00:02,912810UC0,TSRYS5860825,D,S,D,2024-08-26,1000000.00,4.084201,102.849609375
08:00:02,912810UC0,TSRYS5860825,D,S,D,2024-08-26,1000000.00,4.084201,102.849609375
08:00:02,912810UC0,TSRYS5860825,D,S,T,2024-08-26,1000000.00,4.084424,102.845703125
08:00:03,912810UC0,TSRYS5860825,D,S,D,2024-08-26,1000000.00,4.089884,102.75
08:00:03,912810UC0,TSRYS5860825,D,S,A,2024-08-26,10000.00,4.100134,102.6207125
08:00:03,912810UC0,TSRYS5860825,D,S,A,2024-08-26,7000.00,4.100134,102.64214107143
08:00:03,912810UC0,TSRYS5860825,D,S,D,2024-08-26,1000000.00,4.080862,102.908203125
08:00:03,912810UC0,TSRYS5860825,D,S,D,2024-08-26,1000000.00,4.082086,102.88671875
08:00:03,912810UC0,TSRYS5860825,D,S,D,2024-08-26,1000000.00,4.082086,102.88671875
08:00:03,912810UC0,TSRYS5860825,D,S,D,2024-08-26,1000000.00,4.081418,102.8984375
08:00:03,912810UC0,TSRYS5860825,D,S,D,2024-08-26,1000000.00,4.103735,102.5078125
08:00:03,912810UC0,TSRYS5860825,D,S,D,2024-08-26,1000000.00,4.103735,102.5078125
08:00:03,912810UC0,TSRYS5860825,D,S,D,2024-08-26,1000000.00,4.102393,102.53125
08:00:03,912810UC0,TSRYS5860825,D,S,D,2024-08-26,1000000.00,4.102393,102.53125
08:00:03,912810UC0,TSRYS5860825,D,S,D,2024-08-26,1000000.00,4.103735,102.5078125
08:00:03,912810UC0,TSRYS5860825,D,S,D,2024-08-26,1000000.00,4.103735,102.5078125
08:00:03,912810UC0,TSRYS5860825,D,S,D,2024-08-26,1000000.00,4.103735,102.5078125
08:00:03,912810UC0,TSRYS5860825,D,S,D,2024-08-26,1000000.00,4.103735,102.5078125
08:00:03,912810UC0,TSRYS5860825,D,S,D,2024-08-26,1000000.00,4.103847,102.505859375
08:00:03,912810UC0,TSRYS5860825,D,S,D,2024-08-26,1000000.00,4.106645,102.45703125
08:00:03,912810UC0,TSRYS5860825,D,S,D,2024-08-26,1000000.00,4.105973,102.46875
08:00:03,912810UC0,TSRYS5860825,D,S,T,2024-08-26,1000000.00,4.105414,102.478515625
08:00:03,912810UC0,TSRYS5860825,D,S,D,2024-08-26,1000000.00,4.105302,102.48046875
08:00:03,912810UC0,TSRYS5860825,D,S,D,2024-08-26,1000000.00,4.105302,102.48046875
08:00:03,912810UC0,TSRYS5860825,D,S,D,2024-08-26,1000000.00,4.10519,102.482421875
08:00:03,912810UC0,TSRYS5860825,D,S,D,2024-08-26,1000000.00,4.10519,102.482421875
08:00:03,912810UC0,TSRYS5860825,D,S,D,2024-08-26,1000000.00,4.104854,102.48828125
08:00:03,912810UC0,TSRYS5860825,D,S,D,2024-08-26,10000.00,4.100134,102.5707125
08:00:06,912810UC0,TSRYS5860825,D,S,T,2024-08-26,1000000.00,4.104183,102.5
08:00:07,912810UC0,TSRYS5860825,D,S,D,2024-08-26,3000000.00,4.080986,102.90625
08:00:07,912810UC0,TSRYS5860825,D,S,D,2024-08-26,1000000.00,4.08075,102.91015625
08:00:07,912810UC0,TSRYS5860825,D,S,D,2024-08-26,1000000.00,4.080639,102.912109375
08:00:07,912810UC0,TSRYS5860825,D,S,D,2024-08-26,1000000.00,4.081641,102.89453125
08:00:07,912810UC0,TSRYS5860825,D,S,D,2024-08-26,1000000.00,4.080639,102.912109375
08:00:07,912810UC0,TSRYS5860825,D,S,D,2024-08-26,1000000.00,4.080639,102.912109375
08:00:07,912810UC0,TSRYS5860825,D,S,D,2024-08-26,1000000.00,4.081084,102.904296875
08:00:07,912810UC0,TSRYS5860825,D,S,D,2024-08-26,1000000.00,4.081863,102.890625
08:00:08,912810UC0,TSRYS5860825,D,S,D,2024-08-26,1000000.00,4.080639,102.912109375
08:00:08,912810UC0,TSRYS5860825,D,S,T,2024-08-26,2000000.00,4.101498,102.546875
08:00:08,912810UC0,TSRYS5860825,D,S,D,2024-08-26,1000000.00,4.080639,102.912109375
08:00:08,912810UC0,TSRYS5860825,D,S,T,2024-08-26,1000000.00,4.102393,102.53125
08:00:08,912810UC0,TSRYS5860825,D,B,A,2024-08-26,500000.00,4.084113,102.8511625
08:00:09,912810UC0,TSRYS5860825,D,S,T,2024-08-26,1000000.00,4.100604,102.5625
08:00:12,912810UC0,TSRYS5860825,D,S,T,2024-08-26,1000000.00,4.07897,102.94140625
08:00:12,912810UC0,TSRYS5860825,D,S,T,2024-08-26,1000000.00,4.074746,103.015625
08:00:12,912810UC0,TSRYS5860825,D,S,T,2024-08-26,1000000.00,4.083644,102.859375
08:00:12,912810UC0,TSRYS5860825,D,S,D,2024-08-26,1000000.00,4.085426,102.828125
08:00:12,912810UC0,TSRYS5860825,D,S,D,2024-08-26,1000000.00,4.084535,102.84375
08:00:12,912810UC0,TSRYS5860825,D,S,D,2024-08-26,1000000.00,4.086763,102.8046875
08:00:12,912810UC0,TSRYS5860825,D,S,T,2024-08-26,1000000.00,4.08576,102.822265625
08:00:12,912810UC0,TSRYS5860825,D,S,T,2024-08-26,1000000.00,4.08576,102.822265625
08:00:12,912810UC0,TSRYS5860825,D,S,D,2024-08-26,1000000.00,4.08409,102.8515625
08:00:12,912810UC0,TSRYS5860825,D,S,T,2024-08-26,1000000.00,4.084201,102.849609375
08:00:12,912810UC0,TSRYS5860825,D,S,T,2024-08-26,1000000.00,4.084312,102.84765625
08:00:12,912810UC0,TSRYS5860825,D,S,T,2024-08-26,1000000.00,4.084312,102.84765625
08:00:12,912810UC0,TSRYS5860825,D,S,T,2024-08-26,1000000.00,4.084312,102.84765625
08:00:12,912810UC0,TSRYS5860825,D,S,T,2024-08-26,1000000.00,4.084758,102.83984375
08:00:12,912810UC0,TSRYS5860825,D,S,D,2024-08-26,1000000.00,4.088547,102.7734375
08:00:12,912810UC0,TSRYS5860825,D,S,T,2024-08-26,1000000.00,4.086318,102.8125
08:00:12,912810UC0,TSRYS5860825,D,S,T,2024-08-26,1000000.00,4.086318,102.8125
08:00:12,912810UC0,TSRYS5860825,D,S,T,2024-08-26,1000000.00,4.083644,102.859375
08:00:12,912810UC0,TSRYS5860825,D,S,T,2024-08-26,1000000.00,4.081863,102.890625
08:00:12,912810UC0,TSRYS5860825,D,S,D,2024-08-26,1000000.00,4.081863,102.890625
08:00:12,912810UC0,TSRYS5860825,D,S,D,2024-08-26,1000000.00,4.081418,102.8984375
08:00:12,912810UC0,TSRYS5860825,D,S,T,2024-08-26,1000000.00,4.07986,102.92578125
08:00:12,912810UC0,TSRYS5860825,D,S,T,2024-08-26,1000000.00,4.07986,102.92578125
08:00:12,912810UC0,TSRYS5860825,D,S,D,2024-08-26,1000000.00,4.078303,102.953125
08:00:12,912810UC0,TSRYS5860825,D,S,T,2024-08-26,1000000.00,4.078303,102.953125
08:00:12,912810UC0,TSRYS5860825,D,S,T,2024-08-26,1000000.00,4.078081,102.95703125
08:00:12,912810UC0,TSRYS5860825,D,S,T,2024-08-26,1000000.00,4.080973,102.90625
08:00:12,912810UC0,TSRYS5860825,D,S,T,2024-08-26,1000000.00,4.080083,102.921875
08:00:12,912810UC0,TSRYS5860825,D,S,T,2024-08-26,1000000.00,4.083644,102.859375
08:00:12,912810UC0,TSRYS5860825,D,S,T,2024-08-26,1000000.00,4.085426,102.828125
08:00:12,912810UC0,TSRYS5860825,D,S,T,2024-08-26,2000000.00,4.086318,102.8125
08:00:12,912810UC0,TSRYS5860825,D,S,T,2024-08-26,1000000.00,4.103288,102.515625
08:00:12,912810UC0,TSRYS5860825,D,S,T,2024-08-26,1000000.00,4.102393,102.53125
08:00:12,912810UC0,TSRYS5860825,D,S,T,2024-08-26,1000000.00,4.102393,102.53125
08:00:12,912810UC0,TSRYS5860825,D,S,T,2024-08-26,1000000.00,4.100604,102.5625
08:00:13,912810UC0,TSRYS5860825,D,S,D,2024-08-26,1000000.00,4.083422,102.86328125
08:00:13,912810UC0,TSRYS5860825,D,S,D,2024-08-26,1000000.00,4.083644,102.859375
08:00:13,912810UC0,TSRYS5860825,D,S,D,2024-08-26,1000000.00,4.082754,102.875
08:00:15,912810UC0,TSRYS5860825,D,B,A,2024-08-26,1000000.00,4.086318,102.8125
08:00:15,912810UC0,TSRYS5860825,D,S,T,2024-08-26,1000000.00,4.084535,102.84375
08:00:15,912810UC0,TSRYS5860825,D,S,D,2024-08-26,1000000.00,4.083422,102.86328125
08:00:15,912810UC0,TSRYS5860825,D,S,A,2024-08-26,1000000.00,4.080973,102.90625
08:00:15,912810UC0,TSRYS5860825,D,S,T,2024-08-26,1000000.00,4.082754,102.875
08:00:15,912810UC0,TSRYS5860825,D,S,T,2024-08-26,1000000.00,4.083422,102.86328125
08:00:16,912810UC0,TSRYS5860825,D,S,D,2024-08-26,1000000.00,4.081863,102.890625
08:00:16,912810UC0,TSRYS5860825,D,S,D,2024-08-26,1000000.00,4.080973,102.90625
08:00:16,912810UC0,TSRYS5860825,D,S,T,2024-08-26,1000000.00,4.082754,102.875
08:00:16,912810UC0,TSRYS5860825,D,S,T,2024-08-26,1000000.00,4.083422,102.86328125
08:00:16,912810UC0,TSRYS5860825,D,S,T,2024-08-26,1000000.00,4.082531,102.87890625
08:00:16,912810UC0,TSRYS5860825,D,S,T,2024-08-26,1000000.00,4.083088,102.869140625
08:00:16,912810UC0,TSRYS5860825,D,S,T,2024-08-26,1000000.00,4.083644,102.859375
08:00:16,912810UC0,TSRYS5860825,D,S,T,2024-08-26,1000000.00,4.078303,102.953125
08:00:16,912810UC0,TSRYS5860825,D,S,D,2024-08-26,1000000.00,4.082754,102.875
08:00:16,912810UC0,TSRYS5860825,D,S,T,2024-08-26,1000000.00,4.079971,102.923828125
08:00:16,912810UC0,TSRYS5860825,D,S,T,2024-08-26,1000000.00,4.080083,102.921875
08:00:17,912810UC0,TSRYS5860825,D,S,T,2024-08-26,1000000.00,4.079971,102.923828125
08:00:17,912810UC0,TSRYS5860825,D,S,D,2024-08-26,1000000.00,4.083644,102.859375
08:00:17,912810UC0,TSRYS5860825,D,S,C,2024-08-26,3600000.00,4.074052,103.02734375
08:00:18,912810UC0,TSRYS5860825,D,S,T,2024-08-26,1000000.00,4.082754,102.875
08:00:19,912810UC0,TSRYS5860825,D,S,T,2024-08-26,1000000.00,4.079971,102.923828125
08:00:19,912810UC0,TSRYS5860825,D,S,T,2024-08-26,1000000.00,4.07986,102.92578125
08:00:19,912810UC0,TSRYS5860825,D,S,T,2024-08-26,1000000.00,4.078303,102.953125
08:00:19,912810UC0,TSRYS5860825,D,S,T,2024-08-26,1000000.00,4.078303,102.953125
08:00:19,912810UC0,TSRYS5860825,D,S,T,2024-08-26,1000000.00,4.080083,102.921875
08:00:26,912810UC0,TSRYS5860825,D,S,T,2024-08-26,1000000.00,4.100604,102.5625
08:00:28,912810UC0,TSRYS5860825,D,S,T,2024-08-26,1000000.00,4.080973,102.90625
08:00:28,912810UC0,TSRYS5860825,D,S,T,2024-08-26,1000000.00,4.082976,102.87109375
08:00:28,912810UC0,TSRYS5860825,D,S,T,2024-08-26,1000000.00,4.083199,102.8671875
08:00:28,912810UC0,TSRYS5860825,D,S,T,2024-08-26,1000000.00,4.10463,102.4921875
08:00:28,912810UC0,TSRYS5860825,D,S,D,2024-08-26,1000000.00,4.102616,102.52734375
08:00:29,912810UC0,TSRYS5860825,D,B,A,2024-08-26,1000000.00,4.080083,102.921875
08:00:30,912810UC0,TSRYS5860825,D,S,D,2024-08-26,5000000.00,4.084312,102.84765625
08:00:30,912810UC0,TSRYS5860825,D,S,D,2024-08-26,1000000.00,4.084312,102.84765625
08:00:30,912810UC0,TSRYS5860825,D,S,D,2024-08-26,1000000.00,4.083756,102.857421875
08:00:30,912810UC0,TSRYS5860825,D,S,D,2024-08-26,1000000.00,4.084201,102.849609375
08:00:30,912810UC0,TSRYS5860825,D,S,D,2024-08-26,1000000.00,4.084201,102.849609375
08:00:30,912810UC0,TSRYS5860825,D,S,D,2024-08-26,2000000.00,4.084535,102.84375
08:00:30,912810UC0,TSRYS5860825,D,S,D,2024-08-26,1000000.00,4.088101,102.78125
08:00:30,912810UC0,TSRYS5860825,D,S,D,2024-08-26,1000000.00,4.088547,102.7734375
08:00:30,912810UC0,TSRYS5860825,D,S,D,2024-08-26,1000000.00,4.10519,102.482421875
08:00:30,912810UC0,TSRYS5860825,D,S,D,2024-08-26,1000000.00,4.10519,102.482421875
08:00:30,912810UC0,TSRYS5860825,D,S,D,2024-08-26,1000000.00,4.10519,102.482421875
08:00:30,912810UC0,TSRYS5860825,D,S,D,2024-08-26,1000000.00,4.10519,102.482421875
08:00:30,912810UC0,TSRYS5860825,D,S,D,2024-08-26,1000000.00,4.103847,102.505859375
08:00:30,912810UC0,TSRYS5860825,D,S,D,2024-08-26,1000000.00,4.103847,102.505859375
08:00:30,912810UC0,TSRYS5860825,D,S,D,2024-08-26,1000000.00,4.10519,102.482421875
08:00:30,912810UC0,TSRYS5860825,D,S,D,2024-08-26,1000000.00,4.103847,102.505859375
08:00:30,912810UC0,TSRYS5860825,D,S,D,2024-08-26,1000000.00,4.105414,102.478515625
08:00:30,912810UC0,TSRYS5860825,D,S,D,2024-08-26,1000000.00,4.105302,102.48046875
08:00:30,912810UC0,TSRYS5860825,D,S,D,2024-08-26,1000000.00,4.10519,102.482421875
08:00:30,912810UC0,TSRYS5860825,D,S,D,2024-08-26,1000000.00,4.10519,102.482421875
08:00:30,912810UC0,TSRYS5860825,D,S,D,2024-08-26,1000000.00,4.10519,102.482421875
08:00:30,912810UC0,TSRYS5860825,D,S,D,2024-08-26,1000000.00,4.10519,102.482421875
08:00:30,912810UC0,TSRYS5860825,D,S,D,2024-08-26,1000000.00,4.105302,102.48046875
08:00:30,912810UC0,TSRYS5860825,D,S,D,2024-08-26,1000000.00,4.105302,102.48046875
08:00:30,912810UC0,TSRYS5860825,D,S,D,2024-08-26,1000000.00,4.10519,102.482421875
08:00:30,912810UC0,TSRYS5860825,D,S,D,2024-08-26,1000000.00,4.102393,102.53125
08:00:30,912810UC0,TSRYS5860825,D,S,D,2024-08-26,1000000.00,4.099709,102.578125
08:00:30,912810UC0,TSRYS5860825,D,S,D,2024-08-26,1000000.00,4.099709,102.578125
08:00:30,912810UC0,TSRYS5860825,D,S,D,2024-08-26,1000000.00,4.099709,102.578125
08:00:30,912810UC0,TSRYS5860825,D,S,D,2024-08-26,1000000.00,4.099598,102.580078125
08:00:30,912810UC0,TSRYS5860825,D,S,D,2024-08-26,1000000.00,4.099598,102.580078125
08:00:30,912810UC0,TSRYS5860825,D,S,D,2024-08-26,1000000.00,4.099598,102.580078125
08:00:30,912810UC0,TSRYS5860825,D,S,D,2024-08-26,1000000.00,4.099598,102.580078125
08:00:30,912810UC0,TSRYS5860825,D,S,T,2024-08-26,1000000.00,4.078637,102.947265625
08:00:30,912810UC0,TSRYS5860825,D,S,T,2024-08-26,1000000.00,4.078525,102.94921875
08:00:30,912810UC0,TSRYS5860825,D,S,T,2024-08-26,1000000.00,4.078414,102.951171875
08:00:30,912810UC0,TSRYS5860825,D,S,T,2024-08-26,1000000.00,4.081974,102.888671875
08:00:30,912810UC0,TSRYS5860825,D,S,T,2024-08-26,1000000.00,4.087098,102.798828125
08:00:30,912810UC0,TSRYS5860825,D,S,T,2024-08-26,1000000.00,4.086875,102.802734375
08:00:30,912810UC0,TSRYS5860825,D,S,D,2024-08-26,1000000.00,4.084535,102.84375
08:00:30,912810UC0,TSRYS5860825,D,S,T,2024-08-26,1000000.00,4.084424,102.845703125
08:00:30,912810UC0,TSRYS5860825,D,S,T,2024-08-26,1000000.00,4.084424,102.845703125
08:00:30,912810UC0,TSRYS5860825,D,S,T,2024-08-26,1000000.00,4.084981,102.8359375
08:00:30,912810UC0,TSRYS5860825,D,S,T,2024-08-26,1000000.00,4.085204,102.83203125
08:00:30,912810UC0,TSRYS5860825,D,S,T,2024-08-26,1000000.00,4.085872,102.8203125
08:00:30,912810UC0,TSRYS5860825,D,S,T,2024-08-26,1000000.00,4.086095,102.81640625
08:00:30,912810UC0,TSRYS5860825,D,S,T,2024-08-26,1000000.00,4.083756,102.857421875
08:00:30,912810UC0,TSRYS5860825,D,S,T,2024-08-26,1000000.00,4.084312,102.84765625
08:00:30,912810UC0,TSRYS5860825,D,S,T,2024-08-26,1000000.00,4.085983,102.818359375
08:00:30,912810UC0,TSRYS5860825,D,S,T,2024-08-26,1000000.00,4.088101,102.78125
08:00:30,912810UC0,TSRYS5860825,D,S,T,2024-08-26,1000000.00,4.08242,102.880859375
08:00:30,912810UC0,TSRYS5860825,D,S,T,2024-08-26,1000000.00,4.080083,102.921875
08:00:30,912810UC0,TSRYS5860825,D,S,T,2024-08-26,1000000.00,4.079638,102.9296875
08:00:30,912810UC0,TSRYS5860825,D,S,T,2024-08-26,1000000.00,4.104183,102.5
08:00:30,912810UC0,TSRYS5860825,D,S,T,2024-08-26,2000000.00,4.103288,102.515625
08:00:30,912810UC0,TSRYS5860825,D,S,D,2024-08-26,1000000.00,4.105302,102.48046875
08:00:30,912810UC0,TSRYS5860825,D,S,D,2024-08-26,1000000.00,4.103735,102.5078125
08:00:30,912810UC0,TSRYS5860825,D,S,D,2024-08-26,1000000.00,4.103735,102.5078125
08:00:30,912810UC0,TSRYS5860825,D,S,D,2024-08-26,1000000.00,4.103735,102.5078125
08:00:30,912810UC0,TSRYS5860825,D,S,D,2024-08-26,1000000.00,4.103735,102.5078125
08:00:30,912810UC0,TSRYS5860825,D,S,D,2024-08-26,1000000.00,4.103735,102.5078125
08:00:30,912810UC0,TSRYS5860825,D,S,D,2024-08-26,1000000.00,4.103735,102.5078125
08:00:30,912810UC0,TSRYS5860825,D,S,D,2024-08-26,1000000.00,4.103735,102.5078125
08:00:30,912810UC0,TSRYS5860825,D,S,D,2024-08-26,1000000.00,4.103735,102.5078125
08:00:30,912810UC0,TSRYS5860825,D,S,D,2024-08-26,1000000.00,4.103735,102.5078125
08:00:30,912810UC0,TSRYS5860825,D,S,D,2024-08-26,1000000.00,4.105302,102.48046875
08:00:30,912810UC0,TSRYS5860825,D,S,D,2024-08-26,1000000.00,4.105302,102.48046875
08:00:30,912810UC0,TSRYS5860825,D,S,D,2024-08-26,1000000.00,4.102393,102.53125
08:00:30,912810UC0,TSRYS5860825,D,S,D,2024-08-26,1000000.00,4.103735,102.5078125
08:00:30,912810UC0,TSRYS5860825,D,S,D,2024-08-26,1000000.00,4.103735,102.5078125
08:00:30,912810UC0,TSRYS5860825,D,S,D,2024-08-26,1000000.00,4.103735,102.5078125
08:00:30,912810UC0,TSRYS5860825,D,S,D,2024-08-26,1000000.00,4.103735,102.5078125
08:00:30,912810UC0,TSRYS5860825,D,S,D,2024-08-26,1000000.00,4.103735,102.5078125
08:00:30,912810UC0,TSRYS5860825,D,S,D,2024-08-26,1000000.00,4.105302,102.48046875
08:00:30,912810UC0,TSRYS5860825,D,S,D,2024-08-26,1000000.00,4.106645,102.45703125
08:00:30,912810UC0,TSRYS5860825,D,S,T,2024-08-26,2000000.00,4.105078,102.484375
08:00:30,912810UC0,TSRYS5860825,D,S,T,2024-08-26,1000000.00,4.105078,102.484375
08:00:30,912810UC0,TSRYS5860825,D,S,T,2024-08-26,2000000.00,4.104854,102.48828125
08:00:30,912810UC0,TSRYS5860825,D,S,D,2024-08-26,1000000.00,4.104854,102.48828125
08:00:30,912810UC0,TSRYS5860825,D,S,D,2024-08-26,1000000.00,4.104854,102.48828125
08:00:30,912810UC0,TSRYS5860825,D,S,D,2024-08-26,1000000.00,4.104854,102.48828125
08:00:30,912810UC0,TSRYS5860825,D,S,D,2024-08-26,1000000.00,4.105302,102.48046875
08:00:30,912810UC0,TSRYS5860825,D,S,T,2024-08-26,1000000.00,4.102169,102.53515625
08:00:30,912810UC0,TSRYS5860825,D,S,T,2024-08-26,1000000.00,4.102169,102.53515625
08:00:30,912810UC0,TSRYS5860825,D,S,T,2024-08-26,1000000.00,4.10038,102.56640625
08:00:30,912810UC0,TSRYS5860825,D,S,T,2024-08-26,1000000.00,4.10038,102.56640625
08:00:30,912810UC0,TSRYS5860825,D,S,T,2024-08-26,1000000.00,4.078303,102.953125
08:00:30,912810UC0,TSRYS5860825,D,S,T,2024-08-26,1000000.00,4.078414,102.951171875
08:00:30,912810UC0,TSRYS5860825,D,S,T,2024-08-26,1000000.00,4.075635,103.0
08:00:30,912810UC0,TSRYS5860825,D,S,T,2024-08-26,1000000.00,4.076969,102.9765625
08:00:30,912810UC0,TSRYS5860825,D,S,T,2024-08-26,1000000.00,4.079193,102.9375
08:00:30,912810UC0,TSRYS5860825,D,S,T,2024-08-26,1000000.00,4.079193,102.9375
08:00:30,912810UC0,TSRYS5860825,D,S,T,2024-08-26,1000000.00,4.080083,102.921875
08:00:30,912810UC0,TSRYS5860825,D,S,T,2024-08-26,1000000.00,4.083756,102.857421875
08:00:30,912810UC0,TSRYS5860825,D,S,T,2024-08-26,1000000.00,4.085426,102.828125
08:00:30,912810UC0,TSRYS5860825,D,S,T,2024-08-26,1000000.00,4.085426,102.828125
08:00:30,912810UC0,TSRYS5860825,D,S,T,2024-08-26,1000000.00,4.085426,102.828125
08:00:30,912810UC0,TSRYS5860825,D,S,T,2024-08-26,1000000.00,4.085426,102.828125
08:00:30,912810UC0,TSRYS5860825,D,S,T,2024-08-26,1000000.00,4.085426,102.828125
08:00:30,912810UC0,TSRYS5860825,D,S,T,2024-08-26,1000000.00,4.085426,102.828125
08:00:30,912810UC0,TSRYS5860825,D,S,T,2024-08-26,1000000.00,4.080973,102.90625
08:00:30,912810UC0,TSRYS5860825,D,S,T,2024-08-26,2000000.00,4.081863,102.890625
08:00:30,912810UC0,TSRYS5860825,D,S,D,2024-08-26,1000000.00,4.086763,102.8046875
08:00:30,912810UC0,TSRYS5860825,D,S,D,2024-08-26,1000000.00,4.086763,102.8046875
08:00:30,912810UC0,TSRYS5860825,D,S,T,2024-08-26,1000000.00,4.08576,102.822265625
08:00:30,912810UC0,TSRYS5860825,D,S,T,2024-08-26,1000000.00,4.084535,102.84375
08:00:30,912810UC0,TSRYS5860825,D,S,T,2024-08-26,1000000.00,4.084535,102.84375
08:00:30,912810UC0,TSRYS5860825,D,S,T,2024-08-26,1000000.00,4.084535,102.84375
08:00:30,912810UC0,TSRYS5860825,D,S,D,2024-08-26,1000000.00,4.085426,102.828125
08:00:30,912810UC0,TSRYS5860825,D,S,D,2024-08-26,1000000.00,4.085426,102.828125
08:00:30,912810UC0,TSRYS5860825,D,S,T,2024-08-26,1000000.00,4.084535,102.84375
08:00:30,912810UC0,TSRYS5860825,D,S,T,2024-08-26,1000000.00,4.087209,102.796875
08:00:30,912810UC0,TSRYS5860825,D,S,T,2024-08-26,1000000.00,4.085426,102.828125
08:00:30,912810UC0,TSRYS5860825,D,S,T,2024-08-26,1000000.00,4.086318,102.8125
08:00:30,912810UC0,TSRYS5860825,D,S,T,2024-08-26,1000000.00,4.083867,102.85546875
08:00:30,912810UC0,TSRYS5860825,D,S,T,2024-08-26,1000000.00,4.084201,102.849609375
08:00:30,912810UC0,TSRYS5860825,D,S,T,2024-08-26,1000000.00,4.08409,102.8515625
08:00:30,912810UC0,TSRYS5860825,D,S,T,2024-08-26,1000000.00,4.084535,102.84375
08:00:30,912810UC0,TSRYS5860825,D,S,T,2024-08-26,1000000.00,4.080973,102.90625
08:00:30,912810UC0,TSRYS5860825,D,S,T,2024-08-26,1000000.00,4.080973,102.90625
08:00:30,912810UC0,TSRYS5860825,D,S,T,2024-08-26,1000000.00,4.07986,102.92578125
08:00:30,912810UC0,TSRYS5860825,D,S,T,2024-08-26,1000000.00,4.07986,102.92578125
08:00:30,912810UC0,TSRYS5860825,D,S,T,2024-08-26,1000000.00,4.07986,102.92578125
08:00:30,912810UC0,TSRYS5860825,D,S,T,2024-08-26,1000000.00,4.07986,102.92578125
08:00:30,912810UC0,TSRYS5860825,D,S,T,2024-08-26,1000000.00,4.07986,102.92578125
08:00:30,912810UC0,TSRYS5860825,D,S,T,2024-08-26,1000000.00,4.080083,102.921875
08:00:30,912810UC0,TSRYS5860825,D,S,T,2024-08-26,1000000.00,4.07986,102.92578125
08:00:30,912810UC0,TSRYS5860825,D,S,T,2024-08-26,1000000.00,4.079749,102.927734375
08:00:30,912810UC0,TSRYS5860825,D,S,T,2024-08-26,1000000.00,4.080083,102.921875
08:00:30,912810UC0,TSRYS5860825,D,S,T,2024-08-26,1000000.00,4.080194,102.919921875
08:00:30,912810UC0,TSRYS5860825,D,S,T,2024-08-26,1000000.00,4.080083,102.921875
08:00:30,912810UC0,TSRYS5860825,D,S,T,2024-08-26,1000000.00,4.080083,102.921875
08:00:30,912810UC0,TSRYS5860825,D,S,T,2024-08-26,1000000.00,4.080973,102.90625
08:00:30,912810UC0,TSRYS5860825,D,S,T,2024-08-26,2000000.00,4.080973,102.90625
08:00:30,912810UC0,TSRYS5860825,D,S,T,2024-08-26,1000000.00,4.083644,102.859375
08:00:30,912810UC0,TSRYS5860825,D,S,T,2024-08-26,1000000.00,4.086318,102.8125
08:00:30,912810UC0,TSRYS5860825,D,S,T,2024-08-26,1000000.00,4.088101,102.78125
08:00:30,912810UC0,TSRYS5860825,D,S,T,2024-08-26,1000000.00,4.088101,102.78125
08:00:30,912810UC0,TSRYS5860825,D,S,T,2024-08-26,1000000.00,4.086318,102.8125
08:00:30,912810UC0,TSRYS5860825,D,S,T,2024-08-26,1000000.00,4.086318,102.8125
08:00:30,912810UC0,TSRYS5860825,D,S,T,2024-08-26,1000000.00,4.086318,102.8125
08:00:30,912810UC0,TSRYS5860825,D,S,T,2024-08-26,1000000.00,4.086318,102.8125
08:00:31,912810UC0,TSRYS5860825,D,S,T,2024-08-26,1000000.00,4.086318,102.8125
08:00:31,912810UC0,TSRYS5860825,D,S,T,2024-08-26,1000000.00,4.087209,102.796875
08:00:31,912810UC0,TSRYS5860825,D,S,T,2024-08-26,2000000.00,4.087209,102.796875
08:00:31,912810UC0,TSRYS5860825,D,S,T,2024-08-26,1000000.00,4.088101,102.78125
08:00:31,912810UC0,TSRYS5860825,D,S,T,2024-08-26,1000000.00,4.089884,102.75
08:00:31,912810UC0,TSRYS5860825,D,S,T,2024-08-26,1000000.00,4.098815,102.59375
08:00:31,912810UC0,TSRYS5860825,D,S,T,2024-08-26,1000000.00,4.103288,102.515625
08:00:31,912810UC0,TSRYS5860825,D,S,T,2024-08-26,1000000.00,4.103288,102.515625
08:00:31,912810UC0,TSRYS5860825,D,S,T,2024-08-26,1000000.00,4.103288,102.515625
08:00:31,912810UC0,TSRYS5860825,D,S,T,2024-08-26,1000000.00,4.104183,102.5
08:00:31,912810UC0,TSRYS5860825,D,S,T,2024-08-26,1000000.00,4.104183,102.5
08:00:31,912810UC0,TSRYS5860825,D,S,T,2024-08-26,1000000.00,4.104183,102.5
08:00:31,912810UC0,TSRYS5860825,D,S,D,2024-08-26,1000000.00,4.103735,102.5078125
08:00:31,912810UC0,TSRYS5860825,D,S,T,2024-08-26,1000000.00,4.104183,102.5
08:00:31,912810UC0,TSRYS5860825,D,S,D,2024-08-26,1000000.00,4.104183,102.5
08:00:31,912810UC0,TSRYS5860825,D,S,D,2024-08-26,1000000.00,4.103735,102.5078125
08:00:31,912810UC0,TSRYS5860825,D,S,D,2024-08-26,1000000.00,4.103735,102.5078125
08:00:31,912810UC0,TSRYS5860825,D,S,D,2024-08-26,1000000.00,4.103735,102.5078125
08:00:31,912810UC0,TSRYS5860825,D,S,D,2024-08-26,1000000.00,4.104183,102.5
08:00:31,912810UC0,TSRYS5860825,D,S,D,2024-08-26,1000000.00,4.105302,102.48046875
08:00:31,912810UC0,TSRYS5860825,D,S,D,2024-08-26,1000000.00,4.102393,102.53125
08:00:31,912810UC0,TSRYS5860825,D,S,T,2024-08-26,1000000.00,4.1034,102.513671875
08:00:31,912810UC0,TSRYS5860825,D,S,T,2024-08-26,1000000.00,4.103288,102.515625
08:00:31,912810UC0,TSRYS5860825,D,S,D,2024-08-26,1000000.00,4.102393,102.53125
08:00:31,912810UC0,TSRYS5860825,D,S,D,2024-08-26,1000000.00,4.102393,102.53125
08:00:31,912810UC0,TSRYS5860825,D,S,D,2024-08-26,1000000.00,4.102393,102.53125
08:00:31,912810UC0,TSRYS5860825,D,S,T,2024-08-26,1000000.00,4.102393,102.53125
08:00:31,912810UC0,TSRYS5860825,D,S,T,2024-08-26,1000000.00,4.103847,102.505859375
08:00:31,912810UC0,TSRYS5860825,D,S,D,2024-08-26,1000000.00,4.104183,102.5
08:00:31,912810UC0,TSRYS5860825,D,S,D,2024-08-26,1000000.00,4.104183,102.5
08:00:31,912810UC0,TSRYS5860825,D,S,D,2024-08-26,1000000.00,4.104183,102.5
08:00:31,912810UC0,TSRYS5860825,D,S,D,2024-08-26,1000000.00,4.103735,102.5078125
08:00:31,912810UC0,TSRYS5860825,D,S,T,2024-08-26,1000000.00,4.102393,102.53125
08:00:31,912810UC0,TSRYS5860825,D,S,T,2024-08-26,1000000.00,4.102393,102.53125
08:00:31,912810UC0,TSRYS5860825,D,S,T,2024-08-26,1000000.00,4.102393,102.53125
08:00:31,912810UC0,TSRYS5860825,D,S,T,2024-08-26,1000000.00,4.102393,102.53125
08:00:31,912810UC0,TSRYS5860825,D,S,T,2024-08-26,1000000.00,4.102393,102.53125
08:00:31,912810UC0,TSRYS5860825,D,S,T,2024-08-26,1000000.00,4.101498,102.546875
08:00:31,912810UC0,TSRYS5860825,D,S,T,2024-08-26,1000000.00,4.101498,102.546875
08:00:31,912810UC0,TSRYS5860825,D,S,T,2024-08-26,1000000.00,4.101498,102.546875
08:00:31,912810UC0,TSRYS5860825,D,S,T,2024-08-26,1000000.00,4.103064,102.51953125
08:00:31,912810UC0,TSRYS5860825,D,S,T,2024-08-26,1000000.00,4.103288,102.515625
08:00:31,912810UC0,TSRYS5860825,D,S,T,2024-08-26,1000000.00,4.103288,102.515625
08:00:31,912810UC0,TSRYS5860825,D,S,T,2024-08-26,1000000.00,4.104183,102.5
08:00:31,912810UC0,TSRYS5860825,D,S,T,2024-08-26,1000000.00,4.105302,102.48046875
08:00:31,912810UC0,TSRYS5860825,D,S,D,2024-08-26,1000000.00,4.105078,102.484375
08:00:31,912810UC0,TSRYS5860825,D,S,T,2024-08-26,1000000.00,4.105078,102.484375
08:00:31,912810UC0,TSRYS5860825,D,S,D,2024-08-26,1000000.00,4.104183,102.5
08:00:31,912810UC0,TSRYS5860825,D,S,T,2024-08-26,1000000.00,4.105078,102.484375
08:00:31,912810UC0,TSRYS5860825,D,S,T,2024-08-26,1000000.00,4.105302,102.48046875
08:00:31,912810UC0,TSRYS5860825,D,S,T,2024-08-26,1000000.00,4.105078,102.484375
08:00:31,912810UC0,TSRYS5860825,D,S,T,2024-08-26,1000000.00,4.10519,102.482421875
08:00:31,912810UC0,TSRYS5860825,D,S,T,2024-08-26,1000000.00,4.102393,102.53125
08:00:31,912810UC0,TSRYS5860825,D,S,T,2024-08-26,1000000.00,4.102393,102.53125
08:00:31,912810UC0,TSRYS5860825,D,S,T,2024-08-26,1000000.00,4.101498,102.546875
08:00:31,912810UC0,TSRYS5860825,D,S,T,2024-08-26,1000000.00,4.098815,102.59375
08:00:31,912810UC0,TSRYS5860825,D,S,T,2024-08-26,1000000.00,4.098815,102.59375
08:00:31,912810UC0,TSRYS5860825,D,S,T,2024-08-26,1000000.00,4.099709,102.578125
08:00:31,912810UC0,TSRYS5860825,D,S,T,2024-08-26,1000000.00,4.099709,102.578125
08:00:31,912810UC0,TSRYS5860825,D,S,D,2024-08-26,1000000.00,4.076524,102.984375
08:00:31,912810UC0,TSRYS5860825,D,S,D,2024-08-26,1000000.00,4.086763,102.8046875
08:00:31,912810UC0,TSRYS5860825,D,S,D,2024-08-26,1000000.00,4.086763,102.8046875
08:00:31,912810UC0,TSRYS5860825,D,S,D,2024-08-26,1000000.00,4.086763,102.8046875
08:00:31,912810UC0,TSRYS5860825,D,S,D,2024-08-26,1000000.00,4.084312,102.84765625
08:00:31,912810UC0,TSRYS5860825,D,S,D,2024-08-26,1000000.00,4.08409,102.8515625
08:00:31,912810UC0,TSRYS5860825,D,S,D,2024-08-26,1000000.00,4.084312,102.84765625
08:00:31,912810UC0,TSRYS5860825,D,S,D,2024-08-26,1000000.00,4.08409,102.8515625
08:00:31,912810UC0,TSRYS5860825,D,S,D,2024-08-26,1000000.00,4.083422,102.86328125
08:00:31,912810UC0,TSRYS5860825,D,S,D,2024-08-26,1000000.00,4.083422,102.86328125
08:00:31,912810UC0,TSRYS5860825,D,S,D,2024-08-26,1000000.00,4.08409,102.8515625
08:00:31,912810UC0,TSRYS5860825,D,S,D,2024-08-26,1000000.00,4.08075,102.91015625
08:00:31,912810UC0,TSRYS5860825,D,S,D,2024-08-26,1000000.00,4.081863,102.890625
08:00:31,912810UC0,TSRYS5860825,D,S,D,2024-08-26,1000000.00,4.082086,102.88671875
08:00:31,912810UC0,TSRYS5860825,D,S,D,2024-08-26,1000000.00,4.082308,102.8828125
08:00:31,912810UC0,TSRYS5860825,D,S,D,2024-08-26,1000000.00,4.081418,102.8984375
08:00:31,912810UC0,TSRYS5860825,D,S,D,2024-08-26,1000000.00,4.081641,102.89453125
08:00:31,912810UC0,TSRYS5860825,D,S,D,2024-08-26,1000000.00,4.105302,102.48046875
08:00:31,912810UC0,TSRYS5860825,D,S,D,2024-08-26,1000000.00,4.103735,102.5078125
08:00:31,912810UC0,TSRYS5860825,D,S,D,2024-08-26,1000000.00,4.103735,102.5078125
08:00:31,912810UC0,TSRYS5860825,D,S,D,2024-08-26,1000000.00,4.103735,102.5078125
08:00:31,912810UC0,TSRYS5860825,D,S,D,2024-08-26,1000000.00,4.103735,102.5078125
08:00:31,912810UC0,TSRYS5860825,D,S,D,2024-08-26,1000000.00,4.103735,102.5078125
08:00:31,912810UC0,TSRYS5860825,D,S,D,2024-08-26,1000000.00,4.103735,102.5078125
08:00:31,912810UC0,TSRYS5860825,D,S,D,2024-08-26,1000000.00,4.106421,102.4609375
08:00:31,912810UC0,TSRYS5860825,D,S,D,2024-08-26,1000000.00,4.105302,102.48046875
08:00:31,912810UC0,TSRYS5860825,D,S,D,2024-08-26,1000000.00,4.105078,102.484375
08:00:31,912810UC0,TSRYS5860825,D,S,D,2024-08-26,1000000.00,4.105302,102.48046875
08:00:31,912810UC0,TSRYS5860825,D,S,D,2024-08-26,1000000.00,4.104854,102.48828125
08:00:31,912810UC0,TSRYS5860825,D,S,D,2024-08-26,1000000.00,4.103064,102.51953125
08:00:31,912810UC0,TSRYS5860825,D,S,D,2024-08-26,1000000.00,4.102616,102.52734375
08:00:31,912810UC0,TSRYS5860825,D,S,D,2024-08-26,1000000.00,4.102616,102.52734375
08:00:31,912810UC0,TSRYS5860825,D,S,D,2024-08-26,1000000.00,4.099933,102.57421875
08:00:31,912810UC0,TSRYS5860825,D,S,D,2024-08-26,1000000.00,4.099709,102.578125
08:00:31,912810UC0,TSRYS5860825,D,S,D,2024-08-26,1000000.00,4.099709,102.578125
08:00:31,912810UC0,TSRYS5860825,D,S,D,2024-08-26,1000000.00,4.099709,102.578125
08:00:32,912810UC0,TSRYS5860825,D,S,T,2024-08-26,1000000.00,4.080528,102.9140625
08:00:33,912810UC0,TSRYS5860825,D,S,C,2024-08-26,1000000.00,4.08409,102.8515625
08:00:33,912810UC0,TSRYS5860825,D,S,C,2024-08-26,1000000.00,4.084312,102.84765625
08:00:33,912810UC0,TSRYS5860825,D,S,C,2024-08-26,1000000.00,4.08409,102.8515625
08:00:33,912810UC0,TSRYS5860825,D,S,C,2024-08-26,1000000.00,4.08409,102.8515625
08:00:33,912810UC0,TSRYS5860825,D,S,D,2024-08-26,1500000.00,4.101051,102.5546875
08:00:33,912810UC0,TSRYS5860825,D,S,D,2024-08-26,1042000.00,4.104407,102.49609375
08:00:33,912810UC0,TSRYS5860825,D,S,D,2024-08-26,1042000.00,4.101051,102.5546875
08:00:34,912810UC0,TSRYS5860825,D,S,D,2024-08-26,1000000.00,4.07986,102.92578125
08:00:34,912810UC0,TSRYS5860825,D,S,T,2024-08-26,1000000.00,4.080083,102.921875
08:00:35,912810UC0,TSRYS5860825,D,S,T,2024-08-26,1000000.00,4.080083,102.921875
08:00:37,912810UC0,TSRYS5860825,D,B,A,2024-08-26,1000000.00,4.080973,102.90625
08:00:38,912810UC0,TSRYS5860825,D,B,A,2024-08-26,1000000.00,4.080083,102.921875
08:00:39,912810UC0,TSRYS5860825,D,B,C,2024-08-26,5701000.00,4.081663,102.89413125
08:00:39,912810UC0,TSRYS5860825,D,B,A,2024-08-26,1000000.00,4.080083,102.921875
08:00:39,912810UC0,TSRYS5860825,D,S,A,2024-08-26,1000000.00,4.086318,102.8125
08:00:39,912810UC0,TSRYS5860825,D,B,C,2024-08-26,16000000.00,4.080973,102.90625
08:00:39,912810UC0,TSRYS5860825,D,S,D,2024-08-26,2000000.00,4.075872,102.99583
08:00:39,912810UC0,TSRYS5860825,D,S,T,2024-08-26,1000000.00,4.085426,102.828125
08:00:39,912810UC0,TSRYS5860825,D,S,T,2024-08-26,1000000.00,4.085426,102.828125
08:00:39,912810UC0,TSRYS5860825,D,S,T,2024-08-26,1000000.00,4.085426,102.828125
08:00:39,912810UC0,TSRYS5860825,D,S,T,2024-08-26,1000000.00,4.085426,102.828125
08:00:39,912810UC0,TSRYS5860825,D,S,T,2024-08-26,1000000.00,4.085426,102.828125
08:00:39,912810UC0,TSRYS5860825,D,S,T,2024-08-26,1000000.00,4.085426,102.828125
08:00:39,912810UC0,TSRYS5860825,D,S,T,2024-08-26,1000000.00,4.085426,102.828125
08:00:39,912810UC0,TSRYS5860825,D,S,T,2024-08-26,1000000.00,4.085426,102.828125
08:00:39,912810UC0,TSRYS5860825,D,S,T,2024-08-26,1000000.00,4.085426,102.828125
08:00:39,912810UC0,TSRYS5860825,D,S,T,2024-08-26,1000000.00,4.085426,102.828125
08:00:39,912810UC0,TSRYS5860825,D,S,T,2024-08-26,1000000.00,4.085426,102.828125
08:00:39,912810UC0,TSRYS5860825,D,S,T,2024-08-26,2000000.00,4.085426,102.828125
08:00:39,912810UC0,TSRYS5860825,D,S,T,2024-08-26,1000000.00,4.085426,102.828125
08:00:39,912810UC0,TSRYS5860825,D,S,T,2024-08-26,1000000.00,4.085426,102.828125
08:00:39,912810UC0,TSRYS5860825,D,S,T,2024-08-26,1000000.00,4.085983,102.818359375
08:00:39,912810UC0,TSRYS5860825,D,S,T,2024-08-26,1000000.00,4.086095,102.81640625
08:00:39,912810UC0,TSRYS5860825,D,S,T,2024-08-26,3000000.00,4.085426,102.828125
08:00:39,912810UC0,TSRYS5860825,D,S,T,2024-08-26,1000000.00,4.086318,102.8125
08:00:39,912810UC0,TSRYS5860825,D,S,T,2024-08-26,1000000.00,4.086318,102.8125
08:00:39,912810UC0,TSRYS5860825,D,S,T,2024-08-26,1000000.00,4.086318,102.8125
08:00:39,912810UC0,TSRYS5860825,D,S,T,2024-08-26,2000000.00,4.086318,102.8125
08:00:39,912810UC0,TSRYS5860825,D,S,T,2024-08-26,1000000.00,4.085426,102.828125
08:00:39,912810UC0,TSRYS5860825,D,S,T,2024-08-26,1000000.00,4.086318,102.8125
08:00:39,912810UC0,TSRYS5860825,D,S,T,2024-08-26,1000000.00,4.086318,102.8125
08:00:39,912810UC0,TSRYS5860825,D,S,T,2024-08-26,1000000.00,4.086318,102.8125
08:00:39,912810UC0,TSRYS5860825,D,S,T,2024-08-26,1000000.00,4.085092,102.833984375
08:00:39,912810UC0,TSRYS5860825,D,S,T,2024-08-26,1000000.00,4.085426,102.828125
08:00:39,912810UC0,TSRYS5860825,D,S,D,2024-08-26,1000000.00,4.081863,102.890625
08:00:39,912810UC0,TSRYS5860825,D,S,D,2024-08-26,1000000.00,4.081863,102.890625
08:00:39,912810UC0,TSRYS5860825,D,S,A,2024-08-26,1728000.00,4.081418,102.8984375
08:00:39,912810UC0,TSRYS5860825,D,S,T,2024-08-26,1000000.00,4.078525,102.94921875
08:00:39,912810UC0,TSRYS5860825,D,S,T,2024-08-26,1000000.00,4.078525,102.94921875
08:00:40,912810UC0,TSRYS5860825,D,S,A,2024-08-26,41600.00,4.079193,102.9375
08:00:40,912810UC0,TSRYS5860825,D,S,T,2024-08-26,1000000.00,4.080417,102.916015625
08:00:40,912810UC0,TSRYS5860825,D,S,A,2024-08-26,600000.00,4.079193,102.9375
08:00:40,912810UC0,TSRYS5860825,D,B,A,2024-08-26,5000000.00,4.083867,102.85546875
08:00:40,912810UC0,TSRYS5860825,D,S,C,2024-08-26,13000000.00,4.087878,102.78515625
08:00:40,912810UC0,TSRYS5860825,D,B,C,2024-08-26,7000000.00,4.088881,102.767578125
08:00:40,912810UC0,TSRYS5860825,D,S,D,2024-08-26,1000000.00,4.085831,102.8210306895
08:00:40,912810UC0,TSRYS5860825,D,S,D,2024-08-26,1000000.00,4.086318,102.8125
08:00:40,912810UC0,TSRYS5860825,D,B,C,2024-08-26,7000000.00,4.091558,102.720703125
08:00:40,912810UC0,TSRYS5860825,D,S,T,2024-08-26,1000000.00,4.099709,102.578125
08:00:40,912810UC0,TSRYS5860825,D,S,T,2024-08-26,1000000.00,4.099709,102.578125
08:00:40,912810UC0,TSRYS5860825,D,S,T,2024-08-26,1000000.00,4.099709,102.578125
08:00:40,912810UC0,TSRYS5860825,D,S,T,2024-08-26,1000000.00,4.098815,102.59375
08:00:40,912810UC0,TSRYS5860825,D,S,T,2024-08-26,1000000.00,4.098815,102.59375
08:00:40,912810UC0,TSRYS5860825,D,S,T,2024-08-26,1000000.00,4.098815,102.59375
08:00:40,912810UC0,TSRYS5860825,D,S,T,2024-08-26,1000000.00,4.098815,102.59375
08:00:40,912810UC0,TSRYS5860825,D,S,T,2024-08-26,1000000.00,4.098815,102.59375
08:00:40,912810UC0,TSRYS5860825,D,S,T,2024-08-26,1000000.00,4.104183,102.5
08:00:40,912810UC0,TSRYS5860825,D,S,T,2024-08-26,1000000.00,4.104183,102.5
08:00:40,912810UC0,TSRYS5860825,D,S,T,2024-08-26,1000000.00,4.104183,102.5
08:00:40,912810UC0,TSRYS5860825,D,S,T,2024-08-26,1000000.00,4.104183,102.5
08:00:40,912810UC0,TSRYS5860825,D,S,T,2024-08-26,1000000.00,4.104183,102.5
08:00:40,912810UC0,TSRYS5860825,D,S,T,2024-08-26,1000000.00,4.104183,102.5
08:00:40,912810UC0,TSRYS5860825,D,S,T,2024-08-26,1000000.00,4.104183,102.5
08:00:40,912810UC0,TSRYS5860825,D,S,T,2024-08-26,1000000.00,4.104183,102.5
08:00:40,912810UC0,TSRYS5860825,D,S,T,2024-08-26,1000000.00,4.104183,102.5
08:00:40,912810UC0,TSRYS5860825,D,S,T,2024-08-26,1000000.00,4.104183,102.5
08:00:40,912810UC0,TSRYS5860825,D,S,T,2024-08-26,1000000.00,4.104183,102.5
08:00:40,912810UC0,TSRYS5860825,D,S,T,2024-08-26,1000000.00,4.104183,102.5
08:00:40,912810UC0,TSRYS5860825,D,S,D,2024-08-26,1000000.00,4.080973,102.90625
08:00:40,912810UC0,TSRYS5860825,D,S,T,2024-08-26,1000000.00,4.104183,102.5
08:00:40,912810UC0,TSRYS5860825,D,S,T,2024-08-26,1000000.00,4.105078,102.484375
08:00:40,912810UC0,TSRYS5860825,D,S,T,2024-08-26,1000000.00,4.105078,102.484375
08:00:40,912810UC0,TSRYS5860825,D,S,T,2024-08-26,1000000.00,4.104183,102.5
08:00:40,912810UC0,TSRYS5860825,D,S,T,2024-08-26,1000000.00,4.104183,102.5
08:00:40,912810UC0,TSRYS5860825,D,S,T,2024-08-26,1000000.00,4.103288,102.515625
08:00:40,912810UC0,TSRYS5860825,D,S,T,2024-08-26,1000000.00,4.106869,102.453125
08:00:40,912810UC0,TSRYS5860825,D,S,T,2024-08-26,1000000.00,4.106869,102.453125
08:00:40,912810UC0,TSRYS5860825,D,B,C,2024-08-26,28700000.00,4.099262,102.5859375
08:00:40,912810UC0,TSRYS5860825,D,S,T,2024-08-26,1000000.00,4.105078,102.484375
08:00:40,912810UC0,TSRYS5860825,D,S,T,2024-08-26,1000000.00,4.105078,102.484375
08:00:40,912810UC0,TSRYS5860825,D,S,T,2024-08-26,1000000.00,4.104183,102.5
08:00:40,912810UC0,TSRYS5860825,D,S,T,2024-08-26,1000000.00,4.105078,102.484375
08:00:40,912810UC0,TSRYS5860825,D,B,C,2024-08-26,28600000.00,4.101027,102.555104
08:00:40,912810UC0,TSRYS5860825,D,S,C,2024-08-26,11400000.00,4.094662,102.666372
08:00:40,912810UC0,TSRYS5860825,D,S,T,2024-08-26,1000000.00,4.103288,102.515625
08:00:40,912810UC0,TSRYS5860825,D,S,A,2024-08-26,520000.00,4.101051,102.5546875
08:00:40,912810UC0,TSRYS5860825,D,S,T,2024-08-26,1000000.00,4.100604,102.5625
08:00:40,912810UC0,TSRYS5860825,D,S,T,2024-08-26,1000000.00,4.100604,102.5625
08:00:40,912810UC0,TSRYS5860825,D,S,D,2024-08-26,1000000.00,4.082626,102.877232143
08:00:40,912810UC0,TSRYS5860825,D,S,A,2024-08-26,1000000.00,4.099318,102.584960938
08:00:41,912810UC0,TSRYS5860825,D,B,C,2024-08-26,8800000.00,4.102181,102.53495625
08:00:41,912810UC0,TSRYS5860825,D,S,D,2024-08-26,5701000.00,4.081663,102.89413125
08:00:41,912810UC0,TSRYS5860825,D,B,A,2024-08-26,1000000.00,4.080083,102.921875
08:00:41,912810UC0,TSRYS5860825,D,S,A,2024-08-26,3000000.00,4.08654,102.80859375
08:00:41,912810UC0,TSRYS5860825,D,S,D,2024-08-26,250000.00,4.082865,102.873046875
08:00:42,912810UC0,TSRYS5860825,D,B,C,2024-08-26,250000.00,4.082865,102.873046875
08:00:42,912810UC0,TSRYS5860825,D,S,D,2024-08-26,28600000.00,4.100324,102.56738281234
08:00:42,912810UC0,TSRYS5860825,D,S,D,2024-08-26,1000000.00,4.07986,102.92578125
08:00:42,912810UC0,TSRYS5860825,D,S,D,2024-08-26,1000000.00,4.078303,102.953125
08:00:43,912810UC0,TSRYS5860825,D,S,D,2024-08-26,8800000.00,4.102181,102.53495625
08:00:43,912810UC0,TSRYS5860825,D,S,T,2024-08-26,3000000.00,4.086318,102.8125
08:00:43,912810UC0,TSRYS5860825,D,S,D,2024-08-26,1000000.00,4.087209,102.796875
08:00:43,912810UC0,TSRYS5860825,D,B,C,2024-08-26,50MM+,4.102616,102.52734375
08:00:43,912810UC0,TSRYS5860825,D,S,D,2024-08-26,1000000.00,4.091,102.73046875
08:00:43,912810UC0,TSRYS5860825,D,S,T,2024-08-26,2000000.00,4.103288,102.515625
08:00:43,912810UC0,TSRYS5860825,D,S,T,2024-08-26,1000000.00,4.080083,102.921875
08:00:43,912810UC0,TSRYS5860825,D,S,D,2024-08-26,1000000.00,4.106421,102.4609375
08:00:44,912810UC0,TSRYS5860825,D,S,D,2024-08-26,250000.00,4.106421,102.4609375
08:00:44,912810UC0,TSRYS5860825,D,S,D,2024-08-26,1000000.00,4.102505,102.529296875
08:00:44,912810UC0,TSRYS5860825,D,S,D,2024-08-26,1000000.00,4.100827,102.55859375
08:00:44,912810UC0,TSRYS5860825,D,S,A,2024-08-26,1000000.00,4.079193,102.9375
08:00:44,912810UC0,TSRYS5860825,D,S,D,2024-08-26,2000000.00,4.076524,102.984375
08:00:45,912810UC0,TSRYS5860825,D,S,T,2024-08-26,1000000.00,4.080973,102.90625
08:00:45,912810UC0,TSRYS5860825,D,S,D,2024-08-26,1000000.00,4.102393,102.53125
08:00:45,912810UC0,TSRYS5860825,D,S,T,2024-08-26,1000000.00,4.080973,102.90625
08:00:45,912810UC0,TSRYS5860825,D,S,T,2024-08-26,1000000.00,4.081974,102.888671875
08:00:45,912810UC0,TSRYS5860825,D,S,D,2024-08-26,1000000.00,4.086763,102.8046875
08:00:46,912810UC0,TSRYS5860825,D,S,A,2024-08-26,10000000.00,4.087878,102.78515625
08:00:46,912810UC0,TSRYS5860825,D,S,A,2024-08-26,5000000.00,4.087432,102.79296875
08:00:46,912810UC0,TSRYS5860825,D,S,A,2024-08-26,5000000.00,4.087432,102.79296875
08:00:46,912810UC0,TSRYS5860825,D,S,A,2024-08-26,1000000.00,4.079193,102.9375
08:00:46,912810UC0,TSRYS5860825,D,S,D,2024-08-26,4000000.00,4.085593,102.825195312
08:00:47,912810UC0,TSRYS5860825,D,S,A,2024-08-26,1000000.00,4.079193,102.9375
08:00:47,912810UC0,TSRYS5860825,D,S,T,2024-08-26,1000000.00,4.099709,102.578125
08:00:47,912810UC0,TSRYS5860825,D,S,D,2024-08-26,1000000.00,4.07986,102.92578125
08:00:47,912810UC0,TSRYS5860825,D,S,T,2024-08-26,1000000.00,4.078303,102.953125
08:00:47,912810UC0,TSRYS5860825,D,S,D,2024-08-26,1000000.00,4.102393,102.53125
08:00:47,912810UC0,TSRYS5860825,D,S,A,2024-08-26,3000000.00,4.079193,102.9375
08:00:48,912810UC0,TSRYS5860825,D,S,D,2024-08-26,1000000.00,4.085426,102.828125
08:00:48,912810UC0,TSRYS5860825,D,S,T,2024-08-26,1000000.00,4.092004,102.712890625
08:00:48,912810UC0,TSRYS5860825,D,S,T,2024-08-26,1000000.00,4.093454,102.6875
08:00:48,912810UC0,TSRYS5860825,D,S,T,2024-08-26,2000000.00,4.103288,102.515625
08:00:48,912810UC0,TSRYS5860825,D,S,T,2024-08-26,1000000.00,4.103288,102.515625
08:00:48,912810UC0,TSRYS5860825,D,S,D,2024-08-26,125000.00,4.10463,102.4921875
08:00:48,912810UC0,TSRYS5860825,D,S,T,2024-08-26,1000000.00,4.103288,102.515625
08:00:49,912810UC0,TSRYS5860825,D,S,T,2024-08-26,1000000.00,4.103288,102.515625
08:00:49,912810UC0,TSRYS5860825,D,S,D,2024-08-26,1000000.00,4.106421,102.4609375
08:00:49,912810UC0,TSRYS5860825,D,S,D,2024-08-26,1000000.00,4.105302,102.48046875
08:00:49,912810UC0,TSRYS5860825,D,S,D,2024-08-26,1000000.00,4.105302,102.48046875
08:00:49,912810UC0,TSRYS5860825,D,S,T,2024-08-26,1000000.00,4.102393,102.53125
08:00:49,912810UC0,TSRYS5860825,D,S,D,2024-08-26,1000000.00,4.099821,102.576171875
08:00:49,912810UC0,TSRYS5860825,D,S,C,2024-08-26,1000000.00,4.082086,102.88671875
08:00:49,912810UC0,TSRYS5860825,D,S,D,2024-08-26,7000.00,4.100134,102.5707125
08:00:49,912810UC0,TSRYS5860825,D,S,C,2024-08-26,1000000.00,4.081641,102.89453125
08:00:49,912810UC0,TSRYS5860825,D,S,C,2024-08-26,1000000.00,4.081418,102.8984375
08:00:49,912810UC0,TSRYS5860825,D,S,C,2024-08-26,1000000.00,4.081863,102.890625
08:00:49,912810UC0,TSRYS5860825,D,S,C,2024-08-26,1000000.00,4.081418,102.8984375
08:00:49,912810UC0,TSRYS5860825,D,S,C,2024-08-26,1000000.00,4.081863,102.890625
08:00:49,912810UC0,TSRYS5860825,D,S,C,2024-08-26,1000000.00,4.082086,102.88671875
08:00:49,912810UC0,TSRYS5860825,D,S,C,2024-08-26,1000000.00,4.082086,102.88671875
08:00:49,912810UC0,TSRYS5860825,D,S,C,2024-08-26,1000000.00,4.081418,102.8984375
08:00:49,912810UC0,TSRYS5860825,D,S,C,2024-08-26,1000000.00,4.082308,102.8828125
08:00:49,912810UC0,TSRYS5860825,D,S,D,2024-08-26,1000000.00,4.099598,102.580078125
08:00:49,912810UC0,TSRYS5860825,D,S,D,2024-08-26,1000000.00,4.099598,102.580078125
08:00:50,912810UC0,TSRYS5860825,D,S,D,2024-08-26,1000000.00,4.104183,102.5
08:00:51,912810UC0,TSRYS5860825,D,S,C,2024-08-26,25000.00,4.099933,102.574219
08:00:51,912810UC0,TSRYS5860825,D,S,D,2024-08-26,1000000.00,4.102393,102.53125
08:00:52,912810UC0,TSRYS5860825,D,S,D,2024-08-26,1000000.00,4.106421,102.4609375
08:00:52,912810UC0,TSRYS5860825,D,B,C,2024-08-26,40120999.00,4.105973,102.46875
08:00:52,912810UC0,TSRYS5860825,D,S,D,2024-08-26,1000000.00,4.106869,102.453125
08:00:52,912810UC0,TSRYS5860825,D,S,T,2024-08-26,1000000.00,4.106869,102.453125
08:00:52,912810UC0,TSRYS5860825,D,S,T,2024-08-26,1000000.00,4.106869,102.453125
08:00:53,912810UC0,TSRYS5860825,D,S,T,2024-08-26,1000000.00,4.106869,102.453125
08:00:53,912810UC0,TSRYS5860825,D,S,D,2024-08-26,1000000.00,4.07986,102.92578125
08:00:53,912810UC0,TSRYS5860825,D,S,A,2024-08-26,1000000.00,4.086986,102.80078125
08:00:53,912810UC0,TSRYS5860825,D,S,D,2024-08-26,1000000.00,4.106421,102.4609375
08:00:54,912810UC0,TSRYS5860825,D,B,C,2024-08-26,8000000.00,4.085315,102.83007
08:00:54,912810UC0,TSRYS5860825,D,S,T,2024-08-26,1000000.00,4.106085,102.466796875
08:00:54,912810UC0,TSRYS5860825,D,S,T,2024-08-26,1000000.00,4.106085,102.466796875
08:00:54,912810UC0,TSRYS5860825,D,S,T,2024-08-26,3000000.00,4.105414,102.478515625
08:00:54,912810UC0,TSRYS5860825,D,S,T,2024-08-26,1000000.00,4.105414,102.478515625
08:00:55,912810UC0,TSRYS5860825,D,S,T,2024-08-26,1000000.00,4.105414,102.478515625
08:00:55,912810UC0,TSRYS5860825,D,S,T,2024-08-26,1000000.00,4.105414,102.478515625
08:00:55,912810UC0,TSRYS5860825,D,S,D,2024-08-26,1000000.00,4.105078,102.484375
08:00:55,912810UC0,TSRYS5860825,D,S,T,2024-08-26,1000000.00,4.105414,102.478515625
08:00:55,912810UC0,TSRYS5860825,D,S,C,2024-08-26,1000.00,4.099933,102.574219
08:00:55,912810UC0,TSRYS5860825,D,S,D,2024-08-26,1000000.00,4.105078,102.484375
08:00:55,912810UC0,TSRYS5860825,D,S,T,2024-08-26,1000000.00,4.105414,102.478515625
08:00:55,912810UC0,TSRYS5860825,D,S,T,2024-08-26,1000000.00,4.105414,102.478515625
08:00:55,912810UC0,TSRYS5860825,D,S,T,2024-08-26,1000000.00,4.105078,102.484375
08:00:55,912810UC0,TSRYS5860825,D,S,T,2024-08-26,1000000.00,4.086318,102.8125
08:00:56,912810UC0,TSRYS5860825,D,S,T,2024-08-26,1000000.00,4.105414,102.478515625
08:00:56,912810UC0,TSRYS5860825,D,S,T,2024-08-26,1000000.00,4.105078,102.484375
08:00:56,912810UC0,TSRYS5860825,D,S,T,2024-08-26,1000000.00,4.105078,102.484375
08:00:58,912810UC0,TSRYS5860825,D,S,T,2024-08-26,1000000.00,4.07986,102.92578125
08:00:58,912810UC0,TSRYS5860825,D,S,T,2024-08-26,1000000.00,4.07986,102.92578125
08:00:58,912810UC0,TSRYS5860825,D,S,T,2024-08-26,1000000.00,4.07986,102.92578125
08:00:58,912810UC0,TSRYS5860825,D,S,T,2024-08-26,1000000.00,4.07986,102.92578125
08:00:58,912810UC0,TSRYS5860825,D,S,T,2024-08-26,1000000.00,4.07986,102.92578125
08:00:58,912810UC0,TSRYS5860825,D,S,T,2024-08-26,1000000.00,4.104854,102.48828125
08:00:58,912810UC0,TSRYS5860825,D,S,T,2024-08-26,1000000.00,4.104854,102.48828125
08:00:58,912810UC0,TSRYS5860825,D,S,T,2024-08-26,1000000.00,4.10519,102.482421875
08:01:00,912810UC0,TSRYS5860825,D,S,D,2024-08-26,2000000.00,4.076524,102.984375
08:01:00,912810UC0,TSRYS5860825,D,S,D,2024-08-26,1000000.00,4.083422,102.86328125
08:01:00,912810UC0,TSRYS5860825,D,S,D,2024-08-26,1000000.00,4.076524,102.984375
08:01:00,912810UC0,TSRYS5860825,D,S,D,2024-08-26,1000000.00,4.080973,102.90625
08:01:00,912810UC0,TSRYS5860825,D,S,D,2024-08-26,1000000.00,4.081863,102.890625
08:01:00,912810UC0,TSRYS5860825,D,B,C,2024-08-26,1000000.00,4.086986,102.80078125
08:01:00,912810UC0,TSRYS5860825,D,S,D,2024-08-26,1000000.00,4.082308,102.8828125
08:01:00,912810UC0,TSRYS5860825,D,S,D,2024-08-26,1000000.00,4.080973,102.90625
08:01:00,912810UC0,TSRYS5860825,D,B,C,2024-08-26,1000000.00,4.086763,102.8046875
08:01:00,912810UC0,TSRYS5860825,D,S,D,2024-08-26,1000000.00,4.086763,102.8046875
08:01:00,912810UC0,TSRYS5860825,D,S,D,2024-08-26,1000000.00,4.086763,102.8046875
08:01:00,912810UC0,TSRYS5860825,D,S,D,2024-08-26,1000000.00,4.086986,102.80078125
08:01:00,912810UC0,TSRYS5860825,D,B,C,2024-08-26,1000000.00,4.086763,102.8046875
08:01:00,912810UC0,TSRYS5860825,D,S,D,2024-08-26,1000000.00,4.086986,102.80078125
08:01:00,912810UC0,TSRYS5860825,D,S,D,2024-08-26,1000000.00,4.086763,102.8046875
08:01:00,912810UC0,TSRYS5860825,D,B,C,2024-08-26,1000000.00,4.086986,102.80078125
08:01:00,912810UC0,TSRYS5860825,D,S,D,2024-08-26,1000000.00,4.086986,102.80078125
08:01:00,912810UC0,TSRYS5860825,D,B,C,2024-08-26,1000000.00,4.086763,102.8046875
08:01:00,912810UC0,TSRYS5860825,D,B,C,2024-08-26,1000000.00,4.086986,102.80078125
08:01:00,912810UC0,TSRYS5860825,D,S,D,2024-08-26,1000000.00,4.086763,102.8046875
08:01:00,912810UC0,TSRYS5860825,D,S,D,2024-08-26,1000000.00,4.086763,102.8046875
08:01:00,912810UC0,TSRYS5860825,D,B,C,2024-08-26,1000000.00,4.086763,102.8046875
08:01:00,912810UC0,TSRYS5860825,D,S,D,2024-08-26,1000000.00,4.086763,102.8046875
08:01:00,912810UC0,TSRYS5860825,D,S,D,2024-08-26,1000000.00,4.086986,102.80078125
08:01:00,912810UC0,TSRYS5860825,D,B,C,2024-08-26,1000000.00,4.085426,102.828125
08:01:00,912810UC0,TSRYS5860825,D,B,C,2024-08-26,1000000.00,4.086986,102.80078125
08:01:00,912810UC0,TSRYS5860825,D,S,D,2024-08-26,1000000.00,4.08409,102.8515625
08:01:00,912810UC0,TSRYS5860825,D,S,D,2024-08-26,1000000.00,4.08409,102.8515625
08:01:00,912810UC0,TSRYS5860825,D,S,D,2024-08-26,1000000.00,4.085426,102.828125
08:01:00,912810UC0,TSRYS5860825,D,S,D,2024-08-26,1000000.00,4.084312,102.84765625
08:01:00,912810UC0,TSRYS5860825,D,B,C,2024-08-26,1000000.00,4.086095,102.81640625
08:01:00,912810UC0,TSRYS5860825,D,B,C,2024-08-26,1000000.00,4.085426,102.828125
08:01:00,912810UC0,TSRYS5860825,D,S,D,2024-08-26,1000000.00,4.085426,102.828125
08:01:00,912810UC0,TSRYS5860825,D,B,C,2024-08-26,1000000.00,4.084312,102.84765625
08:01:00,912810UC0,TSRYS5860825,D,S,D,2024-08-26,1000000.00,4.085872,102.8203125
08:01:00,912810UC0,TSRYS5860825,D,S,D,2024-08-26,1000000.00,4.084312,102.84765625
08:01:00,912810UC0,TSRYS5860825,D,B,C,2024-08-26,1000000.00,4.085872,102.8203125
08:01:00,912810UC0,TSRYS5860825,D,S,D,2024-08-26,1000000.00,4.086095,102.81640625
08:01:00,912810UC0,TSRYS5860825,D,S,D,2024-08-26,1000000.00,4.083422,102.86328125
08:01:00,912810UC0,TSRYS5860825,D,S,D,2024-08-26,1000000.00,4.083422,102.86328125
08:01:00,912810UC0,TSRYS5860825,D,S,D,2024-08-26,1000000.00,4.08409,102.8515625
08:01:00,912810UC0,TSRYS5860825,D,S,D,2024-08-26,1000000.00,4.082308,102.8828125
08:01:00,912810UC0,TSRYS5860825,D,S,D,2024-08-26,1000000.00,4.082308,102.8828125
08:01:00,912810UC0,TSRYS5860825,D,S,T,2024-08-26,3000000.00,4.104183,102.5
08:01:00,912810UC0,TSRYS5860825,D,S,D,2024-08-26,1000000.00,4.081863,102.890625
08:01:00,912810UC0,TSRYS5860825,D,S,D,2024-08-26,1000000.00,4.079415,102.93359375
08:01:00,912810UC0,TSRYS5860825,D,S,D,2024-08-26,1000000.00,4.080528,102.9140625
08:01:00,912810UC0,TSRYS5860825,D,S,D,2024-08-26,1000000.00,4.08075,102.91015625
08:01:00,912810UC0,TSRYS5860825,D,S,D,2024-08-26,1000000.00,4.081418,102.8984375
08:01:00,912810UC0,TSRYS5860825,D,S,D,2024-08-26,1000000.00,4.082086,102.88671875
08:01:00,912810UC0,TSRYS5860825,D,S,D,2024-08-26,1000000.00,4.082086,102.88671875
08:01:00,912810UC0,TSRYS5860825,D,S,D,2024-08-26,1000000.00,4.081418,102.8984375
08:01:00,912810UC0,TSRYS5860825,D,S,C,2024-08-26,1000000.00,4.07986,102.92578125
08:01:00,912810UC0,TSRYS5860825,D,S,D,2024-08-26,1000000.00,4.082086,102.88671875
08:01:00,912810UC0,TSRYS5860825,D,S,C,2024-08-26,1000000.00,4.07986,102.92578125
08:01:00,912810UC0,TSRYS5860825,D,S,C,2024-08-26,1000000.00,4.081195,102.90234375
08:01:00,912810UC0,TSRYS5860825,D,S,D,2024-08-26,1000000.00,4.081418,102.8984375
08:01:00,912810UC0,TSRYS5860825,D,S,D,2024-08-26,1000000.00,4.103735,102.5078125
08:01:00,912810UC0,TSRYS5860825,D,S,C,2024-08-26,1000000.00,4.079415,102.93359375
08:01:00,912810UC0,TSRYS5860825,D,S,C,2024-08-26,1000000.00,4.07986,102.92578125
08:01:00,912810UC0,TSRYS5860825,D,S,D,2024-08-26,1000000.00,4.081418,102.8984375
08:01:00,912810UC0,TSRYS5860825,D,S,D,2024-08-26,1000000.00,4.079638,102.9296875
08:01:00,912810UC0,TSRYS5860825,D,S,C,2024-08-26,1000000.00,4.079638,102.9296875
08:01:00,912810UC0,TSRYS5860825,D,S,D,2024-08-26,1000000.00,4.081418,102.8984375
08:01:01,912810UC0,TSRYS5860825,D,S,C,2024-08-26,1000000.00,4.079638,102.9296875
08:01:01,912810UC0,TSRYS5860825,D,S,D,2024-08-26,1000000.00,4.079638,102.9296875
08:01:01,912810UC0,TSRYS5860825,D,S,C,2024-08-26,1000000.00,4.079638,102.9296875
08:01:01,912810UC0,TSRYS5860825,D,S,D,2024-08-26,1000000.00,4.080528,102.9140625
08:01:01,912810UC0,TSRYS5860825,D,S,D,2024-08-26,1000000.00,4.080083,102.921875
08:01:01,912810UC0,TSRYS5860825,D,S,C,2024-08-26,1000000.00,4.085204,102.83203125
08:01:01,912810UC0,TSRYS5860825,D,S,D,2024-08-26,1000000.00,4.080083,102.921875
08:01:01,912810UC0,TSRYS5860825,D,S,D,2024-08-26,1000000.00,4.080083,102.921875
08:01:01,912810UC0,TSRYS5860825,D,S,D,2024-08-26,1000000.00,4.087209,102.796875
08:01:01,912810UC0,TSRYS5860825,D,S,C,2024-08-26,1000000.00,4.084981,102.8359375
08:01:01,912810UC0,TSRYS5860825,D,S,C,2024-08-26,1000000.00,4.084758,102.83984375
08:01:01,912810UC0,TSRYS5860825,D,S,D,2024-08-26,1000000.00,4.08075,102.91015625
08:01:01,912810UC0,TSRYS5860825,D,S,D,2024-08-26,1000000.00,4.103959,102.50390625
08:01:01,912810UC0,TSRYS5860825,D,B,C,2024-08-26,1000000.00,4.103959,102.50390625
08:01:01,912810UC0,TSRYS5860825,D,B,C,2024-08-26,1000000.00,4.103959,102.50390625
08:01:01,912810UC0,TSRYS5860825,D,S,D,2024-08-26,1000000.00,4.103959,102.50390625
08:01:01,912810UC0,TSRYS5860825,D,B,C,2024-08-26,1000000.00,4.103959,102.50390625
08:01:01,912810UC0,TSRYS5860825,D,S,D,2024-08-26,1000000.00,4.085426,102.828125
08:01:01,912810UC0,TSRYS5860825,D,S,D,2024-08-26,1000000.00,4.091,102.73046875
08:01:01,912810UC0,TSRYS5860825,D,S,D,2024-08-26,1000000.00,4.103735,102.5078125
08:01:01,912810UC0,TSRYS5860825,D,S,D,2024-08-26,1000000.00,4.103959,102.50390625
08:01:01,912810UC0,TSRYS5860825,D,B,C,2024-08-26,1000000.00,4.103735,102.5078125
08:01:01,912810UC0,TSRYS5860825,D,S,T,2024-08-26,1000000.00,4.103959,102.50390625
08:01:02,912810UC0,TSRYS5860825,D,S,T,2024-08-26,1000000.00,4.103064,102.51953125
08:01:02,912810UC0,TSRYS5860825,D,S,T,2024-08-26,1000000.00,4.102169,102.53515625
08:01:02,912810UC0,TSRYS5860825,D,S,T,2024-08-26,1000000.00,4.102393,102.53125
08:01:03,912810UC0,TSRYS5860825,D,S,D,2024-08-26,250000.00,4.100156,102.5703125
08:01:03,912810UC0,TSRYS5860825,D,S,T,2024-08-26,1000000.00,4.098828,102.593523
08:01:03,912810UC0,TSRYS5860825,D,B,A,2024-08-26,1000000.00,4.098828,102.593523
08:01:05,912810UC0,TSRYS5860825,D,B,C,2024-08-26,5000000.00,4.083867,102.85546875
08:01:05,912810UC0,TSRYS5860825,D,S,T,2024-08-26,1000000.00,4.101498,102.546875
08:01:06,912810UC0,TSRYS5860825,D,S,T,2024-08-26,1000000.00,4.078303,102.953125
08:01:07,912810UC0,TSRYS5860825,D,B,C,2024-08-26,1000000.00,4.083644,102.859375
08:01:07,912810UC0,TSRYS5860825,D,S,D,2024-08-26,1000000.00,4.083644,102.859375
08:01:07,912810UC0,TSRYS5860825,D,S,D,2024-08-26,1000000.00,4.083644,102.859375
08:01:07,912810UC0,TSRYS5860825,D,S,D,2024-08-26,1000000.00,4.083644,102.859375
08:01:07,912810UC0,TSRYS5860825,D,S,D,2024-08-26,1000000.00,4.082531,102.87890625
08:01:07,912810UC0,TSRYS5860825,D,S,D,2024-08-26,1000000.00,4.083088,102.869140625
08:01:08,912810UC0,TSRYS5860825,D,S,C,2024-08-26,1000000.00,4.083422,102.86328125
08:01:08,912810UC0,TSRYS5860825,D,S,T,2024-08-26,1000000.00,4.077414,102.96875
08:01:08,912810UC0,TSRYS5860825,D,S,C,2024-08-26,1000000.00,4.083422,102.86328125
08:01:08,912810UC0,TSRYS5860825,D,S,D,2024-08-26,1000000.00,4.083644,102.859375
08:01:08,912810UC0,TSRYS5860825,D,S,D,2024-08-26,1000000.00,4.082754,102.875
08:01:08,912810UC0,TSRYS5860825,D,S,D,2024-08-26,1000000.00,4.078303,102.953125
08:01:09,912810UC0,TSRYS5860825,D,S,D,2024-08-26,1000000.00,4.078303,102.953125
08:01:09,912810UC0,TSRYS5860825,D,S,D,2024-08-26,1000000.00,4.078303,102.953125
08:01:09,912810UC0,TSRYS5860825,D,S,D,2024-08-26,1000000.00,4.102393,102.53125
08:01:09,912810UC0,TSRYS5860825,D,S,D,2024-08-26,1000000.00,4.102393,102.53125
08:01:09,912810UC0,TSRYS5860825,D,S,D,2024-08-26,1000000.00,4.104183,102.5
08:01:09,912810UC0,TSRYS5860825,D,S,D,2024-08-26,1000000.00,4.083644,102.859375
08:01:10,912810UC0,TSRYS5860825,D,S,C,2024-08-26,1000000.00,4.07897,102.94140625
08:01:10,912810UC0,TSRYS5860825,D,S,C,2024-08-26,1000000.00,4.078637,102.947265625
08:01:10,912810UC0,TSRYS5860825,D,S,C,2024-08-26,1000000.00,4.078525,102.94921875
08:01:10,912810UC0,TSRYS5860825,D,S,C,2024-08-26,1000000.00,4.078414,102.951171875
08:01:10,912810UC0,TSRYS5860825,D,S,D,2024-08-26,1000000.00,4.079971,102.923828125
08:01:10,912810UC0,TSRYS5860825,D,S,D,2024-08-26,1000000.00,4.079971,102.923828125
08:01:10,912810UC0,TSRYS5860825,D,S,D,2024-08-26,1000000.00,4.07986,102.92578125
08:01:10,912810UC0,TSRYS5860825,D,S,D,2024-08-26,1000000.00,4.079971,102.923828125
08:01:10,912810UC0,TSRYS5860825,D,S,D,2024-08-26,1000000.00,4.080083,102.921875
08:01:11,912810UC0,TSRYS5860825,D,S,D,2024-08-26,1000000.00,4.102393,102.53125
08:01:11,912810UC0,TSRYS5860825,D,S,D,2024-08-26,1000000.00,4.080083,102.921875
08:01:11,912810UC0,TSRYS5860825,D,S,D,2024-08-26,1000000.00,4.084312,102.84765625
08:01:11,912810UC0,TSRYS5860825,D,S,D,2024-08-26,1000000.00,4.106421,102.4609375
08:01:11,912810UC0,TSRYS5860825,D,S,D,2024-08-26,1000000.00,4.106869,102.453125
08:01:11,912810UC0,TSRYS5860825,D,S,D,2024-08-26,1000000.00,4.106421,102.4609375
08:01:11,912810UC0,TSRYS5860825,D,S,D,2024-08-26,1000000.00,4.082308,102.8828125
08:01:11,912810UC0,TSRYS5860825,D,S,D,2024-08-26,1000000.00,4.082308,102.8828125
08:01:11,912810UC0,TSRYS5860825,D,S,D,2024-08-26,1000000.00,4.079415,102.93359375
08:01:11,912810UC0,TSRYS5860825,D,S,D,2024-08-26,1000000.00,4.082086,102.88671875
08:01:12,912810UC0,TSRYS5860825,D,S,T,2024-08-26,1000000.00,4.077864,102.9608375
08:01:12,912810UC0,TSRYS5860825,D,S,T,2024-08-26,1000000.00,4.079199,102.9374
08:01:12,912810UC0,TSRYS5860825,D,S,T,2024-08-26,1000000.00,4.084318,102.84755625
08:01:12,912810UC0,TSRYS5860825,D,S,D,2024-08-26,600000.00,4.103511,102.51171875
08:01:12,912810UC0,TSRYS5860825,D,S,D,2024-08-26,1000000.00,4.105078,102.484375
08:01:12,912810UC0,TSRYS5860825,D,S,D,2024-08-26,1000000.00,4.105078,102.484375
08:01:13,912810UC0,TSRYS5860825,D,B,C,2024-08-26,2000000.00,4.078778,102.9447767
08:01:13,912810UC0,TSRYS5860825,D,S,D,2024-08-26,3000000.00,4.076484,102.985075
08:01:13,912810UC0,TSRYS5860825,D,S,D,2024-08-26,1000000.00,4.083827,102.8561688
08:01:13,912810UC0,TSRYS5860825,D,S,D,2024-08-26,3000000.00,4.084087,102.8516115
08:01:13,912810UC0,TSRYS5860825,D,S,D,2024-08-26,1000000.00,4.083604,102.860075
08:01:13,912810UC0,TSRYS5860825,D,S,D,2024-08-26,4000000.00,4.084523,102.8439617
08:01:13,912810UC0,TSRYS5860825,D,S,D,2024-08-26,1000000.00,4.083159,102.8678875
08:01:13,912810UC0,TSRYS5860825,D,B,C,2024-08-26,2000000.00,4.0829,102.8724313
08:01:13,912810UC0,TSRYS5860825,D,S,T,2024-08-26,1000000.00,4.079193,102.9375
08:01:13,912810UC0,TSRYS5860825,D,S,D,2024-08-26,1000000.00,4.103735,102.5078125
08:01:14,912810UC0,TSRYS5860825,D,S,T,2024-08-26,1000000.00,4.085426,102.828125
08:01:15,912810UC0,TSRYS5860825,D,S,T,2024-08-26,1000000.00,4.085426,102.828125
08:01:15,912810UC0,TSRYS5860825,D,S,T,2024-08-26,1000000.00,4.088101,102.78125
08:01:16,912810UC0,TSRYS5860825,D,S,T,2024-08-26,1000000.00,4.083644,102.859375
08:01:16,912810UC0,TSRYS5860825,D,S,T,2024-08-26,1000000.00,4.083644,102.859375
08:01:16,912810UC0,TSRYS5860825,D,S,T,2024-08-26,1000000.00,4.078303,102.953125
08:01:16,912810UC0,TSRYS5860825,D,S,T,2024-08-26,1000000.00,4.078303,102.953125
08:01:16,912810UC0,TSRYS5860825,D,S,T,2024-08-26,1000000.00,4.087209,102.796875
08:01:16,912810UC0,TSRYS5860825,D,S,T,2024-08-26,1000000.00,4.078303,102.953125
08:01:16,912810UC0,TSRYS5860825,D,S,T,2024-08-26,1000000.00,4.080083,102.921875
08:01:16,912810UC0,TSRYS5860825,D,S,T,2024-08-26,1000000.00,4.078312,102.952975
08:01:16,912810UC0,TSRYS5860825,D,S,T,2024-08-26,1000000.00,4.100604,102.5625
08:01:16,912810UC0,TSRYS5860825,D,S,T,2024-08-26,1000000.00,4.100604,102.5625
08:01:16,912810UC0,TSRYS5860825,D,S,T,2024-08-26,1000000.00,4.100604,102.5625
08:01:16,912810UC0,TSRYS5860825,D,S,T,2024-08-26,1000000.00,4.086329,102.8123
08:01:16,912810UC0,TSRYS5860825,D,S,D,2024-08-26,1000000.00,4.075635,103.0
08:01:16,912810UC0,TSRYS5860825,D,S,D,2024-08-26,1000000.00,4.088779,102.76936
08:01:16,912810UC0,TSRYS5860825,D,S,C,2024-08-26,1000000.00,4.077414,102.96875
08:01:16,912810UC0,TSRYS5860825,D,S,T,2024-08-26,1000000.00,4.08722,102.796675
08:01:16,912810UC0,TSRYS5860825,D,S,T,2024-08-26,1000000.00,4.08722,102.796675
08:01:16,912810UC0,TSRYS5860825,D,S,T,2024-08-26,1000000.00,4.08722,102.796675
08:01:17,912810UC0,TSRYS5860825,D,S,T,2024-08-26,1000000.00,4.081872,102.890475
08:01:17,912810UC0,TSRYS5860825,D,S,T,2024-08-26,1000000.00,4.081872,102.890475
08:01:17,912810UC0,TSRYS5860825,D,S,T,2024-08-26,1000000.00,4.086325,102.812375
08:01:17,912810UC0,TSRYS5860825,D,S,T,2024-08-26,1000000.00,4.086325,102.812375
08:01:17,912810UC0,TSRYS5860825,D,S,T,2024-08-26,1000000.00,4.084544,102.8436
08:01:17,912810UC0,TSRYS5860825,D,S,T,2024-08-26,1000000.00,4.081974,102.88867187
08:01:17,912810UC0,TSRYS5860825,D,S,T,2024-08-26,1000000.00,4.082308,102.8828125
08:01:17,912810UC0,TSRYS5860825,D,S,T,2024-08-26,1000000.00,4.082308,102.8828125
08:01:17,912810UC0,TSRYS5860825,D,S,T,2024-08-26,1000000.00,4.082086,102.88671875
08:01:17,912810UC0,TSRYS5860825,D,S,T,2024-08-26,1000000.00,4.084424,102.84570312
08:01:17,912810UC0,TSRYS5860825,D,S,C,2024-08-26,2000000.00,4.086031,102.81753
08:01:17,912810UC0,TSRYS5860825,D,S,C,2024-08-26,3000000.00,4.08822,102.77915
08:01:17,912810UC0,TSRYS5860825,D,S,C,2024-08-26,3000000.00,4.089621,102.75461
08:01:18,912810UC0,TSRYS5860825,D,S,D,2024-08-26,1000000.00,4.082308,102.8828125
08:01:18,912810UC0,TSRYS5860825,D,S,C,2024-08-26,2000000.00,4.089187,102.76222
08:01:18,912810UC0,TSRYS5860825,D,S,D,2024-08-26,1000000.00,4.075968,102.994140625
08:01:18,912810UC0,TSRYS5860825,D,S,D,2024-08-26,10000000.00,4.085023,102.83519
08:01:18,912810UC0,TSRYS5860825,D,B,C,2024-08-26,1000000.00,4.086206,102.81445312
08:01:18,912810UC0,TSRYS5860825,D,B,C,2024-08-26,1000000.00,4.086095,102.81640625
08:01:18,912810UC0,TSRYS5860825,D,S,T,2024-08-26,1000000.00,4.079193,102.9375
08:01:19,912810UC0,TSRYS5860825,D,S,T,2024-08-26,1000000.00,4.080305,102.91796875
08:01:19,912810UC0,TSRYS5860825,D,S,D,2024-08-26,1000000.00,4.080305,102.91796875
08:01:19,912810UC0,TSRYS5860825,D,S,C,2024-08-26,13000000.00,4.084393,102.84625
08:01:19,912810UC0,TSRYS5860825,D,S,C,2024-08-26,2000000.00,4.084112,102.85118
08:01:19,912810UC0,TSRYS5860825,D,B,A,2024-08-26,154000.00,4.081195,102.90234375
08:01:19,912810UC0,TSRYS5860825,D,S,C,2024-08-26,6000000.00,4.084284,102.84816
08:01:20,912810UC0,TSRYS5860825,D,S,D,2024-08-26,1000000.00,4.081418,102.8984375
08:01:20,912810UC0,TSRYS5860825,D,S,D,2024-08-26,1000000.00,4.081418,102.8984375
08:01:20,912810UC0,TSRYS5860825,D,S,T,2024-08-26,1000000.00,4.073857,103.03125
08:01:20,912810UC0,TSRYS5860825,D,S,T,2024-08-26,1000000.00,4.073857,103.03125
08:01:20,912810UC0,TSRYS5860825,D,S,T,2024-08-26,1000000.00,4.073857,103.03125
08:01:20,912810UC0,TSRYS5860825,D,S,C,2024-08-26,1000000.00,4.080083,102.921875
08:01:20,912810UC0,TSRYS5860825,D,S,D,2024-08-26,1000000.00,4.080973,102.90625
08:01:20,912810UC0,TSRYS5860825,D,S,D,2024-08-26,1000000.00,4.080417,102.916015625
08:01:20,912810UC0,TSRYS5860825,D,S,D,2024-08-26,1000000.00,4.080973,102.90625
08:01:20,912810UC0,TSRYS5860825,D,S,D,2024-08-26,1000000.00,4.080973,102.90625
08:01:20,912810UC0,TSRYS5860825,D,S,C,2024-08-26,1000000.00,4.080973,102.90625
08:01:20,912810UC0,TSRYS5860825,D,S,C,2024-08-26,1000000.00,4.080973,102.90625
08:01:20,912810UC0,TSRYS5860825,D,S,D,2024-08-26,1000000.00,4.081084,102.904296875
08:01:20,912810UC0,TSRYS5860825,D,S,T,2024-08-26,1000000.00,4.080973,102.90625
08:01:20,912810UC0,TSRYS5860825,D,S,D,2024-08-26,2000000.00,4.081013,102.90555
08:01:21,912810UC0,TSRYS5860825,D,S,T,2024-08-26,1000000.00,4.081974,102.888671875
08:01:21,912810UC0,TSRYS5860825,D,S,D,2024-08-26,1000000.00,4.082531,102.87890625
08:01:21,912810UC0,TSRYS5860825,D,S,D,2024-08-26,1000000.00,4.082531,102.87890625
08:01:21,912810UC0,TSRYS5860825,D,S,T,2024-08-26,1000000.00,4.086318,102.8125
08:01:21,912810UC0,TSRYS5860825,D,S,T,2024-08-26,1000000.00,4.104183,102.5
08:01:21,912810UC0,TSRYS5860825,D,B,A,2024-08-26,2200000.00,4.083631,102.859375
08:01:21,912810UC0,TSRYS5860825,D,S,D,2024-08-26,1000000.00,4.081418,102.8984375
08:01:21,912810UC0,TSRYS5860825,D,S,D,2024-08-26,1000000.00,4.081195,102.90234375
08:01:21,912810UC0,TSRYS5860825,D,S,T,2024-08-26,1000000.00,4.104183,102.5
08:01:21,912810UC0,TSRYS5860825,D,S,T,2024-08-26,1000000.00,4.080981,102.9061
08:01:21,912810UC0,TSRYS5860825,D,S,T,2024-08-26,1000000.00,4.080981,102.9061
08:01:21,912810UC0,TSRYS5860825,D,S,D,2024-08-26,1000000.00,4.080639,102.912109375
08:01:21,912810UC0,TSRYS5860825,D,S,D,2024-08-26,1000000.00,4.081418,102.8984375
08:01:22,912810UC0,TSRYS5860825,D,S,D,2024-08-26,1000000.00,4.080639,102.912109375
08:01:22,912810UC0,TSRYS5860825,D,S,D,2024-08-26,1000000.00,4.081418,102.8984375
08:01:22,912810UC0,TSRYS5860825,D,S,T,2024-08-26,1000000.00,4.080981,102.9061
08:01:22,912810UC0,TSRYS5860825,D,B,C,2024-08-26,1000000.00,4.086206,102.81445312
08:01:22,912810UC0,TSRYS5860825,D,S,T,2024-08-26,1000000.00,4.080981,102.9061
08:01:22,912810UC0,TSRYS5860825,D,B,C,2024-08-26,1000000.00,4.086206,102.81445312
08:01:22,912810UC0,TSRYS5860825,D,S,T,2024-08-26,1000000.00,4.081872,102.890475
08:01:22,912810UC0,TSRYS5860825,D,S,T,2024-08-26,1000000.00,4.080981,102.9061
08:01:22,912810UC0,TSRYS5860825,D,S,T,2024-08-26,1000000.00,4.075968,102.99414062
08:01:23,912810UC0,TSRYS5860825,D,S,T,2024-08-26,1000000.00,4.084869,102.83789062
08:01:23,912810UC0,TSRYS5860825,D,S,D,2024-08-26,1000000.00,4.079415,102.93359375
08:01:23,912810UC0,TSRYS5860825,D,S,D,2024-08-26,1000000.00,4.079638,102.9296875
08:01:23,912810UC0,TSRYS5860825,D,S,C,2024-08-26,1000000.00,4.077525,102.96679687
08:01:23,912810UC0,TSRYS5860825,D,S,C,2024-08-26,1000000.00,4.077636,102.96484375
08:01:23,912810UC0,TSRYS5860825,D,S,D,2024-08-26,1000000.00,4.079638,102.9296875
08:01:23,912810UC0,TSRYS5860825,D,S,D,2024-08-26,1000000.00,4.079638,102.9296875
08:01:23,912810UC0,TSRYS5860825,D,S,D,2024-08-26,1000000.00,4.078525,102.94921875
08:01:23,912810UC0,TSRYS5860825,D,S,T,2024-08-26,1000000.00,4.092569,102.703
08:01:23,912810UC0,TSRYS5860825,D,S,D,2024-08-26,1000000.00,4.079638,102.9296875
08:01:23,912810UC0,TSRYS5860825,D,S,D,2024-08-26,1000000.00,4.079638,102.9296875
08:01:23,912810UC0,TSRYS5860825,D,S,T,2024-08-26,1000000.00,4.092457,102.704953125
08:01:23,912810UC0,TSRYS5860825,D,S,T,2024-08-26,1000000.00,4.091669,102.71875
08:01:24,912810UC0,TSRYS5860825,D,S,T,2024-08-26,1000000.00,4.09079,102.734148
08:01:24,912810UC0,TSRYS5860825,D,S,D,2024-08-26,1000000.00,4.080083,102.921875
08:01:24,912810UC0,TSRYS5860825,D,S,D,2024-08-26,1000000.00,4.084981,102.8359375
08:01:24,912810UC0,TSRYS5860825,D,S,D,2024-08-26,1000000.00,4.084981,102.8359375
08:01:24,912810UC0,TSRYS5860825,D,S,D,2024-08-26,1000000.00,4.084981,102.8359375
08:01:24,912810UC0,TSRYS5860825,D,S,T,2024-08-26,1000000.00,4.091682,102.718523
08:01:24,912810UC0,TSRYS5860825,D,S,T,2024-08-26,1000000.00,4.105084,102.484273
08:01:24,912810UC0,TSRYS5860825,D,S,T,2024-08-26,1000000.00,4.105084,102.484273
08:01:24,912810UC0,TSRYS5860825,D,B,C,2024-08-26,1000000.00,4.085872,102.8203125
08:01:24,912810UC0,TSRYS5860825,D,S,T,2024-08-26,1000000.00,4.105084,102.484273
08:01:24,912810UC0,TSRYS5860825,D,S,T,2024-08-26,1000000.00,4.078303,102.953125
08:01:24,912810UC0,TSRYS5860825,D,S,D,2024-08-26,1000000.00,4.078525,102.94921875
08:01:24,912810UC0,TSRYS5860825,D,S,D,2024-08-26,1000000.00,4.078525,102.94921875
08:01:24,912810UC0,TSRYS5860825,D,S,T,2024-08-26,1000000.00,4.105084,102.484273
08:01:24,912810UC0,TSRYS5860825,D,S,T,2024-08-26,1000000.00,4.105084,102.484273
08:01:24,912810UC0,TSRYS5860825,D,S,T,2024-08-26,2000000.00,4.105084,102.484273
08:01:24,912810UC0,TSRYS5860825,D,S,T,2024-08-26,2000000.00,4.105084,102.484273
08:01:24,912810UC0,TSRYS5860825,D,S,T,2024-08-26,1000000.00,4.080091,102.921725
08:01:24,912810UC0,TSRYS5860825,D,S,T,2024-08-26,1000000.00,4.105084,102.484273
08:01:24,912810UC0,TSRYS5860825,D,S,T,2024-08-26,1000000.00,4.088101,102.78125
08:01:24,912810UC0,TSRYS5860825,D,S,T,2024-08-26,1000000.00,4.105084,102.484273
08:01:24,912810UC0,TSRYS5860825,D,S,T,2024-08-26,3000000.00,4.105084,102.484273
08:01:24,912810UC0,TSRYS5860825,D,S,T,2024-08-26,1000000.00,4.080091,102.921725
08:01:24,912810UC0,TSRYS5860825,D,S,T,2024-08-26,1000000.00,4.105084,102.484273
08:01:24,912810UC0,TSRYS5860825,D,S,T,2024-08-26,1000000.00,4.105084,102.484273
08:01:25,912810UC0,TSRYS5860825,D,S,D,2024-08-26,1000000.00,4.080083,102.921875
08:01:25,912810UC0,TSRYS5860825,D,S,T,2024-08-26,1000000.00,4.102393,102.53125
08:01:25,912810UC0,TSRYS5860825,D,S,T,2024-08-26,1000000.00,4.105084,102.484273
08:01:25,912810UC0,TSRYS5860825,D,S,T,2024-08-26,2000000.00,4.105084,102.484273
08:01:25,912810UC0,TSRYS5860825,D,S,T,2024-08-26,1000000.00,4.105084,102.484273
08:01:25,912810UC0,TSRYS5860825,D,S,T,2024-08-26,1000000.00,4.080091,102.921725
08:01:25,912810UC0,TSRYS5860825,D,S,T,2024-08-26,1000000.00,4.080091,102.921725
08:01:25,912810UC0,TSRYS5860825,D,S,T,2024-08-26,1000000.00,4.080091,102.921725
08:01:25,912810UC0,TSRYS5860825,D,S,D,2024-08-26,1000000.00,4.080083,102.921875
08:01:25,912810UC0,TSRYS5860825,D,S,T,2024-08-26,1000000.00,4.095254,102.656023
08:01:26,912810UC0,TSRYS5860825,D,S,T,2024-08-26,1000000.00,4.083644,102.859375
08:01:26,912810UC0,TSRYS5860825,D,S,T,2024-08-26,2000000.00,4.102393,102.53125
08:01:26,912810UC0,TSRYS5860825,D,S,T,2024-08-26,1000000.00,4.103288,102.515625
08:01:26,912810UC0,TSRYS5860825,D,S,T,2024-08-26,1000000.00,4.086318,102.8125
08:01:26,912810UC0,TSRYS5860825,D,S,D,2024-08-26,1000000.00,4.080973,102.90625
08:01:27,912810UC0,TSRYS5860825,D,S,D,2024-08-26,1000000.00,4.088769,102.76953125
08:01:27,912810UC0,TSRYS5860825,D,S,D,2024-08-26,1000000.00,4.08075,102.91015625
08:01:27,912810UC0,TSRYS5860825,D,S,D,2024-08-26,1000000.00,4.080528,102.9140625
08:01:27,912810UC0,TSRYS5860825,D,S,T,2024-08-26,1000000.00,4.101051,102.5546875
08:01:27,912810UC0,TSRYS5860825,D,B,C,2024-08-26,1000000.00,4.102393,102.53125
08:01:27,912810UC0,TSRYS5860825,D,S,D,2024-08-26,1000000.00,4.102393,102.53125
08:01:27,912810UC0,TSRYS5860825,D,S,D,2024-08-26,1000000.00,4.102393,102.53125
08:01:27,912810UC0,TSRYS5860825,D,S,T,2024-08-26,1000000.00,4.080091,102.921725
08:01:27,912810UC0,TSRYS5860825,D,S,T,2024-08-26,1000000.00,4.101051,102.5546875
08:01:27,912810UC0,TSRYS5860825,D,S,D,2024-08-26,1000000.00,4.102393,102.53125
08:01:27,912810UC0,TSRYS5860825,D,B,C,2024-08-26,1000000.00,4.103959,102.50390625
08:01:27,912810UC0,TSRYS5860825,D,S,D,2024-08-26,1000000.00,4.103959,102.50390625
08:01:27,912810UC0,TSRYS5860825,D,B,C,2024-08-26,1000000.00,4.103735,102.5078125
08:01:27,912810UC0,TSRYS5860825,D,S,T,2024-08-26,1000000.00,4.083644,102.859375
08:01:27,912810UC0,TSRYS5860825,D,S,D,2024-08-26,1000000.00,4.103735,102.5078125
08:01:27,912810UC0,TSRYS5860825,D,S,D,2024-08-26,1000000.00,4.103735,102.5078125
08:01:27,912810UC0,TSRYS5860825,D,S,D,2024-08-26,1000000.00,4.080528,102.9140625
08:01:27,912810UC0,TSRYS5860825,D,S,T,2024-08-26,1000000.00,4.101051,102.5546875
08:01:27,912810UC0,TSRYS5860825,D,B,C,2024-08-26,1000000.00,4.103735,102.5078125
08:01:27,912810UC0,TSRYS5860825,D,S,D,2024-08-26,1000000.00,4.103735,102.5078125
08:01:27,912810UC0,TSRYS5860825,D,S,T,2024-08-26,1000000.00,4.101051,102.5546875
08:01:27,912810UC0,TSRYS5860825,D,S,D,2024-08-26,1000000.00,4.080417,102.91601562
08:01:27,912810UC0,TSRYS5860825,D,B,C,2024-08-26,1000000.00,4.10284,102.5234375
08:01:27,912810UC0,TSRYS5860825,D,S,T,2024-08-26,1000000.00,4.080417,102.91601562
08:01:27,912810UC0,TSRYS5860825,D,S,T,2024-08-26,2000000.00,4.102393,102.53125
08:01:27,912810UC0,TSRYS5860825,D,S,D,2024-08-26,1000000.00,4.10284,102.5234375
08:01:28,912810UC0,TSRYS5860825,D,S,T,2024-08-26,1000000.00,4.081974,102.88867187
08:01:28,912810UC0,TSRYS5860825,D,S,D,2024-08-26,1000000.00,4.082086,102.88671875
08:01:28,912810UC0,TSRYS5860825,D,S,D,2024-08-26,1000000.00,4.080417,102.91601562
08:01:28,912810UC0,TSRYS5860825,D,S,D,2024-08-26,1000000.00,4.104183,102.5
08:01:28,912810UC0,TSRYS5860825,D,S,T,2024-08-26,1000000.00,4.080417,102.91601562
08:01:28,912810UC0,TSRYS5860825,D,S,D,2024-08-26,1000000.00,4.081974,102.88867187
08:01:28,912810UC0,TSRYS5860825,D,S,D,2024-08-26,1000000.00,4.080528,102.9140625
08:01:28,912810UC0,TSRYS5860825,D,S,D,2024-08-26,1000000.00,4.080639,102.91210937
08:01:28,912810UC0,TSRYS5860825,D,S,D,2024-08-26,1000000.00,4.080417,102.91601562
08:01:28,912810UC0,TSRYS5860825,D,S,T,2024-08-26,1000000.00,4.081875,102.890425
08:01:28,912810UC0,TSRYS5860825,D,S,D,2024-08-26,1000000.00,4.081641,102.89453125
08:01:28,912810UC0,TSRYS5860825,D,S,T,2024-08-26,1000000.00,4.081875,102.890425
08:01:28,912810UC0,TSRYS5860825,D,S,D,2024-08-26,1000000.00,4.082531,102.87890625
08:01:28,912810UC0,TSRYS5860825,D,S,D,2024-08-26,1000000.00,4.082531,102.87890625
08:01:28,912810UC0,TSRYS5860825,D,S,T,2024-08-26,1000000.00,4.082531,102.87890625
08:01:28,912810UC0,TSRYS5860825,D,S,T,2024-08-26,1000000.00,4.082531,102.87890625
08:01:28,912810UC0,TSRYS5860825,D,S,D,2024-08-26,1000000.00,4.081863,102.890625
08:01:28,912810UC0,TSRYS5860825,D,S,D,2024-08-26,1000000.00,4.102616,102.52734375
08:01:28,912810UC0,TSRYS5860825,D,S,D,2024-08-26,1000000.00,4.080639,102.91210937
08:01:28,912810UC0,TSRYS5860825,D,B,C,2024-08-26,2000000.00,4.089773,102.75195312
08:01:28,912810UC0,TSRYS5860825,D,S,T,2024-08-26,1000000.00,4.081875,102.890425
08:01:29,912810UC0,TSRYS5860825,D,S,T,2024-08-26,1000000.00,4.081875,102.890425
08:01:29,912810UC0,TSRYS5860825,D,S,D,2024-08-26,1000000.00,4.081863,102.890625
08:01:29,912810UC0,TSRYS5860825,D,S,T,2024-08-26,1000000.00,4.081875,102.890425
08:01:29,912810UC0,TSRYS5860825,D,B,C,2024-08-26,1000000.00,4.101051,102.5546875
08:01:29,912810UC0,TSRYS5860825,D,S,D,2024-08-26,1000000.00,4.101051,102.5546875
08:01:29,912810UC0,TSRYS5860825,D,S,D,2024-08-26,1000000.00,4.102393,102.53125
08:01:29,912810UC0,TSRYS5860825,D,B,C,2024-08-26,1000000.00,4.102616,102.52734375
08:01:29,912810UC0,TSRYS5860825,D,S,D,2024-08-26,1000000.00,4.102616,102.52734375
08:01:29,912810UC0,TSRYS5860825,D,B,C,2024-08-26,1000000.00,4.103959,102.50390625
08:01:29,912810UC0,TSRYS5860825,D,S,D,2024-08-26,1000000.00,4.103959,102.50390625
08:01:29,912810UC0,TSRYS5860825,D,B,C,2024-08-26,1000000.00,4.106645,102.45703125
08:01:29,912810UC0,TSRYS5860825,D,S,D,2024-08-26,1000000.00,4.106645,102.45703125
08:01:29,912810UC0,TSRYS5860825,D,S,D,2024-08-26,1000000.00,4.106421,102.4609375
08:01:29,912810UC0,TSRYS5860825,D,S,D,2024-08-26,1000000.00,4.080528,102.9140625
08:01:29,912810UC0,TSRYS5860825,D,S,D,2024-08-26,1000000.00,4.106421,102.4609375
08:01:29,912810UC0,TSRYS5860825,D,S,D,2024-08-26,1000000.00,4.106421,102.4609375
08:01:29,912810UC0,TSRYS5860825,D,S,D,2024-08-26,1000000.00,4.080973,102.90625
08:01:29,912810UC0,TSRYS5860825,D,S,D,2024-08-26,1000000.00,4.105078,102.484375
08:01:29,912810UC0,TSRYS5860825,D,S,D,2024-08-26,1000000.00,4.105078,102.484375
08:01:29,912810UC0,TSRYS5860825,D,S,T,2024-08-26,1000000.00,4.08075,102.91015625
08:01:29,912810UC0,TSRYS5860825,D,S,T,2024-08-26,1000000.00,4.105095,102.484075
08:01:29,912810UC0,TSRYS5860825,D,S,D,2024-08-26,1000000.00,4.086095,102.81640625
08:01:29,912810UC0,TSRYS5860825,D,S,D,2024-08-26,1000000.00,4.105302,102.48046875
08:01:29,912810UC0,TSRYS5860825,D,S,D,2024-08-26,1000000.00,4.105302,102.48046875
08:01:29,912810UC0,TSRYS5860825,D,S,D,2024-08-26,1000000.00,4.086095,102.81640625
08:01:29,912810UC0,TSRYS5860825,D,S,D,2024-08-26,1000000.00,4.085872,102.8203125
08:01:29,912810UC0,TSRYS5860825,D,S,D,2024-08-26,1000000.00,4.104854,102.48828125
08:01:29,912810UC0,TSRYS5860825,D,S,D,2024-08-26,1000000.00,4.084758,102.83984375
08:01:29,912810UC0,TSRYS5860825,D,S,D,2024-08-26,1000000.00,4.103735,102.5078125
08:01:30,912810UC0,TSRYS5860825,D,S,D,2024-08-26,1000000.00,4.103064,102.51953125
08:01:30,912810UC0,TSRYS5860825,D,S,D,2024-08-26,1000000.00,4.086095,102.81640625
08:01:30,912810UC0,TSRYS5860825,D,S,D,2024-08-26,1000000.00,4.102616,102.52734375
08:01:30,912810UC0,TSRYS5860825,D,B,C,2024-08-26,1000000.00,4.101051,102.5546875
08:01:30,912810UC0,TSRYS5860825,D,S,D,2024-08-26,1000000.00,4.101051,102.5546875
08:01:30,912810UC0,TSRYS5860825,D,S,D,2024-08-26,1000000.00,4.100827,102.55859375
08:01:30,912810UC0,TSRYS5860825,D,S,D,2024-08-26,1000000.00,4.086095,102.81640625
08:01:30,912810UC0,TSRYS5860825,D,S,D,2024-08-26,1000000.00,4.087432,102.79296875
08:01:30,912810UC0,TSRYS5860825,D,S,D,2024-08-26,1000000.00,4.083533,102.861328125
08:01:31,912810UC0,TSRYS5860825,D,S,T,2024-08-26,1000000.00,4.083533,102.86132812
08:01:31,912810UC0,TSRYS5860825,D,S,D,2024-08-26,1000000.00,4.099933,102.57421875
08:01:31,912810UC0,TSRYS5860825,D,S,D,2024-08-26,1000000.00,4.083088,102.86914062
08:01:31,912810UC0,TSRYS5860825,D,S,D,2024-08-26,1000000.00,4.099709,102.578125
08:01:31,912810UC0,TSRYS5860825,D,S,T,2024-08-26,1000000.00,4.077426,102.968525
08:01:31,912810UC0,TSRYS5860825,D,S,T,2024-08-26,1000000.00,4.077426,102.968525
08:01:31,912810UC0,TSRYS5860825,D,S,T,2024-08-26,1000000.00,4.08242,102.88085937
08:01:31,912810UC0,TSRYS5860825,D,S,T,2024-08-26,1000000.00,4.077426,102.968525
08:01:31,912810UC0,TSRYS5860825,D,S,T,2024-08-26,1000000.00,4.082308,102.8828125
08:01:31,912810UC0,TSRYS5860825,D,S,D,2024-08-26,1000000.00,4.082308,102.8828125
08:01:31,912810UC0,TSRYS5860825,D,S,D,2024-08-26,500000.00,4.079415,102.93359375
08:01:31,912810UC0,TSRYS5860825,D,S,D,2024-08-26,1000000.00,4.08242,102.88085937
08:01:31,912810UC0,TSRYS5860825,D,S,D,2024-08-26,1000000.00,4.082308,102.8828125
08:01:32,912810UC0,TSRYS5860825,D,S,D,2024-08-26,1000000.00,4.081195,102.90234375
08:01:32,912810UC0,TSRYS5860825,D,S,T,2024-08-26,1000000.00,4.082754,102.875
08:01:32,912810UC0,TSRYS5860825,D,S,A,2024-08-26,4300000.00,4.083644,102.859375
08:01:32,912810UC0,TSRYS5860825,D,S,T,2024-08-26,1000000.00,4.088101,102.78125
08:01:32,912810UC0,TSRYS5860825,D,S,D,2024-08-26,1000000.00,4.081195,102.90234375
08:01:32,912810UC0,TSRYS5860825,D,B,A,2024-08-26,9000000.00,4.085455,102.82762
08:01:32,912810UC0,TSRYS5860825,D,S,D,2024-08-26,9000000.00,4.085455,102.82762
08:01:32,912810UC0,TSRYS5860825,D,S,T,2024-08-26,1000000.00,4.082197,102.88476562
08:01:32,912810UC0,TSRYS5860825,D,B,C,2024-08-26,5800000.00,4.080459,102.91527
08:01:32,912810UC0,TSRYS5860825,D,B,C,2024-08-26,11600000.00,4.080459,102.91527
08:01:33,912810UC0,TSRYS5860825,D,B,C,2024-08-26,11600000.00,4.080459,102.91527
08:01:33,912810UC0,TSRYS5860825,D,S,T,2024-08-26,1000000.00,4.105078,102.484375
08:01:33,912810UC0,TSRYS5860825,D,S,D,2024-08-26,1000000.00,4.081752,102.89257812
08:01:33,912810UC0,TSRYS5860825,D,S,D,2024-08-26,1000000.00,4.081863,102.890625
08:01:33,912810UC0,TSRYS5860825,D,S,T,2024-08-26,1000000.00,4.082086,102.88671875
08:01:33,912810UC0,TSRYS5860825,D,B,C,2024-08-26,6000000.00,4.078165,102.95555
08:01:33,912810UC0,TSRYS5860825,D,B,C,2024-08-26,9000000.00,4.08422,102.84928
08:01:33,912810UC0,TSRYS5860825,D,S,T,2024-08-26,1000000.00,4.101498,102.546875
08:01:33,912810UC0,TSRYS5860825,D,B,C,2024-08-26,10000000.00,4.086153,102.81538
08:01:33,912810UC0,TSRYS5860825,D,S,T,2024-08-26,1000000.00,4.102169,102.53515625
08:01:33,912810UC0,TSRYS5860825,D,S,T,2024-08-26,1000000.00,4.102399,102.531148
08:01:33,912810UC0,TSRYS5860825,D,S,T,2024-08-26,1000000.00,4.102281,102.533203125
08:01:33,912810UC0,TSRYS5860825,D,S,T,2024-08-26,1000000.00,4.102393,102.53125
08:01:33,912810UC0,TSRYS5860825,D,S,T,2024-08-26,1000000.00,4.102399,102.531148
08:01:33,912810UC0,TSRYS5860825,D,B,C,2024-08-26,3000000.00,4.081829,102.89123
08:01:33,912810UC0,TSRYS5860825,D,S,T,2024-08-26,1000000.00,4.102399,102.531148
08:01:33,912810UC0,TSRYS5860825,D,B,C,2024-08-26,2000000.00,4.080456,102.91532
08:01:33,912810UC0,TSRYS5860825,D,S,T,2024-08-26,1000000.00,4.102399,102.531148
08:01:33,912810UC0,TSRYS5860825,D,S,D,2024-08-26,1000000.00,4.08242,102.88085937
08:01:33,912810UC0,TSRYS5860825,D,S,T,2024-08-26,1000000.00,4.102399,102.531148
08:01:34,912810UC0,TSRYS5860825,D,B,C,2024-08-26,4000000.00,4.08497,102.83613
08:01:34,912810UC0,TSRYS5860825,D,S,T,2024-08-26,1000000.00,4.102399,102.531148
08:01:34,912810UC0,TSRYS5860825,D,S,T,2024-08-26,1000000.00,4.102399,102.531148
08:01:34,912810UC0,TSRYS5860825,D,B,C,2024-08-26,1000000.00,4.097921,102.609375
08:01:34,912810UC0,TSRYS5860825,D,S,C,2024-08-26,3000000.00,4.084507,102.84425
08:01:34,912810UC0,TSRYS5860825,D,S,D,2024-08-26,1000000.00,4.085035,102.83498
08:01:34,912810UC0,TSRYS5860825,D,B,C,2024-08-26,5000000.00,4.081903,102.88993
08:01:34,912810UC0,TSRYS5860825,D,B,C,2024-08-26,4000000.00,4.082571,102.87821
08:01:34,912810UC0,TSRYS5860825,D,B,C,2024-08-26,1000000.00,4.081013,102.90555
08:01:34,912810UC0,TSRYS5860825,D,B,A,2024-08-26,13000000.00,4.103489,102.51211875
08:01:34,912810UC0,TSRYS5860825,D,S,C,2024-08-26,13000000.00,4.103489,102.51211875
08:01:34,912810UC0,TSRYS5860825,D,S,A,2024-08-26,800000.00,4.086318,102.8125
08:01:34,912810UC0,TSRYS5860825,D,S,A,2024-08-26,200000.00,4.080083,102.921875
08:01:34,912810UC0,TSRYS5860825,D,S,T,2024-08-26,1000000.00,4.102393,102.53125
08:01:35,912810UC0,TSRYS5860825,D,S,A,2024-08-26,1802000.00,4.104854,102.4882813
08:01:35,912810UC0,TSRYS5860825,D,S,T,2024-08-26,1000000.00,4.083656,102.859175
08:01:35,912810UC0,TSRYS5860825,D,S,T,2024-08-26,1000000.00,4.083656,102.859175
08:01:35,912810UC0,TSRYS5860825,D,S,T,2024-08-26,1000000.00,4.084201,102.84960937
08:01:35,912810UC0,TSRYS5860825,D,S,T,2024-08-26,1000000.00,4.088101,102.78125
08:01:35,912810UC0,TSRYS5860825,D,S,T,2024-08-26,1000000.00,4.084547,102.84355
08:01:35,912810UC0,TSRYS5860825,D,S,A,2024-08-26,1500000.00,4.101051,102.5546875
08:01:35,912810UC0,TSRYS5860825,D,S,T,2024-08-26,1000000.00,4.085438,102.827925
08:01:35,912810UC0,TSRYS5860825,D,B,C,2024-08-26,2600000.00,4.10622,102.46444375
08:01:35,912810UC0,TSRYS5860825,D,S,T,2024-08-26,1000000.00,4.085438,102.827925
08:01:35,912810UC0,TSRYS5860825,D,S,A,2024-08-26,1042000.00,4.104407,102.49609375
08:01:36,912810UC0,TSRYS5860825,D,S,D,2024-08-26,3500000.00,4.079193,102.9375
08:01:36,912810UC0,TSRYS5860825,D,S,T,2024-08-26,1000000.00,4.085438,102.827925
08:01:36,912810UC0,TSRYS5860825,D,S,T,2024-08-26,1000000.00,4.103294,102.515523
08:01:36,912810UC0,TSRYS5860825,D,B,C,2024-08-26,1000000.00,4.08576,102.82226562
08:01:36,912810UC0,TSRYS5860825,D,B,C,2024-08-26,1000000.00,4.085649,102.82421875
08:01:36,912810UC0,TSRYS5860825,D,S,T,2024-08-26,1000000.00,4.103294,102.515523
08:01:36,912810UC0,TSRYS5860825,D,S,D,2024-08-26,1000000.00,4.08242,102.880859375
08:01:36,912810UC0,TSRYS5860825,D,S,D,2024-08-26,1000000.00,4.082308,102.8828125
08:01:36,912810UC0,TSRYS5860825,D,S,T,2024-08-26,1000000.00,4.105078,102.484375
08:01:36,912810UC0,TSRYS5860825,D,S,T,2024-08-26,1000000.00,4.103294,102.515523
08:01:36,912810UC0,TSRYS5860825,D,S,T,2024-08-26,2000000.00,4.103294,102.515523
08:01:37,912810UC0,TSRYS5860825,D,B,A,2024-08-26,10000000.00,4.08075,102.91015625
08:01:37,912810UC0,TSRYS5860825,D,S,T,2024-08-26,1000000.00,4.103294,102.515523
08:01:37,912810UC0,TSRYS5860825,D,S,T,2024-08-26,1000000.00,4.084535,102.84375
08:01:37,912810UC0,TSRYS5860825,D,S,T,2024-08-26,1000000.00,4.103294,102.515523
08:01:37,912810UC0,TSRYS5860825,D,S,T,2024-08-26,1000000.00,4.084535,102.84375
08:01:37,912810UC0,TSRYS5860825,D,S,T,2024-08-26,1000000.00,4.084547,102.84355
08:01:37,912810UC0,TSRYS5860825,D,S,T,2024-08-26,1000000.00,4.103294,102.515523
08:01:37,912810UC0,TSRYS5860825,D,S,T,2024-08-26,1000000.00,4.103294,102.515523
08:01:37,912810UC0,TSRYS5860825,D,S,T,2024-08-26,1000000.00,4.084547,102.84355
08:01:37,912810UC0,TSRYS5860825,D,S,T,2024-08-26,1000000.00,4.103294,102.515523
08:01:37,912810UC0,TSRYS5860825,D,S,T,2024-08-26,2000000.00,4.08098,102.90612
08:01:37,912810UC0,TSRYS5860825,D,S,T,2024-08-26,1000000.00,4.086318,102.8125
08:01:37,912810UC0,TSRYS5860825,D,S,T,2024-08-26,1000000.00,4.102393,102.53125
08:01:37,912810UC0,TSRYS5860825,D,S,D,2024-08-26,1000000.00,4.081974,102.888671875
08:01:37,912810UC0,TSRYS5860825,D,S,D,2024-08-26,1000000.00,4.082308,102.8828125
08:01:37,912810UC0,TSRYS5860825,D,S,D,2024-08-26,1000000.00,4.082308,102.8828125
08:01:38,912810UC0,TSRYS5860825,D,B,C,2024-08-26,1000000.00,4.078414,102.95117187
08:01:38,912810UC0,TSRYS5860825,D,S,D,2024-08-26,1000000.00,4.081974,102.888671875
08:01:38,912810UC0,TSRYS5860825,D,S,T,2024-08-26,1000000.00,4.085438,102.827925
08:01:38,912810UC0,TSRYS5860825,D,S,T,2024-08-26,1000000.00,4.085983,102.81835937
08:01:38,912810UC0,TSRYS5860825,D,S,T,2024-08-26,1000000.00,4.085438,102.827925
08:01:38,912810UC0,TSRYS5860825,D,S,T,2024-08-26,1000000.00,4.086318,102.8125
08:01:38,912810UC0,TSRYS5860825,D,S,D,2024-08-26,1000000.00,4.082086,102.88671875
08:01:38,912810UC0,TSRYS5860825,D,S,D,2024-08-26,1000000.00,4.081974,102.888671875
08:01:38,912810UC0,TSRYS5860825,D,S,D,2024-08-26,7000000.00,4.078201,102.95491
08:01:38,912810UC0,TSRYS5860825,D,S,D,2024-08-26,1000000.00,4.082197,102.884765625
08:01:39,912810UC0,TSRYS5860825,D,S,D,2024-08-26,1000000.00,4.084201,102.849609375
08:01:39,912810UC0,TSRYS5860825,D,B,C,2024-08-26,1000000.00,4.103735,102.5078125
08:01:39,912810UC0,TSRYS5860825,D,S,T,2024-08-26,1000000.00,4.083652,102.859245
08:01:39,912810UC0,TSRYS5860825,D,S,T,2024-08-26,1000000.00,4.083652,102.859245
08:01:40,912810UC0,TSRYS5860825,D,S,D,2024-08-26,1000000.00,4.084424,102.845703125
08:01:40,912810UC0,TSRYS5860825,D,S,T,2024-08-26,1000000.00,4.080984,102.90605
08:01:40,912810UC0,TSRYS5860825,D,S,T,2024-08-26,1000000.00,4.080984,102.90605
08:01:40,912810UC0,TSRYS5860825,D,B,C,2024-08-26,1000000.00,4.106645,102.45703125
08:01:40,912810UC0,TSRYS5860825,D,B,C,2024-08-26,1000000.00,4.106421,102.4609375
08:01:40,912810UC0,TSRYS5860825,D,B,C,2024-08-26,1000000.00,4.106421,102.4609375
08:01:40,912810UC0,TSRYS5860825,D,B,A,2024-08-26,190000.00,4.087209,102.796875
08:01:40,912810UC0,TSRYS5860825,D,S,T,2024-08-26,1000000.00,4.086325,102.81237
08:01:41,912810UC0,TSRYS5860825,D,B,C,2024-08-26,1000000.00,4.104854,102.48828125
08:01:41,912810UC0,TSRYS5860825,D,B,C,2024-08-26,1000000.00,4.105302,102.48046875
08:01:41,912810UC0,TSRYS5860825,D,S,T,2024-08-26,1000000.00,4.086325,102.81237
08:01:42,912810UC0,TSRYS5860825,D,S,D,2024-08-26,1000000.00,4.085983,102.818359375
08:01:42,912810UC0,TSRYS5860825,D,S,D,2024-08-26,1000000.00,4.086318,102.8125
08:01:44,912810UC0,TSRYS5860825,D,S,T,2024-08-26,2000000.00,4.103288,102.515625
08:01:44,912810UC0,TSRYS5860825,D,S,D,2024-08-26,1000000.00,4.088101,102.78125
08:01:46,912810UC0,TSRYS5860825,D,S,D,2024-08-26,1000000.00,4.086095,102.81640625
08:01:46,912810UC0,TSRYS5860825,D,S,D,2024-08-26,1000000.00,4.084758,102.83984375
08:01:46,912810UC0,TSRYS5860825,D,S,D,2024-08-26,1000000.00,4.084981,102.8359375
08:01:46,912810UC0,TSRYS5860825,D,S,D,2024-08-26,1000000.00,4.085983,102.81835937
08:01:46,912810UC0,TSRYS5860825,D,S,D,2024-08-26,1000000.00,4.087098,102.798828125
08:01:46,912810UC0,TSRYS5860825,D,S,D,2024-08-26,1000000.00,4.085204,102.83203125
08:01:46,912810UC0,TSRYS5860825,D,S,D,2024-08-26,1000000.00,4.084981,102.8359375
08:01:46,912810UC0,TSRYS5860825,D,S,C,2024-08-26,14265000.00,4.087855,102.78555625
08:01:46,912810UC0,TSRYS5860825,D,S,D,2024-08-26,1000000.00,4.086875,102.802734375
08:01:46,912810UC0,TSRYS5860825,D,S,D,2024-08-26,1000000.00,4.085204,102.83203125
08:01:47,912810UC0,TSRYS5860825,D,S,C,2024-08-26,21000000.00,4.080083,102.921875
08:01:47,912810UC0,TSRYS5860825,D,S,D,2024-08-26,1000000.00,4.085426,102.828125
08:01:47,912810UC0,TSRYS5860825,D,B,C,2024-08-26,1000000.00,4.101498,102.546875
08:01:47,912810UC0,TSRYS5860825,D,S,D,2024-08-26,1000000.00,4.085426,102.828125
08:01:47,912810UC0,TSRYS5860825,D,S,A,2024-08-26,3000000.00,4.081182,102.90234375
08:01:47,912810UC0,TSRYS5860825,D,S,D,2024-08-26,1000000.00,4.084869,102.837890625
08:01:47,912810UC0,TSRYS5860825,D,S,T,2024-08-26,1000000.00,4.105078,102.484375
08:01:47,912810UC0,TSRYS5860825,D,S,T,2024-08-26,1000000.00,4.104183,102.5
08:01:47,912810UC0,TSRYS5860825,D,S,T,2024-08-26,1000000.00,4.105078,102.484375
08:01:48,912810UC0,TSRYS5860825,D,S,C,2024-08-26,1000000.00,4.084424,102.845703125
08:01:48,912810UC0,TSRYS5860825,D,S,C,2024-08-26,1000000.00,4.084424,102.845703125
08:01:49,912810UC0,TSRYS5860825,D,S,T,2024-08-26,1000000.00,4.105078,102.484375
08:01:50,912810UC0,TSRYS5860825,D,B,C,2024-08-26,1000000.00,4.097921,102.609375
08:01:50,912810UC0,TSRYS5860825,D,B,A,2024-08-26,5000000.00,4.102828,102.5234375
08:01:50,912810UC0,TSRYS5860825,D,S,T,2024-08-26,1000000.00,4.078303,102.953125
08:01:51,912810UC0,TSRYS5860825,D,S,C,2024-08-26,1000000.00,4.084981,102.8359375
08:01:51,912810UC0,TSRYS5860825,D,S,C,2024-08-26,1000000.00,4.085204,102.83203125
08:01:51,912810UC0,TSRYS5860825,D,S,D,2024-08-26,1000000.00,4.086318,102.8125
08:01:51,912810UC0,TSRYS5860825,D,S,D,2024-08-26,1000000.00,4.086318,102.8125
08:01:51,912810UC0,TSRYS5860825,D,S,C,2024-08-26,1000000.00,4.085872,102.8203125
08:01:51,912810UC0,TSRYS5860825,D,S,C,2024-08-26,1000000.00,4.08576,102.822265625
08:01:51,912810UC0,TSRYS5860825,D,S,C,2024-08-26,1000000.00,4.08576,102.822265625
08:01:51,912810UC0,TSRYS5860825,D,S,C,2024-08-26,1000000.00,4.086095,102.81640625
08:01:52,912810UC0,TSRYS5860825,D,S,D,2024-08-26,1000000.00,4.085092,102.833984375
08:01:52,912810UC0,TSRYS5860825,D,S,D,2024-08-26,1000000.00,4.083756,102.857421875
08:01:52,912810UC0,TSRYS5860825,D,S,D,2024-08-26,1000000.00,4.084312,102.84765625
08:01:52,912810UC0,TSRYS5860825,D,S,D,2024-08-26,1000000.00,4.084535,102.84375
08:01:52,912810UC0,TSRYS5860825,D,S,D,2024-08-26,1000000.00,4.084201,102.849609375
08:01:53,912810UC0,TSRYS5860825,D,B,C,2024-08-26,16000000.00,4.080083,102.921875
08:01:53,912810UC0,TSRYS5860825,D,B,C,2024-08-26,21000000.00,4.080083,102.921875
08:01:53,912810UC0,TSRYS5860825,D,S,C,2024-08-26,1000000.00,4.105973,102.46875
08:01:55,912810UC0,TSRYS5860825,D,S,D,2024-08-26,1000000.00,4.085983,102.818359375
08:01:56,912810UC0,TSRYS5860825,D,S,T,2024-08-26,1000000.00,4.079193,102.9375
08:01:56,912810UC0,TSRYS5860825,D,B,A,2024-08-26,1000000.00,4.079193,102.9375
08:01:57,912810UC0,TSRYS5860825,D,B,C,2024-08-26,1000000.00,4.084535,102.84375
08:01:57,912810UC0,TSRYS5860825,D,S,D,2024-08-26,1000000.00,4.084535,102.84375
08:01:57,912810UC0,TSRYS5860825,D,B,C,2024-08-26,20000000.00,4.080106,102.921475
08:01:57,912810UC0,TSRYS5860825,D,S,T,2024-08-26,1000000.00,4.079082,102.939453125
08:01:58,912810UC0,TSRYS5860825,D,S,T,2024-08-26,1000000.00,4.07897,102.94140625
08:01:58,912810UC0,TSRYS5860825,D,B,C,2024-08-26,1000000.00,4.105302,102.48046875
08:01:58,912810UC0,TSRYS5860825,D,B,C,2024-08-26,1000000.00,4.104966,102.48632812
08:01:58,912810UC0,TSRYS5860825,D,S,T,2024-08-26,1000000.00,4.079193,102.9375
08:01:58,912810UC0,TSRYS5860825,D,S,T,2024-08-26,1000000.00,4.079193,102.9375
08:01:58,912810UC0,TSRYS5860825,D,S,T,2024-08-26,1000000.00,4.079193,102.9375
08:01:58,912810UC0,TSRYS5860825,D,S,D,2024-08-26,1000000.00,4.084535,102.84375
08:01:58,912810UC0,TSRYS5860825,D,S,C,2024-08-26,1000000.00,4.082754,102.875
08:01:58,912810UC0,TSRYS5860825,D,S,T,2024-08-26,1000000.00,4.079193,102.9375
08:01:58,912810UC0,TSRYS5860825,D,S,D,2024-08-26,1000000.00,4.082754,102.875
08:01:58,912810UC0,TSRYS5860825,D,S,C,2024-08-26,1000000.00,4.077408,102.96885
08:01:58,912810UC0,TSRYS5860825,D,S,C,2024-08-26,1000000.00,4.077414,102.96875
08:01:58,912810UC0,TSRYS5860825,D,S,C,2024-08-26,1000000.00,4.077408,102.96885
08:01:59,912810UC0,TSRYS5860825,D,B,C,2024-08-26,1000000.00,4.103959,102.50390625
08:01:59,912810UC0,TSRYS5860825,D,S,D,2024-08-26,1000000.00,4.078303,102.953125
08:01:59,912810UC0,TSRYS5860825,D,S,D,2024-08-26,2000000.00,4.079193,102.9375
08:01:59,912810UC0,TSRYS5860825,D,B,C,2024-08-26,2000000.00,4.079193,102.9375
08:01:59,912810UC0,TSRYS5860825,D,S,D,2024-08-26,1000000.00,4.079193,102.9375
08:01:59,912810UC0,TSRYS5860825,D,S,C,2024-08-26,1000000.00,4.079193,102.9375
08:01:59,912810UC0,TSRYS5860825,D,S,C,2024-08-26,1000000.00,4.079193,102.9375
08:01:59,912810UC0,TSRYS5860825,D,S,C,2024-08-26,1000000.00,4.078303,102.953125
08:01:59,912810UC0,TSRYS5860825,D,S,C,2024-08-26,1000000.00,4.077414,102.96875
08:01:59,912810UC0,TSRYS5860825,D,B,C,2024-08-26,1000000.00,4.078314,102.952925
08:01:59,912810UC0,TSRYS5860825,D,S,D,2024-08-26,1000000.00,4.078303,102.953125
08:01:59,912810UC0,TSRYS5860825,D,S,D,2024-08-26,1000000.00,4.079193,102.9375
08:01:59,912810UC0,TSRYS5860825,D,S,D,2024-08-26,1000000.00,4.078303,102.953125
08:01:59,912810UC0,TSRYS5860825,D,B,C,2024-08-26,1000000.00,4.080083,102.921875
08:01:59,912810UC0,TSRYS5860825,D,S,C,2024-08-26,1000000.00,4.080083,102.921875
08:01:59,912810UC0,TSRYS5860825,D,S,D,2024-08-26,1000000.00,4.079193,102.9375
08:01:59,912810UC0,TSRYS5860825,D,B,C,2024-08-26,1000000.00,4.079201,102.937348
08:01:59,912810UC0,TSRYS5860825,D,S,T,2024-08-26,1000000.00,4.079971,102.923828125
08:01:59,912810UC0,TSRYS5860825,D,S,T,2024-08-26,1000000.00,4.079749,102.927734375
08:02:00,912810UC0,TSRYS5860825,D,S,T,2024-08-26,1000000.00,4.079971,102.923828125
08:02:00,912810UC0,TSRYS5860825,D,S,T,2024-08-26,1000000.00,4.080083,102.921875
08:02:00,912810UC0,TSRYS5860825,D,S,T,2024-08-26,1000000.00,4.080083,102.921875
08:02:00,912810UC0,TSRYS5860825,D,S,T,2024-08-26,1000000.00,4.080083,102.921875
08:02:00,912810UC0,TSRYS5860825,D,S,T,2024-08-26,1000000.00,4.080083,102.921875
08:02:00,912810UC0,TSRYS5860825,D,S,T,2024-08-26,1000000.00,4.080083,102.921875
08:02:00,912810UC0,TSRYS5860825,D,S,T,2024-08-26,1000000.00,4.080083,102.921875
08:02:00,912810UC0,TSRYS5860825,D,S,D,2024-08-26,1000000.00,4.075625,103.000177
08:02:00,912810UC0,TSRYS5860825,D,S,T,2024-08-26,1000000.00,4.080083,102.921875
08:02:00,912810UC0,TSRYS5860825,D,S,C,2024-08-26,1000000.00,4.073857,103.03125
08:02:00,912810UC0,TSRYS5860825,D,S,C,2024-08-26,1000000.00,4.073846,103.03145
08:02:00,912810UC0,TSRYS5860825,D,S,D,2024-08-26,1000000.00,4.073857,103.03125
08:02:00,912810UC0,TSRYS5860825,D,B,A,2024-08-26,1788000.00,4.088547,102.7734375
08:02:00,912810UC0,TSRYS5860825,D,S,D,2024-08-26,1000000.00,4.084424,102.845703125
08:02:00,912810UC0,TSRYS5860825,D,S,D,2024-08-26,1000000.00,4.084312,102.84765625
08:02:00,912810UC0,TSRYS5860825,D,S,D,2024-08-26,1000000.00,4.084312,102.84765625
08:02:00,912810UC0,TSRYS5860825,D,S,D,2024-08-26,1000000.00,4.084312,102.84765625
08:02:01,912810UC0,TSRYS5860825,D,B,C,2024-08-26,1000000.00,4.101051,102.5546875
08:02:01,912810UC0,TSRYS5860825,D,S,C,2024-08-26,1000000.00,4.078303,102.953125
08:02:01,912810UC0,TSRYS5860825,D,S,D,2024-08-26,1000000.00,4.084758,102.83984375
08:02:01,912810UC0,TSRYS5860825,D,S,C,2024-08-26,1000000.00,4.078303,102.953125
08:02:01,912810UC0,TSRYS5860825,D,S,C,2024-08-26,1000000.00,4.078292,102.953325
08:02:01,912810UC0,TSRYS5860825,D,B,C,2024-08-26,1000000.00,4.079193,102.9375
08:02:01,912810UC0,TSRYS5860825,D,S,D,2024-08-26,1000000.00,4.079193,102.9375
08:02:01,912810UC0,TSRYS5860825,D,S,D,2024-08-26,1000000.00,4.079193,102.9375
08:02:01,912810UC0,TSRYS5860825,D,B,C,2024-08-26,1000000.00,4.079193,102.9375
08:02:01,912810UC0,TSRYS5860825,D,S,D,2024-08-26,1000000.00,4.10161,102.54492187
08:02:01,912810UC0,TSRYS5860825,D,S,D,2024-08-26,1000000.00,4.079193,102.9375
08:02:01,912810UC0,TSRYS5860825,D,S,D,2024-08-26,1000000.00,4.079193,102.9375
08:02:01,912810UC0,TSRYS5860825,D,S,D,2024-08-26,1000000.00,4.079193,102.9375
08:02:01,912810UC0,TSRYS5860825,D,S,D,2024-08-26,1000000.00,4.079193,102.9375
08:02:01,912810UC0,TSRYS5860825,D,S,D,2024-08-26,1000000.00,4.10161,102.54492187
08:02:01,912810UC0,TSRYS5860825,D,S,C,2024-08-26,1000000.00,4.080071,102.922075
08:02:01,912810UC0,TSRYS5860825,D,S,D,2024-08-26,1000000.00,4.080083,102.921875
08:02:01,912810UC0,TSRYS5860825,D,S,C,2024-08-26,1000000.00,4.080071,102.922075
08:02:01,912810UC0,TSRYS5860825,D,S,C,2024-08-26,1000000.00,4.080071,102.922075
08:02:01,912810UC0,TSRYS5860825,D,S,D,2024-08-26,1000000.00,4.10161,102.54492187
08:02:01,912810UC0,TSRYS5860825,D,S,C,2024-08-26,1000000.00,4.080074,102.922025
08:02:01,912810UC0,TSRYS5860825,D,S,C,2024-08-26,3000000.00,4.080973,102.90625
08:02:01,912810UC0,TSRYS5860825,D,S,C,2024-08-26,1000000.00,4.080961,102.90645
08:02:01,912810UC0,TSRYS5860825,D,S,D,2024-08-26,1000000.00,4.080973,102.90625
08:02:01,912810UC0,TSRYS5860825,D,S,C,2024-08-26,1000000.00,4.080973,102.90625
08:02:01,912810UC0,TSRYS5860825,D,B,C,2024-08-26,1000000.00,4.080984,102.90605
08:02:01,912810UC0,TSRYS5860825,D,S,C,2024-08-26,1000000.00,4.080961,102.90645
08:02:01,912810UC0,TSRYS5860825,D,S,D,2024-08-26,1000000.00,4.080973,102.90625
08:02:01,912810UC0,TSRYS5860825,D,S,D,2024-08-26,1000000.00,4.081863,102.890625
08:02:01,912810UC0,TSRYS5860825,D,S,C,2024-08-26,1000000.00,4.081852,102.890825
08:02:01,912810UC0,TSRYS5860825,D,S,C,2024-08-26,1000000.00,4.080963,102.906425
08:02:01,912810UC0,TSRYS5860825,D,S,D,2024-08-26,1000000.00,4.10161,102.54492187
08:02:01,912810UC0,TSRYS5860825,D,B,C,2024-08-26,20000000.00,4.080996,102.90585
08:02:01,912810UC0,TSRYS5860825,D,S,D,2024-08-26,1000000.00,4.10161,102.54492187
08:02:01,912810UC0,TSRYS5860825,D,S,T,2024-08-26,2000000.00,4.103288,102.515625
08:02:02,912810UC0,TSRYS5860825,D,S,T,2024-08-26,1000000.00,4.080973,102.90625
08:02:02,912810UC0,TSRYS5860825,D,S,T,2024-08-26,1000000.00,4.080973,102.90625
08:02:02,912810UC0,TSRYS5860825,D,B,C,2024-08-26,1000000.00,4.081863,102.890625
08:02:02,912810UC0,TSRYS5860825,D,S,C,2024-08-26,1000000.00,4.081863,102.890625
08:02:02,912810UC0,TSRYS5860825,D,B,C,2024-08-26,1000000.00,4.10284,102.5234375
08:02:02,912810UC0,TSRYS5860825,D,S,T,2024-08-26,1000000.00,4.080862,102.908203125
08:02:02,912810UC0,TSRYS5860825,D,S,A,2024-08-26,312200.00,4.088324,102.77734375
08:02:02,912810UC0,TSRYS5860825,D,B,C,2024-08-26,1000000.00,4.081875,102.890425
08:02:02,912810UC0,TSRYS5860825,D,S,T,2024-08-26,1000000.00,4.080973,102.90625
08:02:02,912810UC0,TSRYS5860825,D,S,C,2024-08-26,1000000.00,4.081863,102.890625
08:02:02,912810UC0,TSRYS5860825,D,S,D,2024-08-26,1000000.00,4.081863,102.890625
08:02:02,912810UC0,TSRYS5860825,D,S,D,2024-08-26,1000000.00,4.081863,102.890625
08:02:02,912810UC0,TSRYS5860825,D,S,C,2024-08-26,1000000.00,4.081863,102.890625
08:02:02,912810UC0,TSRYS5860825,D,S,T,2024-08-26,1000000.00,4.080973,102.90625
08:02:02,912810UC0,TSRYS5860825,D,B,C,2024-08-26,1000000.00,4.104071,102.50195312
08:02:02,912810UC0,TSRYS5860825,D,S,T,2024-08-26,1000000.00,4.080973,102.90625
08:02:02,912810UC0,TSRYS5860825,D,S,T,2024-08-26,3000000.00,4.080973,102.90625
08:02:02,912810UC0,TSRYS5860825,D,S,D,2024-08-26,1000000.00,4.104407,102.49609375
08:02:02,912810UC0,TSRYS5860825,D,S,D,2024-08-26,1000000.00,4.080083,102.921875
08:02:02,912810UC0,TSRYS5860825,D,S,T,2024-08-26,1000000.00,4.080973,102.90625
08:02:02,912810UC0,TSRYS5860825,D,S,D,2024-08-26,1000000.00,4.104407,102.49609375
08:02:02,912810UC0,TSRYS5860825,D,S,T,2024-08-26,1000000.00,4.080973,102.90625
08:02:02,912810UC0,TSRYS5860825,D,S,D,2024-08-26,1000000.00,4.106085,102.46679687
08:02:03,912810UC0,TSRYS5860825,D,S,T,2024-08-26,1000000.00,4.080973,102.90625
08:02:03,912810UC0,TSRYS5860825,D,S,T,2024-08-26,1000000.00,4.080973,102.90625
08:02:03,912810UC0,TSRYS5860825,D,S,D,2024-08-26,1000000.00,4.106645,102.45703125
08:02:03,912810UC0,TSRYS5860825,D,S,D,2024-08-26,1000000.00,4.106645,102.45703125
08:02:03,912810UC0,TSRYS5860825,D,S,D,2024-08-26,1000000.00,4.106421,102.4609375
08:02:03,912810UC0,TSRYS5860825,D,S,D,2024-08-26,1000000.00,4.104854,102.48828125
08:02:03,912810UC0,TSRYS5860825,D,S,D,2024-08-26,1000000.00,4.104854,102.48828125
08:02:04,912810UC0,TSRYS5860825,D,S,D,2024-08-26,1000000.00,4.104742,102.49023437
08:02:04,912810UC0,TSRYS5860825,D,S,D,2024-08-26,1000000.00,4.10463,102.4921875
08:02:04,912810UC0,TSRYS5860825,D,B,C,2024-08-26,12000000.00,4.103754,102.50749
08:02:04,912810UC0,TSRYS5860825,D,S,T,2024-08-26,1000000.00,4.080973,102.90625
08:02:04,912810UC0,TSRYS5860825,D,S,T,2024-08-26,1000000.00,4.080973,102.90625
08:02:04,912810UC0,TSRYS5860825,D,S,T,2024-08-26,1000000.00,4.080862,102.908203125
08:02:04,912810UC0,TSRYS5860825,D,S,T,2024-08-26,1000000.00,4.080973,102.90625
08:02:05,912810UC0,TSRYS5860825,D,S,T,2024-08-26,1000000.00,4.080973,102.90625
08:02:05,912810UC0,TSRYS5860825,D,S,T,2024-08-26,1000000.00,4.079193,102.9375
08:02:05,912810UC0,TSRYS5860825,D,S,T,2024-08-26,1000000.00,4.075635,103.0
08:02:05,912810UC0,TSRYS5860825,D,S,T,2024-08-26,1000000.00,4.082754,102.875
08:02:05,912810UC0,TSRYS5860825,D,S,T,2024-08-26,1000000.00,4.084535,102.84375
08:02:05,912810UC0,TSRYS5860825,D,S,T,2024-08-26,1000000.00,4.084535,102.84375
08:02:05,912810UC0,TSRYS5860825,D,S,T,2024-08-26,1000000.00,4.083644,102.859375
08:02:05,912810UC0,TSRYS5860825,D,S,T,2024-08-26,1000000.00,4.080973,102.90625
08:02:05,912810UC0,TSRYS5860825,D,S,T,2024-08-26,1000000.00,4.081307,102.900390625
08:02:05,912810UC0,TSRYS5860825,D,S,T,2024-08-26,1000000.00,4.080973,102.90625
08:02:05,912810UC0,TSRYS5860825,D,S,T,2024-08-26,1000000.00,4.080973,102.90625
08:02:05,912810UC0,TSRYS5860825,D,S,T,2024-08-26,1000000.00,4.082754,102.875
