tradeTime,cusip,issueSymbolIdentifier,priceType,reportingSideCode,contraPartyTypeCode,tradeDate,reportedTradeVolume,lastSaleYield,lastSalePrice
08:00:05,912810UA4,TSRYS5802849,D,S,T,2024-07-15,1000000.00,4.454184,102.798828125
08:00:05,912810UA4,TSRYS5802849,D,S,D,2024-07-15,1000000.00,4.451969,102.8359375
08:00:05,912810UA4,TSRYS5802849,D,S,T,2024-07-15,1000000.00,4.434754,103.125
08:00:05,912810UA4,TSRYS5802849,D,S,D,2024-07-15,1000000.00,4.437889,103.072265625
08:00:05,912810UA4,TSRYS5802849,D,S,T,2024-07-15,1000000.00,4.435218,103.1171875
08:00:05,912810UA4,TSRYS5802849,D,S,T,2024-07-15,1000000.00,4.435682,103.109375
08:00:09,912810UA4,TSRYS5802849,D,S,T,2024-07-15,1000000.00,4.435682,103.109375
08:00:09,912810UA4,TSRYS5802849,D,S,D,2024-07-15,1000000.00,4.435566,103.111328125
08:00:09,912810UA4,TSRYS5802849,D,S,D,2024-07-15,1000000.00,4.435566,103.111328125
08:00:09,912810UA4,TSRYS5802849,D,S,T,2024-07-15,1000000.00,4.44219,103.0
08:00:09,912810UA4,TSRYS5802849,D,S,D,2024-07-15,1000000.00,4.446844,102.921875
08:00:09,912810UA4,TSRYS5802849,D,S,T,2024-07-15,1000000.00,4.446844,102.921875
08:00:09,912810UA4,TSRYS5802849,D,S,D,2024-07-15,1000000.00,4.446495,102.927734375
08:00:09,912810UA4,TSRYS5802849,D,S,D,2024-07-15,1000000.00,4.448707,102.890625
08:00:09,912810UA4,TSRYS5802849,D,S,T,2024-07-15,1000000.00,4.449639,102.875
08:00:09,912810UA4,TSRYS5802849,D,S,T,2024-07-15,1000000.00,4.451619,102.841796875
08:00:09,912810UA4,TSRYS5802849,D,S,D,2024-07-15,1000000.00,4.452086,102.833984375
08:00:09,912810UA4,TSRYS5802849,D,S,D,2024-07-15,1000000.00,4.452086,102.833984375
08:00:09,912810UA4,TSRYS5802849,D,S,D,2024-07-15,1000000.00,4.454651,102.791015625
08:00:09,912810UA4,TSRYS5802849,D,S,D,2024-07-15,1000000.00,4.454651,102.791015625
08:00:09,912810UA4,TSRYS5802849,D,S,T,2024-07-15,1000000.00,4.4564,102.76171875
08:00:09,912810UA4,TSRYS5802849,D,S,D,2024-07-15,1000000.00,4.457101,102.75
08:00:09,912810UA4,TSRYS5802849,D,S,D,2024-07-15,1000000.00,4.457217,102.748046875
08:00:09,912810UA4,TSRYS5802849,D,S,D,2024-07-15,1000000.00,4.457101,102.75
08:00:09,912810UA4,TSRYS5802849,D,S,D,2024-07-15,1000000.00,4.457101,102.75
08:00:09,912810UA4,TSRYS5802849,D,S,D,2024-07-15,1000000.00,4.457217,102.748046875
08:00:09,912810UA4,TSRYS5802849,D,S,D,2024-07-15,1000000.00,4.453834,102.8046875
08:00:09,912810UA4,TSRYS5802849,D,S,D,2024-07-15,1000000.00,4.453834,102.8046875
08:00:09,912810UA4,TSRYS5802849,D,S,D,2024-07-15,1000000.00,4.453834,102.8046875
08:00:09,912810UA4,TSRYS5802849,D,S,D,2024-07-15,1000000.00,4.453834,102.8046875
08:00:09,912810UA4,TSRYS5802849,D,S,D,2024-07-15,1000000.00,4.453834,102.8046875
08:00:09,912810UA4,TSRYS5802849,D,B,C,2024-07-15,6000000.00,4.451969,102.8359375
08:00:09,912810UA4,TSRYS5802849,D,S,D,2024-07-15,1000000.00,4.451037,102.8515625
08:00:09,912810UA4,TSRYS5802849,D,S,D,2024-07-15,1000000.00,4.451037,102.8515625
08:00:09,912810UA4,TSRYS5802849,D,S,D,2024-07-15,1000000.00,4.457217,102.748046875
08:00:09,912810UA4,TSRYS5802849,D,S,D,2024-07-15,1000000.00,4.457217,102.748046875
08:00:09,912810UA4,TSRYS5802849,D,S,D,2024-07-15,1000000.00,4.457217,102.748046875
08:00:09,912810UA4,TSRYS5802849,D,S,D,2024-07-15,1000000.00,4.457217,102.748046875
08:00:09,912810UA4,TSRYS5802849,D,S,T,2024-07-15,1000000.00,4.457217,102.748046875
08:00:09,912810UA4,TSRYS5802849,D,S,D,2024-07-15,1000000.00,4.457451,102.744140625
08:00:09,912810UA4,TSRYS5802849,D,S,D,2024-07-15,1000000.00,4.457451,102.744140625
08:00:09,912810UA4,TSRYS5802849,D,S,D,2024-07-15,1000000.00,4.457217,102.748046875
08:00:09,912810UA4,TSRYS5802849,D,S,T,2024-07-15,1000000.00,4.457101,102.75
08:00:09,912810UA4,TSRYS5802849,D,S,T,2024-07-15,1000000.00,4.461771,102.671875
08:00:09,912810UA4,TSRYS5802849,D,S,D,2024-07-15,1000000.00,4.461771,102.671875
08:00:09,912810UA4,TSRYS5802849,D,S,D,2024-07-15,1000000.00,4.461771,102.671875
08:00:09,912810UA4,TSRYS5802849,D,S,D,2024-07-15,1000000.00,4.461771,102.671875
08:00:09,912810UA4,TSRYS5802849,D,S,D,2024-07-15,1000000.00,4.461771,102.671875
08:00:09,912810UA4,TSRYS5802849,D,S,T,2024-07-15,1000000.00,4.461771,102.671875
08:00:09,912810UA4,TSRYS5802849,D,S,T,2024-07-15,1000000.00,4.463757,102.638671875
08:00:09,912810UA4,TSRYS5802849,D,S,D,2024-07-15,1000000.00,4.463757,102.638671875
08:00:09,912810UA4,TSRYS5802849,D,B,C,2024-07-15,1000000.00,4.464926,102.619140625
08:00:09,912810UA4,TSRYS5802849,D,B,C,2024-07-15,1000000.00,4.464926,102.619140625
08:00:09,912810UA4,TSRYS5802849,D,B,C,2024-07-15,1000000.00,4.465043,102.6171875
08:00:09,912810UA4,TSRYS5802849,D,B,C,2024-07-15,1000000.00,4.465043,102.6171875
08:00:09,912810UA4,TSRYS5802849,D,S,D,2024-07-15,1000000.00,4.465628,102.607421875
08:00:09,912810UA4,TSRYS5802849,D,S,D,2024-07-15,1000000.00,4.46516,102.615234375
08:00:09,912810UA4,TSRYS5802849,D,S,D,2024-07-15,1000000.00,4.46516,102.615234375
08:00:09,912810UA4,TSRYS5802849,D,S,D,2024-07-15,1000000.00,4.46516,102.615234375
08:00:09,912810UA4,TSRYS5802849,D,S,D,2024-07-15,1000000.00,4.46516,102.615234375
08:00:09,912810UA4,TSRYS5802849,D,S,D,2024-07-15,1000000.00,4.46516,102.615234375
08:00:09,912810UA4,TSRYS5802849,D,S,D,2024-07-15,1000000.00,4.46516,102.615234375
08:00:09,912810UA4,TSRYS5802849,D,S,A,2024-07-15,500000.00,4.451736,102.83984375
08:00:09,912810UA4,TSRYS5802849,D,B,A,2024-07-15,3798000.00,4.457101,102.75
08:00:09,912810UA4,TSRYS5802849,D,S,D,2024-07-15,1000000.00,4.444865,102.955078125
08:00:09,912810UA4,TSRYS5802849,D,S,D,2024-07-15,1000000.00,4.443818,102.97265625
08:00:09,912810UA4,TSRYS5802849,D,S,D,2024-07-15,1000000.00,4.444051,102.96875
08:00:09,912810UA4,TSRYS5802849,D,S,A,2024-07-15,500000.00,4.444051,102.96875
08:00:09,912810UA4,TSRYS5802849,D,S,T,2024-07-15,1000000.00,4.444865,102.955078125
08:00:09,912810UA4,TSRYS5802849,D,S,T,2024-07-15,1000000.00,4.443818,102.97265625
08:00:09,912810UA4,TSRYS5802849,D,S,T,2024-07-15,1000000.00,4.444051,102.96875
08:00:09,912810UA4,TSRYS5802849,D,S,D,2024-07-15,1000000.00,4.439748,103.041015625
08:00:09,912810UA4,TSRYS5802849,D,B,A,2024-07-15,100000.00,4.436147,103.1015625
08:00:09,912810UA4,TSRYS5802849,D,S,D,2024-07-15,1000000.00,4.439748,103.041015625
08:00:09,912810UA4,TSRYS5802849,D,S,D,2024-07-15,1000000.00,4.439748,103.041015625
08:00:09,912810UA4,TSRYS5802849,D,S,D,2024-07-15,1000000.00,4.442422,102.99609375
08:00:09,912810UA4,TSRYS5802849,D,S,D,2024-07-15,1000000.00,4.442422,102.99609375
08:00:09,912810UA4,TSRYS5802849,D,S,D,2024-07-15,1000000.00,4.443236,102.982421875
08:00:09,912810UA4,TSRYS5802849,D,S,D,2024-07-15,1000000.00,4.443353,102.98046875
08:00:09,912810UA4,TSRYS5802849,D,S,D,2024-07-15,1000000.00,4.443469,102.978515625
08:00:09,912810UA4,TSRYS5802849,D,S,D,2024-07-15,1000000.00,4.444982,102.953125
08:00:09,912810UA4,TSRYS5802849,D,S,D,2024-07-15,1000000.00,4.444865,102.955078125
08:00:09,912810UA4,TSRYS5802849,D,S,D,2024-07-15,1000000.00,4.444982,102.953125
08:00:09,912810UA4,TSRYS5802849,D,S,D,2024-07-15,1000000.00,4.445214,102.94921875
08:00:09,912810UA4,TSRYS5802849,D,S,D,2024-07-15,1000000.00,4.445214,102.94921875
08:00:09,912810UA4,TSRYS5802849,D,S,D,2024-07-15,1000000.00,4.445098,102.951171875
08:00:09,912810UA4,TSRYS5802849,D,S,D,2024-07-15,1000000.00,4.445214,102.94921875
08:00:09,912810UA4,TSRYS5802849,D,S,D,2024-07-15,1000000.00,4.445214,102.94921875
08:00:09,912810UA4,TSRYS5802849,D,S,D,2024-07-15,1000000.00,4.444865,102.955078125
08:00:09,912810UA4,TSRYS5802849,D,S,D,2024-07-15,2000000.00,4.444865,102.955078125
08:00:09,912810UA4,TSRYS5802849,D,S,T,2024-07-15,1000000.00,4.43847,103.0625
08:00:10,912810UA4,TSRYS5802849,D,S,T,2024-07-15,2000000.00,4.444051,102.96875
08:00:11,912810UA4,TSRYS5802849,D,B,C,2024-07-15,1000000.00,4.438238,103.06640625
08:00:12,912810UA4,TSRYS5802849,D,B,A,2024-07-15,700000.00,4.437308,103.08203125
08:00:12,912810UA4,TSRYS5802849,D,S,T,2024-07-15,1000000.00,4.435566,103.111328125
08:00:12,912810UA4,TSRYS5802849,D,S,T,2024-07-15,1000000.00,4.435566,103.111328125
08:00:12,912810UA4,TSRYS5802849,D,S,T,2024-07-15,1000000.00,4.436031,103.103515625
08:00:12,912810UA4,TSRYS5802849,D,S,T,2024-07-15,1000000.00,4.435682,103.109375
08:00:12,912810UA4,TSRYS5802849,D,S,T,2024-07-15,1000000.00,4.436031,103.103515625
08:00:12,912810UA4,TSRYS5802849,D,S,T,2024-07-15,1000000.00,4.436147,103.1015625
08:00:12,912810UA4,TSRYS5802849,D,S,T,2024-07-15,1000000.00,4.436147,103.1015625
08:00:12,912810UA4,TSRYS5802849,D,S,T,2024-07-15,1000000.00,4.436495,103.095703125
08:00:14,912810UA4,TSRYS5802849,D,S,D,2024-07-15,1000000.00,4.451503,102.84375
08:00:14,912810UA4,TSRYS5802849,D,S,D,2024-07-15,1000000.00,4.451037,102.8515625
08:00:14,912810UA4,TSRYS5802849,D,S,D,2024-07-15,1000000.00,4.451503,102.84375
08:00:14,912810UA4,TSRYS5802849,D,S,T,2024-07-15,1000000.00,4.451503,102.84375
08:00:14,912810UA4,TSRYS5802849,D,S,T,2024-07-15,1000000.00,4.452668,102.82421875
08:00:14,912810UA4,TSRYS5802849,D,S,T,2024-07-15,1000000.00,4.457101,102.75
08:00:14,912810UA4,TSRYS5802849,D,S,T,2024-07-15,1000000.00,4.455234,102.78125
08:00:14,912810UA4,TSRYS5802849,D,S,T,2024-07-15,1000000.00,4.453368,102.8125
08:00:14,912810UA4,TSRYS5802849,D,S,T,2024-07-15,1000000.00,4.448707,102.890625
08:00:14,912810UA4,TSRYS5802849,D,S,T,2024-07-15,1000000.00,4.44312,102.984375
08:00:14,912810UA4,TSRYS5802849,D,S,T,2024-07-15,1000000.00,4.44219,103.0
08:00:14,912810UA4,TSRYS5802849,D,S,T,2024-07-15,1000000.00,4.44219,103.0
08:00:14,912810UA4,TSRYS5802849,D,S,T,2024-07-15,1000000.00,4.436263,103.099609375
08:00:14,912810UA4,TSRYS5802849,D,S,T,2024-07-15,1000000.00,4.434754,103.125
08:00:14,912810UA4,TSRYS5802849,D,S,D,2024-07-15,1000000.00,4.437541,103.078125
08:00:18,912810UA4,TSRYS5802849,D,S,D,2024-07-15,1000000.00,4.438935,103.0546875
08:00:18,912810UA4,TSRYS5802849,D,S,T,2024-07-15,1000000.00,4.439167,103.05078125
08:00:18,912810UA4,TSRYS5802849,D,S,T,2024-07-15,1000000.00,4.438354,103.064453125
08:00:18,912810UA4,TSRYS5802849,D,S,T,2024-07-15,1000000.00,4.437541,103.078125
08:00:18,912810UA4,TSRYS5802849,D,S,T,2024-07-15,1000000.00,4.437773,103.07421875
08:00:18,912810UA4,TSRYS5802849,D,S,D,2024-07-15,1000000.00,4.435218,103.1171875
08:00:18,912810UA4,TSRYS5802849,D,S,T,2024-07-15,1000000.00,4.436611,103.09375
08:00:18,912810UA4,TSRYS5802849,D,S,T,2024-07-15,1000000.00,4.436611,103.09375
08:00:18,912810UA4,TSRYS5802849,D,S,T,2024-07-15,1000000.00,4.435682,103.109375
08:00:18,912810UA4,TSRYS5802849,D,S,T,2024-07-15,1000000.00,4.434754,103.125
08:00:18,912810UA4,TSRYS5802849,D,S,T,2024-07-15,1000000.00,4.434754,103.125
08:00:18,912810UA4,TSRYS5802849,D,S,T,2024-07-15,1000000.00,4.433825,103.140625
08:00:18,912810UA4,TSRYS5802849,D,S,T,2024-07-15,1000000.00,4.436611,103.09375
08:00:18,912810UA4,TSRYS5802849,D,S,T,2024-07-15,1000000.00,4.437541,103.078125
08:00:18,912810UA4,TSRYS5802849,D,S,T,2024-07-15,1000000.00,4.436379,103.09765625
08:00:18,912810UA4,TSRYS5802849,D,S,T,2024-07-15,1000000.00,4.44219,103.0
08:00:18,912810UA4,TSRYS5802849,D,S,T,2024-07-15,1000000.00,4.442422,102.99609375
08:00:18,912810UA4,TSRYS5802849,D,S,D,2024-07-15,1000000.00,4.448241,102.8984375
08:00:18,912810UA4,TSRYS5802849,D,S,T,2024-07-15,1000000.00,4.448357,102.896484375
08:00:18,912810UA4,TSRYS5802849,D,S,D,2024-07-15,1000000.00,4.448125,102.900390625
08:00:18,912810UA4,TSRYS5802849,D,S,T,2024-07-15,1000000.00,4.448241,102.8984375
08:00:18,912810UA4,TSRYS5802849,D,S,T,2024-07-15,1000000.00,4.450338,102.86328125
08:00:18,912810UA4,TSRYS5802849,D,S,T,2024-07-15,1000000.00,4.450804,102.85546875
08:00:18,912810UA4,TSRYS5802849,D,S,D,2024-07-15,1000000.00,4.451037,102.8515625
08:00:18,912810UA4,TSRYS5802849,D,S,T,2024-07-15,1000000.00,4.454068,102.80078125
08:00:18,912810UA4,TSRYS5802849,D,S,T,2024-07-15,1000000.00,4.45675,102.755859375
08:00:18,912810UA4,TSRYS5802849,D,S,D,2024-07-15,1000000.00,4.451037,102.8515625
08:00:18,912810UA4,TSRYS5802849,D,S,T,2024-07-15,1000000.00,4.453368,102.8125
08:00:18,912810UA4,TSRYS5802849,D,S,T,2024-07-15,1000000.00,4.455234,102.78125
08:00:18,912810UA4,TSRYS5802849,D,S,T,2024-07-15,1000000.00,4.455234,102.78125
08:00:18,912810UA4,TSRYS5802849,D,S,T,2024-07-15,1000000.00,4.455234,102.78125
08:00:18,912810UA4,TSRYS5802849,D,S,T,2024-07-15,1000000.00,4.457101,102.75
08:00:18,912810UA4,TSRYS5802849,D,S,T,2024-07-15,1000000.00,4.458968,102.71875
08:00:18,912810UA4,TSRYS5802849,D,S,T,2024-07-15,1000000.00,4.458968,102.71875
08:00:18,912810UA4,TSRYS5802849,D,S,T,2024-07-15,1000000.00,4.459435,102.7109375
08:00:18,912810UA4,TSRYS5802849,D,S,T,2024-07-15,1000000.00,4.459435,102.7109375
08:00:18,912810UA4,TSRYS5802849,D,S,T,2024-07-15,1000000.00,4.457101,102.75
08:00:18,912810UA4,TSRYS5802849,D,S,T,2024-07-15,2000000.00,4.457101,102.75
08:00:18,912810UA4,TSRYS5802849,D,S,T,2024-07-15,1000000.00,4.455234,102.78125
08:00:18,912810UA4,TSRYS5802849,D,S,D,2024-07-15,1000000.00,4.459435,102.7109375
08:00:18,912810UA4,TSRYS5802849,D,S,T,2024-07-15,1000000.00,4.463991,102.634765625
08:00:18,912810UA4,TSRYS5802849,D,S,T,2024-07-15,1000000.00,4.464108,102.6328125
08:00:18,912810UA4,TSRYS5802849,D,S,T,2024-07-15,1000000.00,4.464108,102.6328125
08:00:18,912810UA4,TSRYS5802849,D,S,T,2024-07-15,1000000.00,4.463874,102.63671875
08:00:18,912810UA4,TSRYS5802849,D,S,T,2024-07-15,1000000.00,4.463874,102.63671875
08:00:18,912810UA4,TSRYS5802849,D,S,T,2024-07-15,1000000.00,4.463874,102.63671875
08:00:18,912810UA4,TSRYS5802849,D,S,T,2024-07-15,1000000.00,4.47019,102.53125
08:00:18,912810UA4,TSRYS5802849,D,S,T,2024-07-15,1000000.00,4.47019,102.53125
08:00:18,912810UA4,TSRYS5802849,D,S,T,2024-07-15,1000000.00,4.470893,102.51953125
08:00:18,912810UA4,TSRYS5802849,D,S,T,2024-07-15,1000000.00,4.477688,102.40625
08:00:18,912810UA4,TSRYS5802849,D,S,T,2024-07-15,1000000.00,4.436495,103.095703125
08:00:18,912810UA4,TSRYS5802849,D,S,T,2024-07-15,1000000.00,4.436495,103.095703125
08:00:18,912810UA4,TSRYS5802849,D,S,T,2024-07-15,1000000.00,4.436611,103.09375
08:00:18,912810UA4,TSRYS5802849,D,S,T,2024-07-15,1000000.00,4.436611,103.09375
08:00:18,912810UA4,TSRYS5802849,D,S,T,2024-07-15,1000000.00,4.436611,103.09375
08:00:18,912810UA4,TSRYS5802849,D,S,T,2024-07-15,1000000.00,4.436728,103.091796875
08:00:18,912810UA4,TSRYS5802849,D,S,T,2024-07-15,1000000.00,4.436728,103.091796875
08:00:18,912810UA4,TSRYS5802849,D,S,T,2024-07-15,1000000.00,4.436263,103.099609375
08:00:18,912810UA4,TSRYS5802849,D,B,A,2024-07-15,29736000.00,4.437308,103.08203125
08:00:18,912810UA4,TSRYS5802849,D,S,T,2024-07-15,1000000.00,4.439748,103.041015625
08:00:18,912810UA4,TSRYS5802849,D,S,T,2024-07-15,1000000.00,4.439748,103.041015625
08:00:18,912810UA4,TSRYS5802849,D,S,T,2024-07-15,1000000.00,4.439748,103.041015625
08:00:18,912810UA4,TSRYS5802849,D,S,T,2024-07-15,1000000.00,4.442422,102.99609375
08:00:18,912810UA4,TSRYS5802849,D,S,T,2024-07-15,1000000.00,4.442422,102.99609375
08:00:18,912810UA4,TSRYS5802849,D,S,T,2024-07-15,1000000.00,4.443236,102.982421875
08:00:18,912810UA4,TSRYS5802849,D,S,T,2024-07-15,1000000.00,4.443353,102.98046875
08:00:22,912810UA4,TSRYS5802849,D,S,T,2024-07-15,1000000.00,4.443469,102.978515625
08:00:22,912810UA4,TSRYS5802849,D,B,C,2024-07-15,5000000.00,4.44312,102.984375
08:00:22,912810UA4,TSRYS5802849,D,S,T,2024-07-15,1000000.00,4.444982,102.953125
08:00:22,912810UA4,TSRYS5802849,D,S,T,2024-07-15,1000000.00,4.444865,102.955078125
08:00:22,912810UA4,TSRYS5802849,D,S,T,2024-07-15,1000000.00,4.444982,102.953125
08:00:22,912810UA4,TSRYS5802849,D,S,T,2024-07-15,1000000.00,4.445214,102.94921875
08:00:22,912810UA4,TSRYS5802849,D,S,T,2024-07-15,1000000.00,4.445214,102.94921875
08:00:22,912810UA4,TSRYS5802849,D,S,T,2024-07-15,1000000.00,4.445098,102.951171875
08:00:22,912810UA4,TSRYS5802849,D,S,T,2024-07-15,1000000.00,4.445214,102.94921875
08:00:22,912810UA4,TSRYS5802849,D,S,T,2024-07-15,1000000.00,4.445214,102.94921875
08:00:22,912810UA4,TSRYS5802849,D,S,D,2024-07-15,1000000.00,4.436611,103.09375
08:00:22,912810UA4,TSRYS5802849,D,S,T,2024-07-15,1000000.00,4.444865,102.955078125
08:00:22,912810UA4,TSRYS5802849,D,S,T,2024-07-15,2000000.00,4.444865,102.955078125
08:00:22,912810UA4,TSRYS5802849,D,S,D,2024-07-15,1000000.00,4.444982,102.953125
08:00:23,912810UA4,TSRYS5802849,D,S,D,2024-07-15,1000000.00,4.434986,103.12109375
08:00:23,912810UA4,TSRYS5802849,D,S,D,2024-07-15,1000000.00,4.434754,103.125
08:00:24,912810UA4,TSRYS5802849,D,S,D,2024-07-15,1000000.00,4.434986,103.12109375
08:00:26,912810UA4,TSRYS5802849,D,S,D,2024-07-15,1000000.00,4.437076,103.0859375
08:00:26,912810UA4,TSRYS5802849,D,S,D,2024-07-15,1000000.00,4.436844,103.08984375
08:00:26,912810UA4,TSRYS5802849,D,B,C,2024-07-15,3000000.00,4.448731,102.890225
08:00:26,912810UA4,TSRYS5802849,D,S,D,2024-07-15,1000000.00,4.450571,102.859375
08:00:26,912810UA4,TSRYS5802849,D,S,D,2024-07-15,1000000.00,4.449639,102.875
08:00:26,912810UA4,TSRYS5802849,D,S,D,2024-07-15,1000000.00,4.449639,102.875
08:00:26,912810UA4,TSRYS5802849,D,S,D,2024-07-15,1000000.00,4.449639,102.875
08:00:26,912810UA4,TSRYS5802849,D,B,A,2024-07-15,2000000.00,4.449173,102.8828125
08:00:26,912810UA4,TSRYS5802849,D,S,D,2024-07-15,1000000.00,4.450571,102.859375
08:00:28,912810UA4,TSRYS5802849,D,S,D,2024-07-15,1000000.00,4.437541,103.078125
08:00:28,912810UA4,TSRYS5802849,D,S,D,2024-07-15,1000000.00,4.438935,103.0546875
08:00:29,912810UA4,TSRYS5802849,D,S,T,2024-07-15,1000000.00,4.4394,103.046875
08:00:29,912810UA4,TSRYS5802849,D,S,T,2024-07-15,1000000.00,4.435682,103.109375
08:00:29,912810UA4,TSRYS5802849,D,S,T,2024-07-15,1000000.00,4.435682,103.109375
08:00:29,912810UA4,TSRYS5802849,D,S,T,2024-07-15,1000000.00,4.475812,102.4375
08:00:29,912810UA4,TSRYS5802849,D,S,T,2024-07-15,1000000.00,4.475812,102.4375
08:00:29,912810UA4,TSRYS5802849,D,S,D,2024-07-15,1000000.00,4.44568,102.94140625
08:00:29,912810UA4,TSRYS5802849,D,S,D,2024-07-15,1000000.00,4.436611,103.09375
08:00:29,912810UA4,TSRYS5802849,D,S,D,2024-07-15,1000000.00,4.437773,103.07421875
08:00:29,912810UA4,TSRYS5802849,D,S,D,2024-07-15,1000000.00,4.438935,103.0546875
08:00:29,912810UA4,TSRYS5802849,D,S,D,2024-07-15,1000000.00,4.438935,103.0546875
08:00:29,912810UA4,TSRYS5802849,D,S,D,2024-07-15,1000000.00,4.437308,103.08203125
08:00:29,912810UA4,TSRYS5802849,D,S,D,2024-07-15,1000000.00,4.43545,103.11328125
08:00:29,912810UA4,TSRYS5802849,D,S,D,2024-07-15,1000000.00,4.436147,103.1015625
08:00:29,912810UA4,TSRYS5802849,D,S,D,2024-07-15,1000000.00,4.436379,103.09765625
08:00:29,912810UA4,TSRYS5802849,D,S,D,2024-07-15,1000000.00,4.437076,103.0859375
08:00:29,912810UA4,TSRYS5802849,D,S,D,2024-07-15,1000000.00,4.431736,103.17578125
08:00:29,912810UA4,TSRYS5802849,D,S,D,2024-07-15,1000000.00,4.436844,103.08984375
08:00:29,912810UA4,TSRYS5802849,D,S,D,2024-07-15,1000000.00,4.439632,103.04296875
08:00:29,912810UA4,TSRYS5802849,D,S,D,2024-07-15,1000000.00,4.444283,102.96484375
08:00:29,912810UA4,TSRYS5802849,D,S,D,2024-07-15,2000000.00,4.44568,102.94140625
08:00:29,912810UA4,TSRYS5802849,D,S,D,2024-07-15,1000000.00,4.447077,102.91796875
08:00:29,912810UA4,TSRYS5802849,D,S,D,2024-07-15,1000000.00,4.445214,102.94921875
08:00:33,912810UA4,TSRYS5802849,D,S,D,2024-07-15,2000000.00,4.451503,102.84375
08:00:33,912810UA4,TSRYS5802849,D,S,D,2024-07-15,1000000.00,4.459435,102.7109375
08:00:33,912810UA4,TSRYS5802849,D,S,T,2024-07-15,1000000.00,4.461771,102.671875
08:00:33,912810UA4,TSRYS5802849,D,S,D,2024-07-15,1000000.00,4.462939,102.65234375
08:00:33,912810UA4,TSRYS5802849,D,S,T,2024-07-15,1000000.00,4.46364,102.640625
08:00:33,912810UA4,TSRYS5802849,D,S,D,2024-07-15,1000000.00,4.470659,102.5234375
08:00:33,912810UA4,TSRYS5802849,D,S,D,2024-07-15,1000000.00,4.470659,102.5234375
08:00:33,912810UA4,TSRYS5802849,D,S,D,2024-07-15,3000000.00,4.475578,102.44140625
08:00:33,912810UA4,TSRYS5802849,D,S,D,2024-07-15,3000000.00,4.475578,102.44140625
08:00:33,912810UA4,TSRYS5802849,D,S,D,2024-07-15,1000000.00,4.475578,102.44140625
08:00:33,912810UA4,TSRYS5802849,D,S,D,2024-07-15,1000000.00,4.475109,102.44921875
08:00:33,912810UA4,TSRYS5802849,D,S,D,2024-07-15,1000000.00,4.474172,102.46484375
08:00:33,912810UA4,TSRYS5802849,D,S,D,2024-07-15,2000000.00,4.439167,103.05078125
08:00:33,912810UA4,TSRYS5802849,D,S,D,2024-07-15,1000000.00,4.440097,103.03515625
08:00:33,912810UA4,TSRYS5802849,D,S,D,2024-07-15,1000000.00,4.438238,103.06640625
08:00:33,912810UA4,TSRYS5802849,D,S,T,2024-07-15,1000000.00,4.436611,103.09375
08:00:33,912810UA4,TSRYS5802849,D,S,T,2024-07-15,1000000.00,4.436611,103.09375
08:00:33,912810UA4,TSRYS5802849,D,S,T,2024-07-15,1000000.00,4.4394,103.046875
08:00:33,912810UA4,TSRYS5802849,D,S,T,2024-07-15,1000000.00,4.437541,103.078125
08:00:33,912810UA4,TSRYS5802849,D,S,T,2024-07-15,1000000.00,4.436611,103.09375
08:00:33,912810UA4,TSRYS5802849,D,S,T,2024-07-15,1000000.00,4.436611,103.09375
08:00:33,912810UA4,TSRYS5802849,D,S,T,2024-07-15,1000000.00,4.436611,103.09375
08:00:33,912810UA4,TSRYS5802849,D,S,T,2024-07-15,1000000.00,4.436611,103.09375
08:00:33,912810UA4,TSRYS5802849,D,S,T,2024-07-15,1000000.00,4.436611,103.09375
08:00:33,912810UA4,TSRYS5802849,D,S,T,2024-07-15,1000000.00,4.436611,103.09375
08:00:33,912810UA4,TSRYS5802849,D,S,T,2024-07-15,1000000.00,4.436611,103.09375
08:00:33,912810UA4,TSRYS5802849,D,S,T,2024-07-15,1000000.00,4.436611,103.09375
08:00:33,912810UA4,TSRYS5802849,D,S,T,2024-07-15,1000000.00,4.436611,103.09375
08:00:33,912810UA4,TSRYS5802849,D,S,T,2024-07-15,1000000.00,4.436611,103.09375
08:00:37,912810UA4,TSRYS5802849,D,S,T,2024-07-15,1000000.00,4.437541,103.078125
08:00:37,912810UA4,TSRYS5802849,D,S,T,2024-07-15,1000000.00,4.437541,103.078125
08:00:37,912810UA4,TSRYS5802849,D,S,T,2024-07-15,1000000.00,4.437541,103.078125
08:00:37,912810UA4,TSRYS5802849,D,S,T,2024-07-15,1000000.00,4.436611,103.09375
08:00:37,912810UA4,TSRYS5802849,D,S,T,2024-07-15,1000000.00,4.436611,103.09375
08:00:37,912810UA4,TSRYS5802849,D,S,T,2024-07-15,1000000.00,4.436611,103.09375
08:00:37,912810UA4,TSRYS5802849,D,S,T,2024-07-15,1000000.00,4.436611,103.09375
08:00:37,912810UA4,TSRYS5802849,D,S,T,2024-07-15,1000000.00,4.436611,103.09375
08:00:37,912810UA4,TSRYS5802849,D,S,D,2024-07-15,1000000.00,4.436147,103.1015625
08:00:37,912810UA4,TSRYS5802849,D,S,T,2024-07-15,1000000.00,4.43847,103.0625
08:00:37,912810UA4,TSRYS5802849,D,S,T,2024-07-15,1000000.00,4.43847,103.0625
08:00:37,912810UA4,TSRYS5802849,D,S,D,2024-07-15,1000000.00,4.438935,103.0546875
08:00:37,912810UA4,TSRYS5802849,D,S,T,2024-07-15,1000000.00,4.43847,103.0625
08:00:37,912810UA4,TSRYS5802849,D,S,T,2024-07-15,1000000.00,4.436147,103.1015625
08:00:37,912810UA4,TSRYS5802849,D,S,T,2024-07-15,1000000.00,4.436031,103.103515625
08:00:37,912810UA4,TSRYS5802849,D,S,T,2024-07-15,1000000.00,4.436031,103.103515625
08:00:37,912810UA4,TSRYS5802849,D,S,T,2024-07-15,1000000.00,4.437541,103.078125
08:00:37,912810UA4,TSRYS5802849,D,S,T,2024-07-15,2000000.00,4.438702,103.05859375
08:00:37,912810UA4,TSRYS5802849,D,S,T,2024-07-15,1000000.00,4.43847,103.0625
08:00:37,912810UA4,TSRYS5802849,D,S,T,2024-07-15,1000000.00,4.43847,103.0625
08:00:37,912810UA4,TSRYS5802849,D,S,T,2024-07-15,1000000.00,4.435682,103.109375
08:00:37,912810UA4,TSRYS5802849,D,S,T,2024-07-15,1000000.00,4.435334,103.115234375
08:00:37,912810UA4,TSRYS5802849,D,S,T,2024-07-15,1000000.00,4.436263,103.099609375
08:00:37,912810UA4,TSRYS5802849,D,S,T,2024-07-15,1000000.00,4.436263,103.099609375
08:00:37,912810UA4,TSRYS5802849,D,S,T,2024-07-15,1000000.00,4.436611,103.09375
08:00:37,912810UA4,TSRYS5802849,D,S,T,2024-07-15,1000000.00,4.436263,103.099609375
08:00:37,912810UA4,TSRYS5802849,D,S,T,2024-07-15,1000000.00,4.435682,103.109375
08:00:37,912810UA4,TSRYS5802849,D,S,T,2024-07-15,1000000.00,4.434754,103.125
08:00:37,912810UA4,TSRYS5802849,D,S,T,2024-07-15,1000000.00,4.434754,103.125
08:00:37,912810UA4,TSRYS5802849,D,S,T,2024-07-15,1000000.00,4.434754,103.125
08:00:37,912810UA4,TSRYS5802849,D,S,T,2024-07-15,2000000.00,4.43545,103.11328125
08:00:37,912810UA4,TSRYS5802849,D,S,T,2024-07-15,1000000.00,4.435682,103.109375
08:00:37,912810UA4,TSRYS5802849,D,S,T,2024-07-15,1000000.00,4.435682,103.109375
08:00:37,912810UA4,TSRYS5802849,D,S,T,2024-07-15,1000000.00,4.437425,103.080078125
08:00:37,912810UA4,TSRYS5802849,D,S,T,2024-07-15,1000000.00,4.437541,103.078125
08:00:37,912810UA4,TSRYS5802849,D,S,T,2024-07-15,1000000.00,4.437541,103.078125
08:00:37,912810UA4,TSRYS5802849,D,S,T,2024-07-15,1000000.00,4.435682,103.109375
08:00:37,912810UA4,TSRYS5802849,D,S,T,2024-07-15,1000000.00,4.435682,103.109375
08:00:37,912810UA4,TSRYS5802849,D,S,T,2024-07-15,1000000.00,4.435682,103.109375
08:00:37,912810UA4,TSRYS5802849,D,S,T,2024-07-15,1000000.00,4.435682,103.109375
08:00:37,912810UA4,TSRYS5802849,D,S,T,2024-07-15,1000000.00,4.435682,103.109375
08:00:37,912810UA4,TSRYS5802849,D,S,T,2024-07-15,1000000.00,4.435682,103.109375
08:00:37,912810UA4,TSRYS5802849,D,S,T,2024-07-15,1000000.00,4.435682,103.109375
08:00:37,912810UA4,TSRYS5802849,D,S,T,2024-07-15,1000000.00,4.435682,103.109375
08:00:37,912810UA4,TSRYS5802849,D,S,T,2024-07-15,1000000.00,4.435682,103.109375
08:00:37,912810UA4,TSRYS5802849,D,S,T,2024-07-15,1000000.00,4.435682,103.109375
08:00:37,912810UA4,TSRYS5802849,D,S,T,2024-07-15,1000000.00,4.435682,103.109375
08:00:37,912810UA4,TSRYS5802849,D,S,T,2024-07-15,1000000.00,4.436611,103.09375
08:00:37,912810UA4,TSRYS5802849,D,S,T,2024-07-15,1000000.00,4.436611,103.09375
08:00:37,912810UA4,TSRYS5802849,D,S,T,2024-07-15,1000000.00,4.436611,103.09375
08:00:37,912810UA4,TSRYS5802849,D,S,T,2024-07-15,1000000.00,4.436611,103.09375
08:00:37,912810UA4,TSRYS5802849,D,S,T,2024-07-15,1000000.00,4.436611,103.09375
08:00:37,912810UA4,TSRYS5802849,D,S,T,2024-07-15,1000000.00,4.435682,103.109375
08:00:37,912810UA4,TSRYS5802849,D,S,T,2024-07-15,1000000.00,4.435682,103.109375
08:00:37,912810UA4,TSRYS5802849,D,S,T,2024-07-15,1000000.00,4.435682,103.109375
08:00:37,912810UA4,TSRYS5802849,D,S,T,2024-07-15,1000000.00,4.435682,103.109375
08:00:37,912810UA4,TSRYS5802849,D,S,T,2024-07-15,1000000.00,4.435682,103.109375
08:00:37,912810UA4,TSRYS5802849,D,S,T,2024-07-15,1000000.00,4.435682,103.109375
08:00:37,912810UA4,TSRYS5802849,D,S,T,2024-07-15,2000000.00,4.435682,103.109375
08:00:37,912810UA4,TSRYS5802849,D,S,T,2024-07-15,1000000.00,4.435682,103.109375
08:00:37,912810UA4,TSRYS5802849,D,S,T,2024-07-15,1000000.00,4.434754,103.125
08:00:37,912810UA4,TSRYS5802849,D,S,T,2024-07-15,1000000.00,4.434754,103.125
08:00:37,912810UA4,TSRYS5802849,D,S,T,2024-07-15,1000000.00,4.433361,103.1484375
08:00:37,912810UA4,TSRYS5802849,D,S,T,2024-07-15,1000000.00,4.434754,103.125
08:00:37,912810UA4,TSRYS5802849,D,S,T,2024-07-15,1000000.00,4.431969,103.171875
08:00:37,912810UA4,TSRYS5802849,D,S,T,2024-07-15,1000000.00,4.432897,103.15625
08:00:37,912810UA4,TSRYS5802849,D,S,T,2024-07-15,1000000.00,4.432897,103.15625
08:00:37,912810UA4,TSRYS5802849,D,S,T,2024-07-15,1000000.00,4.431969,103.171875
08:00:37,912810UA4,TSRYS5802849,D,S,T,2024-07-15,1000000.00,4.432897,103.15625
08:00:37,912810UA4,TSRYS5802849,D,S,T,2024-07-15,1000000.00,4.432897,103.15625
08:00:37,912810UA4,TSRYS5802849,D,S,T,2024-07-15,1000000.00,4.432897,103.15625
08:00:37,912810UA4,TSRYS5802849,D,S,T,2024-07-15,1000000.00,4.433013,103.154296875
08:00:37,912810UA4,TSRYS5802849,D,S,T,2024-07-15,1000000.00,4.429185,103.21875
08:00:37,912810UA4,TSRYS5802849,D,S,T,2024-07-15,1000000.00,4.429185,103.21875
08:00:37,912810UA4,TSRYS5802849,D,S,T,2024-07-15,1000000.00,4.429185,103.21875
08:00:37,912810UA4,TSRYS5802849,D,S,T,2024-07-15,1000000.00,4.429185,103.21875
08:00:37,912810UA4,TSRYS5802849,D,S,T,2024-07-15,1000000.00,4.429185,103.21875
08:00:37,912810UA4,TSRYS5802849,D,S,T,2024-07-15,1000000.00,4.433825,103.140625
08:00:37,912810UA4,TSRYS5802849,D,S,T,2024-07-15,1000000.00,4.434057,103.13671875
08:00:37,912810UA4,TSRYS5802849,D,S,T,2024-07-15,1000000.00,4.433593,103.14453125
08:00:37,912810UA4,TSRYS5802849,D,S,T,2024-07-15,1000000.00,4.433825,103.140625
08:00:37,912810UA4,TSRYS5802849,D,S,T,2024-07-15,1000000.00,4.434754,103.125
08:00:37,912810UA4,TSRYS5802849,D,S,T,2024-07-15,1000000.00,4.435682,103.109375
08:00:37,912810UA4,TSRYS5802849,D,S,T,2024-07-15,1000000.00,4.435682,103.109375
08:00:37,912810UA4,TSRYS5802849,D,S,T,2024-07-15,2000000.00,4.435682,103.109375
08:00:37,912810UA4,TSRYS5802849,D,S,T,2024-07-15,1000000.00,4.43847,103.0625
08:00:37,912810UA4,TSRYS5802849,D,S,T,2024-07-15,1000000.00,4.437076,103.0859375
08:00:37,912810UA4,TSRYS5802849,D,S,T,2024-07-15,1000000.00,4.436379,103.09765625
08:00:37,912810UA4,TSRYS5802849,D,S,T,2024-07-15,1000000.00,4.435682,103.109375
08:00:37,912810UA4,TSRYS5802849,D,S,T,2024-07-15,1000000.00,4.436611,103.09375
08:00:37,912810UA4,TSRYS5802849,D,S,T,2024-07-15,1000000.00,4.436611,103.09375
08:00:37,912810UA4,TSRYS5802849,D,S,T,2024-07-15,1000000.00,4.436611,103.09375
08:00:37,912810UA4,TSRYS5802849,D,S,T,2024-07-15,1000000.00,4.437541,103.078125
08:00:37,912810UA4,TSRYS5802849,D,S,T,2024-07-15,1000000.00,4.4394,103.046875
08:00:37,912810UA4,TSRYS5802849,D,S,T,2024-07-15,1000000.00,4.437541,103.078125
08:00:37,912810UA4,TSRYS5802849,D,S,T,2024-07-15,1000000.00,4.437541,103.078125
08:00:37,912810UA4,TSRYS5802849,D,S,T,2024-07-15,1000000.00,4.437541,103.078125
08:00:37,912810UA4,TSRYS5802849,D,S,T,2024-07-15,1000000.00,4.43847,103.0625
08:00:37,912810UA4,TSRYS5802849,D,S,T,2024-07-15,1000000.00,4.43847,103.0625
08:00:37,912810UA4,TSRYS5802849,D,S,D,2024-07-15,1000000.00,4.43847,103.0625
08:00:37,912810UA4,TSRYS5802849,D,S,T,2024-07-15,1000000.00,4.441259,103.015625
08:00:37,912810UA4,TSRYS5802849,D,S,T,2024-07-15,1000000.00,4.442306,102.998046875
08:00:37,912810UA4,TSRYS5802849,D,S,T,2024-07-15,1000000.00,4.442306,102.998046875
08:00:37,912810UA4,TSRYS5802849,D,S,T,2024-07-15,1000000.00,4.44219,103.0
08:00:37,912810UA4,TSRYS5802849,D,S,T,2024-07-15,1000000.00,4.442887,102.98828125
08:00:37,912810UA4,TSRYS5802849,D,S,T,2024-07-15,1000000.00,4.442655,102.9921875
08:00:37,912810UA4,TSRYS5802849,D,S,T,2024-07-15,1000000.00,4.442655,102.9921875
08:00:37,912810UA4,TSRYS5802849,D,S,T,2024-07-15,1000000.00,4.442422,102.99609375
08:00:37,912810UA4,TSRYS5802849,D,S,T,2024-07-15,1000000.00,4.445913,102.9375
08:00:37,912810UA4,TSRYS5802849,D,S,T,2024-07-15,1000000.00,4.445913,102.9375
08:00:37,912810UA4,TSRYS5802849,D,S,T,2024-07-15,1000000.00,4.445913,102.9375
08:00:37,912810UA4,TSRYS5802849,D,S,T,2024-07-15,1000000.00,4.449755,102.873046875
08:00:37,912810UA4,TSRYS5802849,D,S,T,2024-07-15,1000000.00,4.450454,102.861328125
08:00:37,912810UA4,TSRYS5802849,D,S,T,2024-07-15,1000000.00,4.449872,102.87109375
08:00:37,912810UA4,TSRYS5802849,D,S,T,2024-07-15,1000000.00,4.452435,102.828125
08:00:37,912810UA4,TSRYS5802849,D,S,T,2024-07-15,1000000.00,4.454301,102.796875
08:00:37,912810UA4,TSRYS5802849,D,S,T,2024-07-15,1000000.00,4.4564,102.76171875
08:00:37,912810UA4,TSRYS5802849,D,S,T,2024-07-15,1000000.00,4.456284,102.763671875
08:00:37,912810UA4,TSRYS5802849,D,S,T,2024-07-15,1000000.00,4.456167,102.765625
08:00:37,912810UA4,TSRYS5802849,D,S,T,2024-07-15,1000000.00,4.457101,102.75
08:00:37,912810UA4,TSRYS5802849,D,S,T,2024-07-15,1000000.00,4.457334,102.74609375
08:00:37,912810UA4,TSRYS5802849,D,S,T,2024-07-15,1000000.00,4.457217,102.748046875
08:00:37,912810UA4,TSRYS5802849,D,S,T,2024-07-15,1000000.00,4.452435,102.828125
08:00:37,912810UA4,TSRYS5802849,D,S,T,2024-07-15,1000000.00,4.452435,102.828125
08:00:37,912810UA4,TSRYS5802849,D,S,T,2024-07-15,1000000.00,4.452435,102.828125
08:00:37,912810UA4,TSRYS5802849,D,S,T,2024-07-15,1000000.00,4.452435,102.828125
08:00:37,912810UA4,TSRYS5802849,D,S,D,2024-07-15,1000000.00,4.452668,102.82421875
08:00:37,912810UA4,TSRYS5802849,D,S,T,2024-07-15,1000000.00,4.452202,102.83203125
08:00:37,912810UA4,TSRYS5802849,D,S,T,2024-07-15,1000000.00,4.451503,102.84375
08:00:37,912810UA4,TSRYS5802849,D,S,T,2024-07-15,1000000.00,4.451503,102.84375
08:00:37,912810UA4,TSRYS5802849,D,S,T,2024-07-15,1000000.00,4.451386,102.845703125
08:00:37,912810UA4,TSRYS5802849,D,S,T,2024-07-15,1000000.00,4.451503,102.84375
08:00:37,912810UA4,TSRYS5802849,D,S,T,2024-07-15,1000000.00,4.451503,102.84375
08:00:37,912810UA4,TSRYS5802849,D,S,T,2024-07-15,1000000.00,4.451503,102.84375
08:00:37,912810UA4,TSRYS5802849,D,S,T,2024-07-15,1000000.00,4.451503,102.84375
08:00:37,912810UA4,TSRYS5802849,D,S,T,2024-07-15,1000000.00,4.451503,102.84375
08:00:37,912810UA4,TSRYS5802849,D,S,T,2024-07-15,1000000.00,4.451503,102.84375
08:00:37,912810UA4,TSRYS5802849,D,S,T,2024-07-15,1000000.00,4.451037,102.8515625
08:00:37,912810UA4,TSRYS5802849,D,S,T,2024-07-15,1000000.00,4.451037,102.8515625
08:00:37,912810UA4,TSRYS5802849,D,S,T,2024-07-15,1000000.00,4.451037,102.8515625
08:00:37,912810UA4,TSRYS5802849,D,S,T,2024-07-15,1000000.00,4.451503,102.84375
08:00:37,912810UA4,TSRYS5802849,D,S,T,2024-07-15,1000000.00,4.452435,102.828125
08:00:37,912810UA4,TSRYS5802849,D,S,T,2024-07-15,1000000.00,4.452435,102.828125
08:00:37,912810UA4,TSRYS5802849,D,S,T,2024-07-15,1000000.00,4.452435,102.828125
08:00:37,912810UA4,TSRYS5802849,D,S,T,2024-07-15,1000000.00,4.453368,102.8125
08:00:37,912810UA4,TSRYS5802849,D,S,T,2024-07-15,1000000.00,4.453368,102.8125
08:00:37,912810UA4,TSRYS5802849,D,S,T,2024-07-15,1000000.00,4.454301,102.796875
08:00:37,912810UA4,TSRYS5802849,D,S,T,2024-07-15,1000000.00,4.45605,102.767578125
08:00:37,912810UA4,TSRYS5802849,D,S,T,2024-07-15,1000000.00,4.456167,102.765625
08:00:37,912810UA4,TSRYS5802849,D,S,T,2024-07-15,4000000.00,4.458968,102.71875
08:00:37,912810UA4,TSRYS5802849,D,S,T,2024-07-15,4000000.00,4.458968,102.71875
08:00:37,912810UA4,TSRYS5802849,D,S,T,2024-07-15,1000000.00,4.458968,102.71875
08:00:37,912810UA4,TSRYS5802849,D,S,T,2024-07-15,1000000.00,4.459085,102.716796875
08:00:37,912810UA4,TSRYS5802849,D,S,T,2024-07-15,1000000.00,4.458968,102.71875
08:00:37,912810UA4,TSRYS5802849,D,S,T,2024-07-15,1000000.00,4.458968,102.71875
08:00:37,912810UA4,TSRYS5802849,D,S,T,2024-07-15,1000000.00,4.458968,102.71875
08:00:37,912810UA4,TSRYS5802849,D,S,T,2024-07-15,1000000.00,4.458968,102.71875
08:00:37,912810UA4,TSRYS5802849,D,S,T,2024-07-15,1000000.00,4.458968,102.71875
08:00:37,912810UA4,TSRYS5802849,D,S,T,2024-07-15,1000000.00,4.458968,102.71875
08:00:37,912810UA4,TSRYS5802849,D,S,T,2024-07-15,1000000.00,4.458968,102.71875
08:00:37,912810UA4,TSRYS5802849,D,S,T,2024-07-15,1000000.00,4.458968,102.71875
08:00:37,912810UA4,TSRYS5802849,D,S,T,2024-07-15,1000000.00,4.458968,102.71875
08:00:37,912810UA4,TSRYS5802849,D,S,T,2024-07-15,1000000.00,4.458968,102.71875
08:00:37,912810UA4,TSRYS5802849,D,S,T,2024-07-15,1000000.00,4.458968,102.71875
08:00:37,912810UA4,TSRYS5802849,D,S,T,2024-07-15,1000000.00,4.458968,102.71875
08:00:37,912810UA4,TSRYS5802849,D,S,T,2024-07-15,1000000.00,4.458968,102.71875
08:00:37,912810UA4,TSRYS5802849,D,S,T,2024-07-15,1000000.00,4.458968,102.71875
08:00:37,912810UA4,TSRYS5802849,D,S,T,2024-07-15,2000000.00,4.458034,102.734375
08:00:37,912810UA4,TSRYS5802849,D,S,T,2024-07-15,1000000.00,4.458968,102.71875
08:00:37,912810UA4,TSRYS5802849,D,S,T,2024-07-15,1000000.00,4.458968,102.71875
08:00:37,912810UA4,TSRYS5802849,D,S,T,2024-07-15,1000000.00,4.459902,102.703125
08:00:37,912810UA4,TSRYS5802849,D,S,T,2024-07-15,1000000.00,4.457101,102.75
08:00:37,912810UA4,TSRYS5802849,D,S,T,2024-07-15,1000000.00,4.457101,102.75
08:00:37,912810UA4,TSRYS5802849,D,S,T,2024-07-15,1000000.00,4.457101,102.75
08:00:37,912810UA4,TSRYS5802849,D,S,T,2024-07-15,1000000.00,4.457101,102.75
08:00:37,912810UA4,TSRYS5802849,D,S,T,2024-07-15,1000000.00,4.457101,102.75
08:00:37,912810UA4,TSRYS5802849,D,S,T,2024-07-15,1000000.00,4.457101,102.75
08:00:37,912810UA4,TSRYS5802849,D,S,T,2024-07-15,1000000.00,4.457101,102.75
08:00:37,912810UA4,TSRYS5802849,D,S,T,2024-07-15,1000000.00,4.457101,102.75
08:00:37,912810UA4,TSRYS5802849,D,S,T,2024-07-15,1000000.00,4.457101,102.75
08:00:37,912810UA4,TSRYS5802849,D,S,T,2024-07-15,1000000.00,4.457101,102.75
08:00:37,912810UA4,TSRYS5802849,D,S,T,2024-07-15,1000000.00,4.457101,102.75
08:00:37,912810UA4,TSRYS5802849,D,S,T,2024-07-15,1000000.00,4.457101,102.75
08:00:37,912810UA4,TSRYS5802849,D,S,T,2024-07-15,1000000.00,4.457101,102.75
08:00:37,912810UA4,TSRYS5802849,D,S,T,2024-07-15,1000000.00,4.455234,102.78125
08:00:37,912810UA4,TSRYS5802849,D,S,T,2024-07-15,1000000.00,4.454301,102.796875
08:00:37,912810UA4,TSRYS5802849,D,S,T,2024-07-15,1000000.00,4.454301,102.796875
08:00:37,912810UA4,TSRYS5802849,D,S,T,2024-07-15,1000000.00,4.454301,102.796875
08:00:37,912810UA4,TSRYS5802849,D,S,T,2024-07-15,1000000.00,4.454301,102.796875
08:00:37,912810UA4,TSRYS5802849,D,S,T,2024-07-15,1000000.00,4.454301,102.796875
08:00:37,912810UA4,TSRYS5802849,D,S,T,2024-07-15,3000000.00,4.454301,102.796875
08:00:37,912810UA4,TSRYS5802849,D,S,T,2024-07-15,1000000.00,4.455584,102.775390625
08:00:37,912810UA4,TSRYS5802849,D,S,T,2024-07-15,1000000.00,4.455584,102.775390625
08:00:37,912810UA4,TSRYS5802849,D,S,T,2024-07-15,1000000.00,4.456167,102.765625
08:00:37,912810UA4,TSRYS5802849,D,S,T,2024-07-15,1000000.00,4.457101,102.75
08:00:37,912810UA4,TSRYS5802849,D,S,T,2024-07-15,1000000.00,4.458384,102.728515625
08:00:37,912810UA4,TSRYS5802849,D,S,T,2024-07-15,1000000.00,4.458268,102.73046875
08:00:37,912810UA4,TSRYS5802849,D,S,T,2024-07-15,1000000.00,4.458151,102.732421875
08:00:37,912810UA4,TSRYS5802849,D,S,T,2024-07-15,1000000.00,4.458968,102.71875
08:00:37,912810UA4,TSRYS5802849,D,S,T,2024-07-15,1000000.00,4.458618,102.724609375
08:00:37,912810UA4,TSRYS5802849,D,S,T,2024-07-15,1000000.00,4.457101,102.75
08:00:37,912810UA4,TSRYS5802849,D,S,T,2024-07-15,1000000.00,4.458034,102.734375
08:00:37,912810UA4,TSRYS5802849,D,S,T,2024-07-15,1000000.00,4.458034,102.734375
08:00:37,912810UA4,TSRYS5802849,D,S,T,2024-07-15,1000000.00,4.458501,102.7265625
08:00:37,912810UA4,TSRYS5802849,D,S,T,2024-07-15,1000000.00,4.458968,102.71875
08:00:37,912810UA4,TSRYS5802849,D,S,T,2024-07-15,1000000.00,4.458968,102.71875
08:00:37,912810UA4,TSRYS5802849,D,S,T,2024-07-15,1000000.00,4.459085,102.716796875
08:00:37,912810UA4,TSRYS5802849,D,S,T,2024-07-15,1000000.00,4.459902,102.703125
08:00:37,912810UA4,TSRYS5802849,D,S,T,2024-07-15,2000000.00,4.459902,102.703125
08:00:37,912810UA4,TSRYS5802849,D,S,T,2024-07-15,2000000.00,4.459902,102.703125
08:00:37,912810UA4,TSRYS5802849,D,S,T,2024-07-15,1000000.00,4.459902,102.703125
08:00:37,912810UA4,TSRYS5802849,D,S,T,2024-07-15,1000000.00,4.460369,102.6953125
08:00:37,912810UA4,TSRYS5802849,D,S,T,2024-07-15,1000000.00,4.460369,102.6953125
08:00:37,912810UA4,TSRYS5802849,D,S,T,2024-07-15,1000000.00,4.461888,102.669921875
08:00:37,912810UA4,TSRYS5802849,D,S,T,2024-07-15,1000000.00,4.461771,102.671875
08:00:37,912810UA4,TSRYS5802849,D,S,T,2024-07-15,1000000.00,4.462706,102.65625
08:00:37,912810UA4,TSRYS5802849,D,S,T,2024-07-15,1000000.00,4.462706,102.65625
08:00:37,912810UA4,TSRYS5802849,D,S,T,2024-07-15,1000000.00,4.461888,102.669921875
08:00:37,912810UA4,TSRYS5802849,D,S,T,2024-07-15,1000000.00,4.464108,102.6328125
08:00:37,912810UA4,TSRYS5802849,D,S,T,2024-07-15,1000000.00,4.464225,102.630859375
08:00:37,912810UA4,TSRYS5802849,D,S,T,2024-07-15,1000000.00,4.464108,102.6328125
08:00:37,912810UA4,TSRYS5802849,D,S,T,2024-07-15,1000000.00,4.464108,102.6328125
08:00:37,912810UA4,TSRYS5802849,D,S,T,2024-07-15,1000000.00,4.464575,102.625
08:00:37,912810UA4,TSRYS5802849,D,S,T,2024-07-15,2000000.00,4.464575,102.625
08:00:37,912810UA4,TSRYS5802849,D,S,T,2024-07-15,1000000.00,4.464575,102.625
08:00:37,912810UA4,TSRYS5802849,D,S,T,2024-07-15,1000000.00,4.465394,102.611328125
08:00:37,912810UA4,TSRYS5802849,D,S,T,2024-07-15,1000000.00,4.465511,102.609375
08:00:37,912810UA4,TSRYS5802849,D,S,T,2024-07-15,1000000.00,4.468318,102.5625
08:00:37,912810UA4,TSRYS5802849,D,S,T,2024-07-15,1000000.00,4.468318,102.5625
08:00:37,912810UA4,TSRYS5802849,D,S,T,2024-07-15,1000000.00,4.468318,102.5625
08:00:37,912810UA4,TSRYS5802849,D,S,T,2024-07-15,1000000.00,4.468318,102.5625
08:00:37,912810UA4,TSRYS5802849,D,S,T,2024-07-15,1000000.00,4.467967,102.568359375
08:00:37,912810UA4,TSRYS5802849,D,S,T,2024-07-15,1000000.00,4.471127,102.515625
08:00:37,912810UA4,TSRYS5802849,D,S,T,2024-07-15,1000000.00,4.471127,102.515625
08:00:37,912810UA4,TSRYS5802849,D,S,T,2024-07-15,3000000.00,4.472064,102.5
08:00:37,912810UA4,TSRYS5802849,D,S,T,2024-07-15,1000000.00,4.472064,102.5
08:00:37,912810UA4,TSRYS5802849,D,S,T,2024-07-15,1000000.00,4.473,102.484375
08:00:37,912810UA4,TSRYS5802849,D,S,T,2024-07-15,1000000.00,4.473,102.484375
08:00:37,912810UA4,TSRYS5802849,D,S,T,2024-07-15,1000000.00,4.475812,102.4375
08:00:37,912810UA4,TSRYS5802849,D,S,T,2024-07-15,1000000.00,4.475812,102.4375
08:00:37,912810UA4,TSRYS5802849,D,S,T,2024-07-15,1000000.00,4.475812,102.4375
08:00:37,912810UA4,TSRYS5802849,D,S,T,2024-07-15,1000000.00,4.475812,102.4375
08:00:37,912810UA4,TSRYS5802849,D,S,T,2024-07-15,1000000.00,4.475812,102.4375
08:00:37,912810UA4,TSRYS5802849,D,S,T,2024-07-15,1000000.00,4.475812,102.4375
08:00:37,912810UA4,TSRYS5802849,D,S,T,2024-07-15,1000000.00,4.475812,102.4375
08:00:37,912810UA4,TSRYS5802849,D,S,T,2024-07-15,1000000.00,4.475812,102.4375
08:00:37,912810UA4,TSRYS5802849,D,S,T,2024-07-15,1000000.00,4.475812,102.4375
08:00:37,912810UA4,TSRYS5802849,D,S,T,2024-07-15,1000000.00,4.475812,102.4375
08:00:37,912810UA4,TSRYS5802849,D,S,T,2024-07-15,1000000.00,4.477688,102.40625
08:00:37,912810UA4,TSRYS5802849,D,S,T,2024-07-15,1000000.00,4.477688,102.40625
08:00:37,912810UA4,TSRYS5802849,D,S,T,2024-07-15,1000000.00,4.477688,102.40625
08:00:37,912810UA4,TSRYS5802849,D,S,T,2024-07-15,1000000.00,4.477688,102.40625
08:00:37,912810UA4,TSRYS5802849,D,S,T,2024-07-15,1000000.00,4.477688,102.40625
08:00:37,912810UA4,TSRYS5802849,D,S,T,2024-07-15,1000000.00,4.477688,102.40625
08:00:37,912810UA4,TSRYS5802849,D,S,T,2024-07-15,1000000.00,4.477688,102.40625
08:00:37,912810UA4,TSRYS5802849,D,S,D,2024-07-15,500000.00,4.438935,103.0546875
08:00:37,912810UA4,TSRYS5802849,D,S,T,2024-07-15,1000000.00,4.477688,102.40625
08:00:37,912810UA4,TSRYS5802849,D,S,T,2024-07-15,1000000.00,4.477688,102.40625
08:00:37,912810UA4,TSRYS5802849,D,S,T,2024-07-15,1000000.00,4.47675,102.421875
08:00:37,912810UA4,TSRYS5802849,D,S,T,2024-07-15,1000000.00,4.476633,102.423828125
08:00:37,912810UA4,TSRYS5802849,D,S,T,2024-07-15,1000000.00,4.475812,102.4375
08:00:37,912810UA4,TSRYS5802849,D,S,T,2024-07-15,1000000.00,4.475812,102.4375
08:00:37,912810UA4,TSRYS5802849,D,S,T,2024-07-15,1000000.00,4.475812,102.4375
08:00:37,912810UA4,TSRYS5802849,D,S,T,2024-07-15,1000000.00,4.474875,102.453125
08:00:37,912810UA4,TSRYS5802849,D,S,T,2024-07-15,1000000.00,4.474875,102.453125
08:00:37,912810UA4,TSRYS5802849,D,S,T,2024-07-15,1000000.00,4.473938,102.46875
08:00:37,912810UA4,TSRYS5802849,D,S,T,2024-07-15,1000000.00,4.473938,102.46875
08:00:37,912810UA4,TSRYS5802849,D,S,T,2024-07-15,2000000.00,4.473938,102.46875
08:00:37,912810UA4,TSRYS5802849,D,S,T,2024-07-15,3000000.00,4.473938,102.46875
08:00:37,912810UA4,TSRYS5802849,D,S,D,2024-07-15,1000000.00,4.437076,103.0859375
08:00:37,912810UA4,TSRYS5802849,D,S,D,2024-07-15,1000000.00,4.436844,103.08984375
08:00:37,912810UA4,TSRYS5802849,D,S,D,2024-07-15,1000000.00,4.436147,103.1015625
08:00:37,912810UA4,TSRYS5802849,D,S,D,2024-07-15,1000000.00,4.437541,103.078125
08:00:37,912810UA4,TSRYS5802849,D,S,D,2024-07-15,1000000.00,4.435218,103.1171875
08:00:37,912810UA4,TSRYS5802849,D,S,D,2024-07-15,1000000.00,4.435218,103.1171875
08:00:37,912810UA4,TSRYS5802849,D,S,D,2024-07-15,1000000.00,4.436147,103.1015625
08:00:37,912810UA4,TSRYS5802849,D,S,D,2024-07-15,1000000.00,4.437541,103.078125
08:00:37,912810UA4,TSRYS5802849,D,S,D,2024-07-15,1000000.00,4.437308,103.08203125
08:00:37,912810UA4,TSRYS5802849,D,S,D,2024-07-15,1000000.00,4.435682,103.109375
08:00:37,912810UA4,TSRYS5802849,D,S,D,2024-07-15,1000000.00,4.435682,103.109375
08:00:37,912810UA4,TSRYS5802849,D,S,D,2024-07-15,1000000.00,4.444516,102.9609375
08:00:37,912810UA4,TSRYS5802849,D,S,D,2024-07-15,1000000.00,4.444516,102.9609375
08:00:37,912810UA4,TSRYS5802849,D,S,D,2024-07-15,1000000.00,4.444283,102.96484375
08:00:37,912810UA4,TSRYS5802849,D,S,D,2024-07-15,1000000.00,4.444516,102.9609375
08:00:37,912810UA4,TSRYS5802849,D,S,D,2024-07-15,1000000.00,4.449173,102.8828125
08:00:37,912810UA4,TSRYS5802849,D,S,D,2024-07-15,1000000.00,4.45127,102.84765625
08:00:37,912810UA4,TSRYS5802849,D,S,D,2024-07-15,1000000.00,4.450338,102.86328125
08:00:37,912810UA4,TSRYS5802849,D,S,D,2024-07-15,1000000.00,4.454534,102.79296875
08:00:37,912810UA4,TSRYS5802849,D,S,D,2024-07-15,1000000.00,4.4557,102.7734375
08:00:37,912810UA4,TSRYS5802849,D,S,D,2024-07-15,1000000.00,4.457567,102.7421875
08:00:37,912810UA4,TSRYS5802849,D,S,D,2024-07-15,1000000.00,4.4564,102.76171875
08:00:37,912810UA4,TSRYS5802849,D,S,D,2024-07-15,1000000.00,4.456167,102.765625
08:00:37,912810UA4,TSRYS5802849,D,S,D,2024-07-15,1000000.00,4.456167,102.765625
08:00:37,912810UA4,TSRYS5802849,D,S,D,2024-07-15,1000000.00,4.451503,102.84375
08:00:37,912810UA4,TSRYS5802849,D,S,D,2024-07-15,1000000.00,4.451503,102.84375
08:00:37,912810UA4,TSRYS5802849,D,S,D,2024-07-15,1000000.00,4.451503,102.84375
08:00:37,912810UA4,TSRYS5802849,D,S,D,2024-07-15,1000000.00,4.451503,102.84375
08:00:37,912810UA4,TSRYS5802849,D,S,D,2024-07-15,1000000.00,4.451037,102.8515625
08:00:37,912810UA4,TSRYS5802849,D,S,D,2024-07-15,1000000.00,4.451037,102.8515625
08:00:37,912810UA4,TSRYS5802849,D,S,D,2024-07-15,1000000.00,4.451037,102.8515625
08:00:37,912810UA4,TSRYS5802849,D,S,D,2024-07-15,1000000.00,4.451037,102.8515625
08:00:37,912810UA4,TSRYS5802849,D,S,D,2024-07-15,1000000.00,4.457567,102.7421875
08:00:37,912810UA4,TSRYS5802849,D,S,D,2024-07-15,1000000.00,4.457567,102.7421875
08:00:37,912810UA4,TSRYS5802849,D,S,D,2024-07-15,1000000.00,4.458501,102.7265625
08:00:37,912810UA4,TSRYS5802849,D,S,D,2024-07-15,1000000.00,4.459435,102.7109375
08:00:37,912810UA4,TSRYS5802849,D,S,D,2024-07-15,1000000.00,4.458968,102.71875
08:00:37,912810UA4,TSRYS5802849,D,S,D,2024-07-15,1000000.00,4.458968,102.71875
08:00:37,912810UA4,TSRYS5802849,D,S,D,2024-07-15,1000000.00,4.460603,102.69140625
08:00:37,912810UA4,TSRYS5802849,D,S,D,2024-07-15,1000000.00,4.460836,102.6875
08:00:37,912810UA4,TSRYS5802849,D,S,D,2024-07-15,1000000.00,4.464809,102.62109375
08:00:37,912810UA4,TSRYS5802849,D,S,D,2024-07-15,1000000.00,4.464809,102.62109375
08:00:37,912810UA4,TSRYS5802849,D,S,D,2024-07-15,1000000.00,4.464809,102.62109375
08:00:37,912810UA4,TSRYS5802849,D,S,D,2024-07-15,1000000.00,4.464809,102.62109375
08:00:37,912810UA4,TSRYS5802849,D,S,D,2024-07-15,1000000.00,4.464809,102.62109375
08:00:37,912810UA4,TSRYS5802849,D,S,D,2024-07-15,1000000.00,4.465277,102.61328125
08:00:37,912810UA4,TSRYS5802849,D,S,D,2024-07-15,1000000.00,4.465277,102.61328125
08:00:37,912810UA4,TSRYS5802849,D,S,D,2024-07-15,1000000.00,4.439632,103.04296875
08:00:37,912810UA4,TSRYS5802849,D,S,D,2024-07-15,1000000.00,4.439981,103.037109375
08:00:37,912810UA4,TSRYS5802849,D,S,D,2024-07-15,1000000.00,4.440097,103.03515625
08:00:37,912810UA4,TSRYS5802849,D,S,D,2024-07-15,1000000.00,4.440562,103.02734375
08:00:37,912810UA4,TSRYS5802849,D,S,D,2024-07-15,1000000.00,4.439516,103.044921875
08:00:37,912810UA4,TSRYS5802849,D,S,D,2024-07-15,1000000.00,4.436147,103.1015625
08:00:37,912810UA4,TSRYS5802849,D,S,D,2024-07-15,1000000.00,4.434638,103.126953125
08:00:37,912810UA4,TSRYS5802849,D,S,D,2024-07-15,1000000.00,4.436379,103.09765625
08:00:37,912810UA4,TSRYS5802849,D,S,D,2024-07-15,1000000.00,4.436379,103.09765625
08:00:37,912810UA4,TSRYS5802849,D,S,D,2024-07-15,1000000.00,4.437541,103.078125
08:00:37,912810UA4,TSRYS5802849,D,S,D,2024-07-15,1000000.00,4.437541,103.078125
08:00:37,912810UA4,TSRYS5802849,D,S,D,2024-07-15,1000000.00,4.437541,103.078125
08:00:37,912810UA4,TSRYS5802849,D,S,D,2024-07-15,1000000.00,4.43696,103.087890625
08:00:37,912810UA4,TSRYS5802849,D,S,D,2024-07-15,1000000.00,4.43487,103.123046875
08:00:37,912810UA4,TSRYS5802849,D,S,D,2024-07-15,1000000.00,4.434754,103.125
08:00:37,912810UA4,TSRYS5802849,D,S,D,2024-07-15,1000000.00,4.431041,103.1875
08:00:37,912810UA4,TSRYS5802849,D,S,D,2024-07-15,1000000.00,4.430925,103.189453125
08:00:37,912810UA4,TSRYS5802849,D,S,D,2024-07-15,1000000.00,4.435334,103.115234375
08:00:37,912810UA4,TSRYS5802849,D,S,D,2024-07-15,1000000.00,4.435102,103.119140625
08:00:37,912810UA4,TSRYS5802849,D,S,D,2024-07-15,1000000.00,4.435682,103.109375
08:00:37,912810UA4,TSRYS5802849,D,S,D,2024-07-15,1000000.00,4.435566,103.111328125
08:00:37,912810UA4,TSRYS5802849,D,S,D,2024-07-15,1000000.00,4.437541,103.078125
08:00:37,912810UA4,TSRYS5802849,D,S,D,2024-07-15,1000000.00,4.437541,103.078125
08:00:37,912810UA4,TSRYS5802849,D,S,D,2024-07-15,1000000.00,4.437773,103.07421875
08:00:37,912810UA4,TSRYS5802849,D,S,D,2024-07-15,1000000.00,4.436147,103.1015625
08:00:37,912810UA4,TSRYS5802849,D,S,D,2024-07-15,1000000.00,4.436147,103.1015625
08:00:37,912810UA4,TSRYS5802849,D,S,D,2024-07-15,1000000.00,4.436147,103.1015625
08:00:37,912810UA4,TSRYS5802849,D,S,D,2024-07-15,1000000.00,4.436147,103.1015625
08:00:37,912810UA4,TSRYS5802849,D,S,D,2024-07-15,1000000.00,4.436379,103.09765625
08:00:37,912810UA4,TSRYS5802849,D,S,D,2024-07-15,1000000.00,4.436263,103.099609375
08:00:37,912810UA4,TSRYS5802849,D,S,D,2024-07-15,1000000.00,4.443818,102.97265625
08:00:37,912810UA4,TSRYS5802849,D,S,D,2024-07-15,1000000.00,4.444051,102.96875
08:00:37,912810UA4,TSRYS5802849,D,S,D,2024-07-15,1000000.00,4.4444,102.962890625
08:00:37,912810UA4,TSRYS5802849,D,S,D,2024-07-15,1000000.00,4.446495,102.927734375
08:00:37,912810UA4,TSRYS5802849,D,S,D,2024-07-15,1000000.00,4.446262,102.931640625
08:00:37,912810UA4,TSRYS5802849,D,S,D,2024-07-15,1000000.00,4.444516,102.9609375
08:00:37,912810UA4,TSRYS5802849,D,S,D,2024-07-15,1000000.00,4.448125,102.900390625
08:00:37,912810UA4,TSRYS5802849,D,S,D,2024-07-15,1000000.00,4.451619,102.841796875
08:00:37,912810UA4,TSRYS5802849,D,S,D,2024-07-15,1000000.00,4.450338,102.86328125
08:00:37,912810UA4,TSRYS5802849,D,S,D,2024-07-15,1000000.00,4.452435,102.828125
08:00:37,912810UA4,TSRYS5802849,D,S,D,2024-07-15,1000000.00,4.452435,102.828125
08:00:37,912810UA4,TSRYS5802849,D,S,D,2024-07-15,1000000.00,4.452086,102.833984375
08:00:37,912810UA4,TSRYS5802849,D,S,D,2024-07-15,1000000.00,4.454767,102.7890625
08:00:37,912810UA4,TSRYS5802849,D,S,D,2024-07-15,1000000.00,4.454767,102.7890625
08:00:37,912810UA4,TSRYS5802849,D,S,D,2024-07-15,1000000.00,4.454767,102.7890625
08:00:37,912810UA4,TSRYS5802849,D,S,D,2024-07-15,1000000.00,4.454767,102.7890625
08:00:37,912810UA4,TSRYS5802849,D,S,D,2024-07-15,1000000.00,4.455234,102.78125
08:00:37,912810UA4,TSRYS5802849,D,S,D,2024-07-15,1000000.00,4.457101,102.75
08:00:37,912810UA4,TSRYS5802849,D,S,D,2024-07-15,1000000.00,4.457567,102.7421875
08:00:37,912810UA4,TSRYS5802849,D,S,D,2024-07-15,1000000.00,4.457334,102.74609375
08:00:37,912810UA4,TSRYS5802849,D,S,D,2024-07-15,1000000.00,4.456634,102.7578125
08:00:37,912810UA4,TSRYS5802849,D,S,D,2024-07-15,1000000.00,4.453601,102.80859375
08:00:37,912810UA4,TSRYS5802849,D,S,D,2024-07-15,1000000.00,4.453718,102.806640625
08:00:37,912810UA4,TSRYS5802849,D,S,D,2024-07-15,1000000.00,4.453834,102.8046875
08:00:37,912810UA4,TSRYS5802849,D,S,D,2024-07-15,1000000.00,4.453601,102.80859375
08:00:37,912810UA4,TSRYS5802849,D,S,D,2024-07-15,1000000.00,4.453601,102.80859375
08:00:37,912810UA4,TSRYS5802849,D,S,D,2024-07-15,1000000.00,4.453485,102.810546875
08:00:37,912810UA4,TSRYS5802849,D,S,D,2024-07-15,1000000.00,4.451969,102.8359375
08:00:37,912810UA4,TSRYS5802849,D,S,D,2024-07-15,1000000.00,4.452435,102.828125
08:00:37,912810UA4,TSRYS5802849,D,S,D,2024-07-15,1000000.00,4.453368,102.8125
08:00:37,912810UA4,TSRYS5802849,D,S,D,2024-07-15,1000000.00,4.455584,102.775390625
08:00:37,912810UA4,TSRYS5802849,D,S,D,2024-07-15,1000000.00,4.455817,102.771484375
08:00:37,912810UA4,TSRYS5802849,D,S,D,2024-07-15,1000000.00,4.45605,102.767578125
08:00:37,912810UA4,TSRYS5802849,D,S,D,2024-07-15,1000000.00,4.457101,102.75
08:00:37,912810UA4,TSRYS5802849,D,S,D,2024-07-15,1000000.00,4.455351,102.779296875
08:00:37,912810UA4,TSRYS5802849,D,S,D,2024-07-15,1000000.00,4.455234,102.78125
08:00:37,912810UA4,TSRYS5802849,D,S,D,2024-07-15,1000000.00,4.455234,102.78125
08:00:37,912810UA4,TSRYS5802849,D,S,D,2024-07-15,1000000.00,4.454884,102.787109375
08:00:37,912810UA4,TSRYS5802849,D,S,D,2024-07-15,1000000.00,4.456284,102.763671875
08:00:37,912810UA4,TSRYS5802849,D,S,D,2024-07-15,1000000.00,4.457101,102.75
08:00:37,912810UA4,TSRYS5802849,D,S,D,2024-07-15,1000000.00,4.457917,102.736328125
08:00:37,912810UA4,TSRYS5802849,D,S,D,2024-07-15,1000000.00,4.459669,102.70703125
08:00:37,912810UA4,TSRYS5802849,D,S,D,2024-07-15,1000000.00,4.460836,102.6875
08:00:37,912810UA4,TSRYS5802849,D,S,D,2024-07-15,1000000.00,4.460836,102.6875
08:00:37,912810UA4,TSRYS5802849,D,S,D,2024-07-15,1000000.00,4.460836,102.6875
08:00:37,912810UA4,TSRYS5802849,D,S,D,2024-07-15,1000000.00,4.460836,102.6875
08:00:37,912810UA4,TSRYS5802849,D,S,D,2024-07-15,1000000.00,4.462472,102.66015625
08:00:37,912810UA4,TSRYS5802849,D,S,D,2024-07-15,1000000.00,4.463757,102.638671875
08:00:37,912810UA4,TSRYS5802849,D,S,D,2024-07-15,1000000.00,4.463757,102.638671875
08:00:37,912810UA4,TSRYS5802849,D,S,D,2024-07-15,1000000.00,4.464809,102.62109375
08:00:37,912810UA4,TSRYS5802849,D,S,D,2024-07-15,1000000.00,4.464809,102.62109375
08:00:37,912810UA4,TSRYS5802849,D,S,D,2024-07-15,1000000.00,4.46516,102.615234375
08:00:37,912810UA4,TSRYS5802849,D,S,D,2024-07-15,1000000.00,4.465277,102.61328125
08:00:37,912810UA4,TSRYS5802849,D,S,D,2024-07-15,1000000.00,4.466797,102.587890625
08:00:37,912810UA4,TSRYS5802849,D,S,D,2024-07-15,1000000.00,4.466797,102.587890625
08:00:37,912810UA4,TSRYS5802849,D,S,D,2024-07-15,1000000.00,4.466797,102.587890625
08:00:37,912810UA4,TSRYS5802849,D,S,D,2024-07-15,1000000.00,4.466797,102.587890625
08:00:37,912810UA4,TSRYS5802849,D,S,D,2024-07-15,1000000.00,4.46668,102.58984375
08:00:37,912810UA4,TSRYS5802849,D,S,D,2024-07-15,1000000.00,4.46668,102.58984375
08:00:37,912810UA4,TSRYS5802849,D,S,D,2024-07-15,1000000.00,4.466212,102.59765625
08:00:37,912810UA4,TSRYS5802849,D,S,D,2024-07-15,1000000.00,4.468201,102.564453125
08:00:37,912810UA4,TSRYS5802849,D,S,D,2024-07-15,1000000.00,4.469722,102.5390625
08:00:37,912810UA4,TSRYS5802849,D,S,D,2024-07-15,1000000.00,4.469839,102.537109375
08:00:37,912810UA4,TSRYS5802849,D,S,D,2024-07-15,1000000.00,4.469956,102.53515625
08:00:37,912810UA4,TSRYS5802849,D,S,D,2024-07-15,1000000.00,4.469956,102.53515625
08:00:37,912810UA4,TSRYS5802849,D,S,D,2024-07-15,1000000.00,4.47101,102.517578125
08:00:37,912810UA4,TSRYS5802849,D,S,T,2024-07-15,1000000.00,4.439516,103.044921875
08:00:37,912810UA4,TSRYS5802849,D,S,T,2024-07-15,1000000.00,4.438586,103.060546875
08:00:37,912810UA4,TSRYS5802849,D,S,T,2024-07-15,1000000.00,4.436147,103.1015625
08:00:37,912810UA4,TSRYS5802849,D,S,T,2024-07-15,1000000.00,4.437541,103.078125
08:00:37,912810UA4,TSRYS5802849,D,S,T,2024-07-15,1000000.00,4.437541,103.078125
08:00:37,912810UA4,TSRYS5802849,D,S,D,2024-07-15,1000000.00,4.437541,103.078125
08:00:37,912810UA4,TSRYS5802849,D,S,D,2024-07-15,1000000.00,4.437541,103.078125
08:00:37,912810UA4,TSRYS5802849,D,S,D,2024-07-15,1000000.00,4.437541,103.078125
08:00:37,912810UA4,TSRYS5802849,D,S,D,2024-07-15,1000000.00,4.436147,103.1015625
08:00:37,912810UA4,TSRYS5802849,D,S,D,2024-07-15,1000000.00,4.436147,103.1015625
08:00:37,912810UA4,TSRYS5802849,D,S,D,2024-07-15,1000000.00,4.436147,103.1015625
08:00:37,912810UA4,TSRYS5802849,D,S,D,2024-07-15,1000000.00,4.436147,103.1015625
08:00:37,912810UA4,TSRYS5802849,D,S,D,2024-07-15,1000000.00,4.437541,103.078125
08:00:37,912810UA4,TSRYS5802849,D,S,D,2024-07-15,1000000.00,4.437541,103.078125
08:00:37,912810UA4,TSRYS5802849,D,S,D,2024-07-15,1000000.00,4.437541,103.078125
08:00:37,912810UA4,TSRYS5802849,D,S,D,2024-07-15,1000000.00,4.437541,103.078125
08:00:37,912810UA4,TSRYS5802849,D,S,D,2024-07-15,1000000.00,4.437541,103.078125
08:00:37,912810UA4,TSRYS5802849,D,S,D,2024-07-15,1000000.00,4.437541,103.078125
08:00:37,912810UA4,TSRYS5802849,D,S,D,2024-07-15,1000000.00,4.438935,103.0546875
08:00:37,912810UA4,TSRYS5802849,D,S,D,2024-07-15,1000000.00,4.438935,103.0546875
08:00:37,912810UA4,TSRYS5802849,D,S,D,2024-07-15,1000000.00,4.437541,103.078125
08:00:37,912810UA4,TSRYS5802849,D,S,D,2024-07-15,1000000.00,4.436611,103.09375
08:00:37,912810UA4,TSRYS5802849,D,S,D,2024-07-15,1000000.00,4.437541,103.078125
08:00:37,912810UA4,TSRYS5802849,D,S,T,2024-07-15,3000000.00,4.436031,103.103515625
08:00:37,912810UA4,TSRYS5802849,D,S,T,2024-07-15,2000000.00,4.437425,103.080078125
08:00:37,912810UA4,TSRYS5802849,D,S,T,2024-07-15,1000000.00,4.435334,103.115234375
08:00:37,912810UA4,TSRYS5802849,D,S,T,2024-07-15,3000000.00,4.436031,103.103515625
08:00:37,912810UA4,TSRYS5802849,D,S,T,2024-07-15,1000000.00,4.436263,103.099609375
08:00:37,912810UA4,TSRYS5802849,D,S,T,2024-07-15,1000000.00,4.43696,103.087890625
08:00:37,912810UA4,TSRYS5802849,D,S,T,2024-07-15,2000000.00,4.437192,103.083984375
08:00:37,912810UA4,TSRYS5802849,D,S,T,2024-07-15,1000000.00,4.437773,103.07421875
08:00:37,912810UA4,TSRYS5802849,D,S,T,2024-07-15,1000000.00,4.43487,103.123046875
08:00:37,912810UA4,TSRYS5802849,D,S,T,2024-07-15,1000000.00,4.434754,103.125
08:00:37,912810UA4,TSRYS5802849,D,S,T,2024-07-15,1000000.00,4.433593,103.14453125
08:00:37,912810UA4,TSRYS5802849,D,S,T,2024-07-15,1000000.00,4.435218,103.1171875
08:00:37,912810UA4,TSRYS5802849,D,S,T,2024-07-15,1000000.00,4.437076,103.0859375
08:00:37,912810UA4,TSRYS5802849,D,S,T,2024-07-15,1000000.00,4.436379,103.09765625
08:00:37,912810UA4,TSRYS5802849,D,S,T,2024-07-15,1000000.00,4.435334,103.115234375
08:00:37,912810UA4,TSRYS5802849,D,S,T,2024-07-15,1000000.00,4.435566,103.111328125
08:00:37,912810UA4,TSRYS5802849,D,S,T,2024-07-15,1000000.00,4.436147,103.1015625
08:00:37,912810UA4,TSRYS5802849,D,S,T,2024-07-15,1000000.00,4.436147,103.1015625
08:00:37,912810UA4,TSRYS5802849,D,S,T,2024-07-15,1000000.00,4.436031,103.103515625
08:00:37,912810UA4,TSRYS5802849,D,S,T,2024-07-15,1000000.00,4.436263,103.099609375
08:00:37,912810UA4,TSRYS5802849,D,S,T,2024-07-15,1000000.00,4.437541,103.078125
08:00:37,912810UA4,TSRYS5802849,D,S,T,2024-07-15,1000000.00,4.437773,103.07421875
08:00:37,912810UA4,TSRYS5802849,D,S,T,2024-07-15,1000000.00,4.437773,103.07421875
08:00:37,912810UA4,TSRYS5802849,D,S,T,2024-07-15,2000000.00,4.437773,103.07421875
08:00:37,912810UA4,TSRYS5802849,D,S,T,2024-07-15,1000000.00,4.437889,103.072265625
08:00:37,912810UA4,TSRYS5802849,D,S,T,2024-07-15,1000000.00,4.437773,103.07421875
08:00:37,912810UA4,TSRYS5802849,D,S,T,2024-07-15,1000000.00,4.43847,103.0625
08:00:37,912810UA4,TSRYS5802849,D,S,T,2024-07-15,1000000.00,4.441259,103.015625
08:00:37,912810UA4,TSRYS5802849,D,S,T,2024-07-15,1000000.00,4.441259,103.015625
08:00:37,912810UA4,TSRYS5802849,D,S,T,2024-07-15,1000000.00,4.441957,103.00390625
08:00:37,912810UA4,TSRYS5802849,D,S,T,2024-07-15,1000000.00,4.442887,102.98828125
08:00:37,912810UA4,TSRYS5802849,D,S,T,2024-07-15,1000000.00,4.4444,102.962890625
08:00:37,912810UA4,TSRYS5802849,D,S,T,2024-07-15,1000000.00,4.446495,102.927734375
08:00:37,912810UA4,TSRYS5802849,D,S,T,2024-07-15,1000000.00,4.446844,102.921875
08:00:37,912810UA4,TSRYS5802849,D,S,T,2024-07-15,1000000.00,4.444982,102.953125
08:00:37,912810UA4,TSRYS5802849,D,S,T,2024-07-15,1000000.00,4.4444,102.962890625
08:00:37,912810UA4,TSRYS5802849,D,S,T,2024-07-15,1000000.00,4.445447,102.9453125
08:00:37,912810UA4,TSRYS5802849,D,S,T,2024-07-15,1000000.00,4.445447,102.9453125
08:00:37,912810UA4,TSRYS5802849,D,S,T,2024-07-15,1000000.00,4.445447,102.9453125
08:00:37,912810UA4,TSRYS5802849,D,S,T,2024-07-15,1000000.00,4.446844,102.921875
08:00:37,912810UA4,TSRYS5802849,D,S,T,2024-07-15,1000000.00,4.446844,102.921875
08:00:37,912810UA4,TSRYS5802849,D,S,T,2024-07-15,1000000.00,4.446844,102.921875
08:00:37,912810UA4,TSRYS5802849,D,S,T,2024-07-15,1000000.00,4.446844,102.921875
08:00:37,912810UA4,TSRYS5802849,D,S,T,2024-07-15,1000000.00,4.44696,102.919921875
08:00:37,912810UA4,TSRYS5802849,D,S,T,2024-07-15,1000000.00,4.448241,102.8984375
08:00:37,912810UA4,TSRYS5802849,D,S,T,2024-07-15,1000000.00,4.449639,102.875
08:00:37,912810UA4,TSRYS5802849,D,S,T,2024-07-15,1000000.00,4.451619,102.841796875
08:00:37,912810UA4,TSRYS5802849,D,S,T,2024-07-15,1000000.00,4.449639,102.875
08:00:37,912810UA4,TSRYS5802849,D,S,T,2024-07-15,1000000.00,4.449639,102.875
08:00:37,912810UA4,TSRYS5802849,D,S,T,2024-07-15,1000000.00,4.450338,102.86328125
08:00:37,912810UA4,TSRYS5802849,D,S,T,2024-07-15,1000000.00,4.450804,102.85546875
08:00:37,912810UA4,TSRYS5802849,D,S,T,2024-07-15,1000000.00,4.45092,102.853515625
08:00:37,912810UA4,TSRYS5802849,D,S,T,2024-07-15,1000000.00,4.452435,102.828125
08:00:37,912810UA4,TSRYS5802849,D,S,T,2024-07-15,1000000.00,4.456284,102.763671875
08:00:37,912810UA4,TSRYS5802849,D,S,T,2024-07-15,1000000.00,4.456167,102.765625
08:00:37,912810UA4,TSRYS5802849,D,S,T,2024-07-15,1000000.00,4.457101,102.75
08:00:37,912810UA4,TSRYS5802849,D,S,T,2024-07-15,1000000.00,4.457101,102.75
08:00:37,912810UA4,TSRYS5802849,D,S,T,2024-07-15,1000000.00,4.457451,102.744140625
08:00:37,912810UA4,TSRYS5802849,D,S,T,2024-07-15,1000000.00,4.457217,102.748046875
08:00:37,912810UA4,TSRYS5802849,D,S,T,2024-07-15,1000000.00,4.453368,102.8125
08:00:37,912810UA4,TSRYS5802849,D,S,T,2024-07-15,1000000.00,4.452319,102.830078125
08:00:37,912810UA4,TSRYS5802849,D,S,T,2024-07-15,1000000.00,4.452319,102.830078125
08:00:37,912810UA4,TSRYS5802849,D,S,T,2024-07-15,1000000.00,4.452202,102.83203125
08:00:37,912810UA4,TSRYS5802849,D,S,T,2024-07-15,1000000.00,4.451503,102.84375
08:00:37,912810UA4,TSRYS5802849,D,S,T,2024-07-15,1000000.00,4.451503,102.84375
08:00:37,912810UA4,TSRYS5802849,D,S,T,2024-07-15,2000000.00,4.45092,102.853515625
08:00:37,912810UA4,TSRYS5802849,D,S,T,2024-07-15,1000000.00,4.450571,102.859375
08:00:37,912810UA4,TSRYS5802849,D,S,T,2024-07-15,1000000.00,4.451503,102.84375
08:00:37,912810UA4,TSRYS5802849,D,S,T,2024-07-15,1000000.00,4.451503,102.84375
08:00:37,912810UA4,TSRYS5802849,D,S,T,2024-07-15,1000000.00,4.451503,102.84375
08:00:37,912810UA4,TSRYS5802849,D,S,T,2024-07-15,1000000.00,4.455817,102.771484375
08:00:37,912810UA4,TSRYS5802849,D,S,T,2024-07-15,1000000.00,4.455817,102.771484375
08:00:37,912810UA4,TSRYS5802849,D,S,D,2024-07-15,1000000.00,4.456167,102.765625
08:00:37,912810UA4,TSRYS5802849,D,S,T,2024-07-15,1000000.00,4.455817,102.771484375
08:00:37,912810UA4,TSRYS5802849,D,S,D,2024-07-15,1000000.00,4.456167,102.765625
08:00:37,912810UA4,TSRYS5802849,D,S,D,2024-07-15,1000000.00,4.456167,102.765625
08:00:37,912810UA4,TSRYS5802849,D,S,D,2024-07-15,1000000.00,4.457567,102.7421875
08:00:37,912810UA4,TSRYS5802849,D,S,D,2024-07-15,1000000.00,4.459202,102.71484375
08:00:37,912810UA4,TSRYS5802849,D,S,T,2024-07-15,1000000.00,4.458968,102.71875
08:00:37,912810UA4,TSRYS5802849,D,S,T,2024-07-15,1000000.00,4.457917,102.736328125
08:00:37,912810UA4,TSRYS5802849,D,S,T,2024-07-15,1000000.00,4.459435,102.7109375
08:00:37,912810UA4,TSRYS5802849,D,S,T,2024-07-15,1000000.00,4.459669,102.70703125
08:00:37,912810UA4,TSRYS5802849,D,S,T,2024-07-15,1000000.00,4.459435,102.7109375
08:00:37,912810UA4,TSRYS5802849,D,S,T,2024-07-15,1000000.00,4.460836,102.6875
08:00:37,912810UA4,TSRYS5802849,D,S,T,2024-07-15,1000000.00,4.460369,102.6953125
08:00:37,912810UA4,TSRYS5802849,D,S,T,2024-07-15,1000000.00,4.463757,102.638671875
08:00:37,912810UA4,TSRYS5802849,D,S,T,2024-07-15,1000000.00,4.463874,102.63671875
08:00:37,912810UA4,TSRYS5802849,D,S,T,2024-07-15,1000000.00,4.463757,102.638671875
08:00:37,912810UA4,TSRYS5802849,D,S,T,2024-07-15,1000000.00,4.463874,102.63671875
08:00:37,912810UA4,TSRYS5802849,D,S,T,2024-07-15,1000000.00,4.465277,102.61328125
08:00:37,912810UA4,TSRYS5802849,D,S,T,2024-07-15,1000000.00,4.466914,102.5859375
08:00:37,912810UA4,TSRYS5802849,D,S,T,2024-07-15,1000000.00,4.46516,102.615234375
08:00:37,912810UA4,TSRYS5802849,D,S,T,2024-07-15,1000000.00,4.46516,102.615234375
08:00:37,912810UA4,TSRYS5802849,D,S,T,2024-07-15,1000000.00,4.465277,102.61328125
08:00:37,912810UA4,TSRYS5802849,D,S,T,2024-07-15,1000000.00,4.47101,102.517578125
08:00:37,912810UA4,TSRYS5802849,D,S,D,2024-07-15,1000000.00,4.473469,102.4765625
08:00:37,912810UA4,TSRYS5802849,D,S,D,2024-07-15,1000000.00,4.474875,102.453125
08:00:37,912810UA4,TSRYS5802849,D,S,D,2024-07-15,1000000.00,4.477923,102.40234375
08:00:37,912810UA4,TSRYS5802849,D,S,D,2024-07-15,1000000.00,4.475812,102.4375
08:00:37,912810UA4,TSRYS5802849,D,S,D,2024-07-15,1000000.00,4.476281,102.4296875
08:00:37,912810UA4,TSRYS5802849,D,S,T,2024-07-15,1000000.00,4.475812,102.4375
08:00:37,912810UA4,TSRYS5802849,D,S,D,2024-07-15,1000000.00,4.474875,102.453125
08:00:37,912810UA4,TSRYS5802849,D,S,T,2024-07-15,1000000.00,4.473,102.484375
08:00:37,912810UA4,TSRYS5802849,D,S,T,2024-07-15,1000000.00,4.436495,103.095703125
08:00:37,912810UA4,TSRYS5802849,D,S,T,2024-07-15,1000000.00,4.472064,102.5
08:00:37,912810UA4,TSRYS5802849,D,B,A,2024-07-15,30000000.00,,103.08203125
08:00:37,912810UA4,TSRYS5802849,D,S,D,2024-07-15,2000000.00,4.451037,102.8515625
08:00:37,912810UA4,TSRYS5802849,D,S,D,2024-07-15,2000000.00,4.451037,102.8515625
08:00:37,912810UA4,TSRYS5802849,D,S,D,2024-07-15,2000000.00,4.45127,102.84765625
08:00:37,912810UA4,TSRYS5802849,D,S,D,2024-07-15,2000000.00,4.451037,102.8515625
08:00:37,912810UA4,TSRYS5802849,D,S,D,2024-07-15,1000000.00,4.435218,103.1171875
08:00:37,912810UA4,TSRYS5802849,D,S,D,2024-07-15,1000000.00,4.435218,103.1171875
08:00:37,912810UA4,TSRYS5802849,D,S,D,2024-07-15,1000000.00,4.436147,103.1015625
08:00:37,912810UA4,TSRYS5802849,D,S,T,2024-07-15,1000000.00,4.436379,103.09765625
08:00:37,912810UA4,TSRYS5802849,D,B,A,2024-07-15,10000000.00,4.448474,102.89453125
08:00:37,912810UA4,TSRYS5802849,D,B,A,2024-07-15,10000000.00,4.448474,102.89453125
08:00:37,912810UA4,TSRYS5802849,D,S,C,2024-07-15,27000000.00,4.437541,103.078125
08:00:37,912810UA4,TSRYS5802849,D,S,A,2024-07-15,2000000.00,4.456634,102.7578125
08:00:37,912810UA4,TSRYS5802849,D,S,A,2024-07-15,500000.00,4.45127,102.84765625
08:00:37,912810UA4,TSRYS5802849,D,S,T,2024-07-15,3000000.00,4.449639,102.875
08:00:37,912810UA4,TSRYS5802849,D,B,A,2024-07-15,2000000.00,4.446145,102.93359375
08:00:37,912810UA4,TSRYS5802849,D,S,D,2024-07-15,20000000.00,4.448283,102.89774
08:00:37,912810UA4,TSRYS5802849,D,S,C,2024-07-15,2000000.00,4.445669,102.94140625
08:00:37,912810UA4,TSRYS5802849,D,S,D,2024-07-15,1000000.00,4.44219,103.0
08:00:37,912810UA4,TSRYS5802849,D,S,D,2024-07-15,1000000.00,4.44219,103.0
08:00:37,912810UA4,TSRYS5802849,D,S,D,2024-07-15,2000000.00,4.44219,103.0
08:00:37,912810UA4,TSRYS5802849,D,B,C,2024-07-15,29783000.00,4.444749,102.95703125
08:00:37,912810UA4,TSRYS5802849,D,S,T,2024-07-15,1000000.00,4.444283,102.96484375
08:00:37,912810UA4,TSRYS5802849,D,S,T,2024-07-15,1000000.00,4.444982,102.953125
08:00:37,912810UA4,TSRYS5802849,D,S,A,2024-07-15,500000.00,4.443818,102.97265625
08:00:37,912810UA4,TSRYS5802849,D,S,T,2024-07-15,1000000.00,4.439516,103.044921875
08:00:37,912810UA4,TSRYS5802849,D,S,T,2024-07-15,3000000.00,4.436611,103.09375
08:00:37,912810UA4,TSRYS5802849,D,B,C,2024-07-15,6000000.00,4.439865,103.0390625
08:00:37,912810UA4,TSRYS5802849,D,B,C,2024-07-15,3400000.00,4.439167,103.05078125
08:00:37,912810UA4,TSRYS5802849,D,S,T,2024-07-15,1000000.00,4.436263,103.099609375
08:00:37,912810UA4,TSRYS5802849,D,B,A,2024-07-15,10000000.00,4.436379,103.09765625
08:00:37,912810UA4,TSRYS5802849,D,S,C,2024-07-15,4000000.00,4.436844,103.08984375
08:00:37,912810UA4,TSRYS5802849,D,S,T,2024-07-15,1000000.00,4.436495,103.095703125
08:00:37,912810UA4,TSRYS5802849,D,S,T,2024-07-15,1000000.00,4.436379,103.09765625
08:00:37,912810UA4,TSRYS5802849,D,S,T,2024-07-15,1000000.00,4.436147,103.1015625
08:00:37,912810UA4,TSRYS5802849,D,S,T,2024-07-15,1000000.00,4.43847,103.0625
08:00:37,912810UA4,TSRYS5802849,D,B,A,2024-07-15,500000.00,4.437773,103.07421875
08:00:37,912810UA4,TSRYS5802849,D,S,D,2024-07-15,1000000.00,4.437076,103.0859375
08:00:37,912810UA4,TSRYS5802849,D,S,D,2024-07-15,1000000.00,4.43746,103.0794858871
08:00:37,912810UA4,TSRYS5802849,D,S,T,2024-07-15,1000000.00,4.436611,103.09375
08:00:37,912810UA4,TSRYS5802849,D,S,D,2024-07-15,1000000.00,4.43746,103.0794858871
08:00:37,912810UA4,TSRYS5802849,D,S,T,2024-07-15,1000000.00,4.436611,103.09375
08:00:37,912810UA4,TSRYS5802849,D,S,D,2024-07-15,1000000.00,4.43746,103.0794858871
08:00:37,912810UA4,TSRYS5802849,D,S,D,2024-07-15,1000000.00,4.43746,103.0794858871
08:00:37,912810UA4,TSRYS5802849,D,S,T,2024-07-15,1000000.00,4.436611,103.09375
08:00:37,912810UA4,TSRYS5802849,D,B,C,2024-07-15,4000000.00,4.437308,103.08203125
08:00:37,912810UA4,TSRYS5802849,D,S,A,2024-07-15,500000.00,4.438702,103.05859375
08:00:37,912810UA4,TSRYS5802849,D,S,T,2024-07-15,1000000.00,4.435218,103.1171875
08:00:37,912810UA4,TSRYS5802849,D,S,T,2024-07-15,1000000.00,4.436031,103.103515625
08:00:37,912810UA4,TSRYS5802849,D,S,T,2024-07-15,1000000.00,4.436147,103.1015625
08:00:37,912810UA4,TSRYS5802849,D,S,A,2024-07-15,150000.00,4.436611,103.09375
08:00:37,912810UA4,TSRYS5802849,D,S,C,2024-07-15,3000000.00,4.434975,103.12109375
08:00:37,912810UA4,TSRYS5802849,D,B,C,2024-07-15,7000000.00,4.436263,103.099609375
08:00:37,912810UA4,TSRYS5802849,D,S,T,2024-07-15,1000000.00,4.434754,103.125
08:00:37,912810UA4,TSRYS5802849,D,S,T,2024-07-15,1000000.00,4.434754,103.125
08:00:37,912810UA4,TSRYS5802849,D,B,C,2024-07-15,7000000.00,4.432201,103.16796875
08:00:37,912810UA4,TSRYS5802849,D,S,A,2024-07-15,2000000.00,4.432201,103.16796875
08:00:37,912810UA4,TSRYS5802849,D,S,T,2024-07-15,1000000.00,4.432317,103.166015625
08:00:37,912810UA4,TSRYS5802849,D,B,C,2024-07-15,2800000.00,4.429417,103.21484375
08:00:37,912810UA4,TSRYS5802849,D,B,C,2024-07-15,2364000.00,4.430113,103.203125
08:00:37,912810UA4,TSRYS5802849,D,S,C,2024-07-15,16000000.00,4.434986,103.12109375
08:00:37,912810UA4,TSRYS5802849,D,S,D,2024-07-15,1000000.00,4.437955,103.0711543642
08:00:37,912810UA4,TSRYS5802849,D,S,D,2024-07-15,1000000.00,4.443782,102.9732597908
08:00:37,912810UA4,TSRYS5802849,D,S,D,2024-07-15,1000000.00,4.437541,103.078125
08:00:37,912810UA4,TSRYS5802849,D,S,D,2024-07-15,1000000.00,4.444982,102.953125
08:00:37,912810UA4,TSRYS5802849,D,S,D,2024-07-15,1000000.00,4.444982,102.953125
08:00:37,912810UA4,TSRYS5802849,D,S,D,2024-07-15,1000000.00,4.444982,102.953125
08:00:37,912810UA4,TSRYS5802849,D,S,T,2024-07-15,1000000.00,4.444982,102.953125
08:00:37,912810UA4,TSRYS5802849,D,S,T,2024-07-15,1000000.00,4.444982,102.953125
08:00:37,912810UA4,TSRYS5802849,D,S,T,2024-07-15,1000000.00,4.444982,102.953125
08:00:37,912810UA4,TSRYS5802849,D,S,T,2024-07-15,1000000.00,4.45127,102.84765625
08:00:37,912810UA4,TSRYS5802849,D,S,A,2024-07-15,1000000.00,4.457801,102.73828125
08:00:37,912810UA4,TSRYS5802849,D,S,C,2024-07-15,1000000.00,4.457945,102.735875
08:00:37,912810UA4,TSRYS5802849,D,B,C,2024-07-15,7000000.00,4.455234,102.78125
08:00:37,912810UA4,TSRYS5802849,D,B,A,2024-07-15,44700000.00,4.446844,102.921875
08:00:37,912810UA4,TSRYS5802849,D,S,C,2024-07-15,2000000.00,4.452086,102.833984375
08:00:37,912810UA4,TSRYS5802849,D,B,C,2024-07-15,12500000.00,4.458968,102.71875
08:00:37,912810UA4,TSRYS5802849,D,S,D,2024-07-15,2000000.00,4.458968,102.71875
08:00:37,912810UA4,TSRYS5802849,D,S,D,2024-07-15,1000000.00,4.458968,102.71875
08:00:37,912810UA4,TSRYS5802849,D,S,D,2024-07-15,2000000.00,4.458968,102.71875
08:00:37,912810UA4,TSRYS5802849,D,S,C,2024-07-15,7000000.00,4.460136,102.69921875
08:00:37,912810UA4,TSRYS5802849,D,S,C,2024-07-15,7000000.00,4.458034,102.734375
08:00:37,912810UA4,TSRYS5802849,D,S,C,2024-07-15,6000000.00,4.457567,102.7421875
08:00:37,912810UA4,TSRYS5802849,D,S,C,2024-07-15,15000000.00,4.455467,102.77734375
08:00:37,912810UA4,TSRYS5802849,D,S,T,2024-07-15,5000000.00,4.455234,102.78125
08:00:37,912810UA4,TSRYS5802849,D,S,C,2024-07-15,4200000.00,4.4564,102.76171875
08:00:37,912810UA4,TSRYS5802849,D,S,D,2024-07-15,1000000.00,4.458968,102.71875
08:00:37,912810UA4,TSRYS5802849,D,B,C,2024-07-15,2500000.00,4.458034,102.734375
08:00:37,912810UA4,TSRYS5802849,D,S,D,2024-07-15,3000000.00,4.460836,102.6875
08:00:37,912810UA4,TSRYS5802849,D,S,D,2024-07-15,1000000.00,4.459902,102.703125
08:00:37,912810UA4,TSRYS5802849,D,S,T,2024-07-15,1000000.00,4.467382,102.578125
08:00:37,912810UA4,TSRYS5802849,D,S,D,2024-07-15,1000000.00,4.464575,102.625
08:00:37,912810UA4,TSRYS5802849,D,S,T,2024-07-15,1000000.00,4.47019,102.53125
08:00:37,912810UA4,TSRYS5802849,D,S,D,2024-07-15,1000000.00,4.468318,102.5625
08:00:37,912810UA4,TSRYS5802849,D,S,D,2024-07-15,1000000.00,4.467382,102.578125
08:00:37,912810UA4,TSRYS5802849,D,S,D,2024-07-15,1000000.00,4.468318,102.5625
08:00:37,912810UA4,TSRYS5802849,D,S,D,2024-07-15,1000000.00,4.47019,102.53125
08:00:37,912810UA4,TSRYS5802849,D,S,D,2024-07-15,1000000.00,4.47019,102.53125
08:00:37,912810UA4,TSRYS5802849,D,S,D,2024-07-15,1000000.00,4.471127,102.515625
08:00:37,912810UA4,TSRYS5802849,D,S,D,2024-07-15,1000000.00,4.472064,102.5
08:00:37,912810UA4,TSRYS5802849,D,S,D,2024-07-15,1000000.00,4.475812,102.4375
08:00:37,912810UA4,TSRYS5802849,D,S,D,2024-07-15,1000000.00,4.475812,102.4375
08:00:37,912810UA4,TSRYS5802849,D,S,D,2024-07-15,1000000.00,4.47675,102.421875
08:00:37,912810UA4,TSRYS5802849,D,S,D,2024-07-15,1000000.00,4.475812,102.4375
08:00:37,912810UA4,TSRYS5802849,D,S,D,2024-07-15,1000000.00,4.477688,102.40625
08:00:37,912810UA4,TSRYS5802849,D,S,D,2024-07-15,1000000.00,4.477688,102.40625
08:00:37,912810UA4,TSRYS5802849,D,S,D,2024-07-15,1000000.00,4.477688,102.40625
08:00:37,912810UA4,TSRYS5802849,D,S,D,2024-07-15,1000000.00,4.475812,102.4375
08:00:37,912810UA4,TSRYS5802849,D,S,T,2024-07-15,1000000.00,4.471127,102.515625
08:00:37,912810UA4,TSRYS5802849,D,S,T,2024-07-15,1000000.00,4.471127,102.515625
08:00:37,912810UA4,TSRYS5802849,D,S,D,2024-07-15,1000000.00,4.470893,102.51953125
08:00:37,912810UA4,TSRYS5802849,D,S,T,2024-07-15,1000000.00,4.436495,103.095703125
08:00:41,912810UA4,TSRYS5802849,D,S,D,2024-07-15,1000000.00,4.436147,103.1015625
08:00:41,912810UA4,TSRYS5802849,D,S,D,2024-07-15,1000000.00,4.436147,103.1015625
08:00:41,912810UA4,TSRYS5802849,D,S,D,2024-07-15,1000000.00,4.436147,103.1015625
08:00:41,912810UA4,TSRYS5802849,D,S,D,2024-07-15,2500000.00,4.458735,102.72265625
08:00:41,912810UA4,TSRYS5802849,D,S,T,2024-07-15,1000000.00,4.471595,102.5078125
08:00:41,912810UA4,TSRYS5802849,D,S,C,2024-07-15,3500000.00,4.457091,102.75
08:00:41,912810UA4,TSRYS5802849,D,S,D,2024-07-15,1000000.00,4.437308,103.08203125
08:00:41,912810UA4,TSRYS5802849,D,S,T,2024-07-15,3000000.00,4.449639,102.875
08:00:41,912810UA4,TSRYS5802849,D,S,T,2024-07-15,2000000.00,4.449639,102.875
08:00:41,912810UA4,TSRYS5802849,D,S,T,2024-07-15,1000000.00,4.436495,103.095703125
08:00:41,912810UA4,TSRYS5802849,D,B,A,2024-07-15,14700000.00,,103.08203125
08:00:41,912810UA4,TSRYS5802849,D,S,D,2024-07-15,1000000.00,4.434754,103.125
08:00:41,912810UA4,TSRYS5802849,D,S,C,2024-07-15,100000.00,4.437982,103.0707125
08:00:41,912810UA4,TSRYS5802849,D,S,C,2024-07-15,10000.00,4.437749,103.07461875
08:00:41,912810UA4,TSRYS5802849,D,S,T,2024-07-15,1000000.00,4.44312,102.984375
08:00:41,912810UA4,TSRYS5802849,D,S,T,2024-07-15,1000000.00,4.44219,103.0
08:00:41,912810UA4,TSRYS5802849,D,S,T,2024-07-15,1000000.00,4.436611,103.09375
08:00:41,912810UA4,TSRYS5802849,D,S,D,2024-07-15,2000000.00,4.451037,102.8515625
08:00:41,912810UA4,TSRYS5802849,D,B,C,2024-07-15,5000000.00,4.458735,102.72265625
08:00:42,912810UA4,TSRYS5802849,D,S,T,2024-07-15,1000000.00,4.435566,103.111328125
08:00:42,912810UA4,TSRYS5802849,D,S,D,2024-07-15,1000000.00,4.442791,102.989908854
08:00:42,912810UA4,TSRYS5802849,D,S,D,2024-07-15,600000.00,4.451049,102.8513625
08:00:42,912810UA4,TSRYS5802849,D,B,A,2024-07-15,10000000.00,4.436844,103.08984375
08:00:42,912810UA4,TSRYS5802849,D,B,C,2024-07-15,50MM+,4.454068,102.80078125
08:00:42,912810UA4,TSRYS5802849,D,S,T,2024-07-15,1000000.00,4.436611,103.09375
08:00:42,912810UA4,TSRYS5802849,D,S,T,2024-07-15,1000000.00,4.436611,103.09375
08:00:42,912810UA4,TSRYS5802849,D,S,T,2024-07-15,1000000.00,4.436611,103.09375
08:00:42,912810UA4,TSRYS5802849,D,S,T,2024-07-15,1000000.00,4.436611,103.09375
08:00:42,912810UA4,TSRYS5802849,D,S,T,2024-07-15,1000000.00,4.436611,103.09375
08:00:42,912810UA4,TSRYS5802849,D,S,C,2024-07-15,10000000.00,4.451491,102.84395
08:00:42,912810UA4,TSRYS5802849,D,S,C,2024-07-15,6800000.00,4.45219,102.83223125
08:00:42,912810UA4,TSRYS5802849,D,B,A,2024-07-15,520000.00,4.436844,103.08984375
08:00:42,912810UA4,TSRYS5802849,D,S,T,2024-07-15,1000000.00,4.453374,102.812398
08:00:42,912810UA4,TSRYS5802849,D,B,A,2024-07-15,2500000.00,4.437541,103.078125
08:00:42,912810UA4,TSRYS5802849,D,S,T,2024-07-15,1000000.00,4.453374,102.812398
08:00:42,912810UA4,TSRYS5802849,D,S,D,2024-07-15,1000000.00,4.437541,103.078125
08:00:42,912810UA4,TSRYS5802849,D,S,T,2024-07-15,1000000.00,4.437541,103.078125
08:00:42,912810UA4,TSRYS5802849,D,S,T,2024-07-15,1000000.00,4.454184,102.798828125
08:00:42,912810UA4,TSRYS5802849,D,S,T,2024-07-15,1000000.00,4.454307,102.796773
08:00:42,912810UA4,TSRYS5802849,D,S,T,2024-07-15,1000000.00,4.454307,102.796773
08:00:43,912810UA4,TSRYS5802849,D,S,C,2024-07-15,3200000.00,4.458956,102.71895
08:00:43,912810UA4,TSRYS5802849,D,S,D,2024-07-15,11000000.00,4.467694,102.572916667
08:00:43,912810UA4,TSRYS5802849,D,S,T,2024-07-15,1000000.00,4.436611,103.09375
08:00:43,912810UA4,TSRYS5802849,D,S,T,2024-07-15,1000000.00,4.453374,102.812398
08:00:43,912810UA4,TSRYS5802849,D,S,D,2024-07-15,100000.00,4.437982,103.0707125
08:00:43,912810UA4,TSRYS5802849,D,S,D,2024-07-15,10000.00,4.437749,103.07461875
08:00:43,912810UA4,TSRYS5802849,D,S,D,2024-07-15,12000000.00,4.477512,102.409179688
08:00:43,912810UA4,TSRYS5802849,D,S,D,2024-07-15,1000000.00,4.437541,103.078125
08:00:43,912810UA4,TSRYS5802849,D,S,T,2024-07-15,1000000.00,4.434754,103.125
08:00:43,912810UA4,TSRYS5802849,D,S,D,2024-07-15,6000000.00,4.435508,103.112304688
08:00:43,912810UA4,TSRYS5802849,D,S,T,2024-07-15,1000000.00,4.436611,103.09375
08:00:43,912810UA4,TSRYS5802849,D,S,C,2024-07-15,100000.00,4.437982,103.0707125
08:00:43,912810UA4,TSRYS5802849,D,S,D,2024-07-15,3000000.00,4.463173,102.6484375
08:00:43,912810UA4,TSRYS5802849,D,S,T,2024-07-15,1000000.00,4.448713,102.890523
08:00:43,912810UA4,TSRYS5802849,D,S,C,2024-07-15,110000.00,4.435891,103.10586875
08:00:43,912810UA4,TSRYS5802849,D,S,T,2024-07-15,1000000.00,4.43545,103.11328125
08:00:43,912810UA4,TSRYS5802849,D,S,T,2024-07-15,1000000.00,4.43545,103.11328125
08:00:43,912810UA4,TSRYS5802849,D,S,T,2024-07-15,1000000.00,4.435566,103.111328125
08:00:43,912810UA4,TSRYS5802849,D,S,T,2024-07-15,1000000.00,4.448713,102.890523
08:00:44,912810UA4,TSRYS5802849,D,S,T,2024-07-15,1000000.00,4.448713,102.890523
08:00:44,912810UA4,TSRYS5802849,D,S,T,2024-07-15,1000000.00,4.448713,102.890523
08:00:44,912810UA4,TSRYS5802849,D,S,T,2024-07-15,3000000.00,4.435682,103.109375
08:00:44,912810UA4,TSRYS5802849,D,S,T,2024-07-15,1000000.00,4.435682,103.109375
08:00:44,912810UA4,TSRYS5802849,D,S,T,2024-07-15,1000000.00,4.448713,102.890523
08:00:44,912810UA4,TSRYS5802849,D,B,C,2024-07-15,10000000.00,4.435694,103.109175
08:00:44,912810UA4,TSRYS5802849,D,S,D,2024-07-15,10000000.00,4.435694,103.109175
08:00:44,912810UA4,TSRYS5802849,D,B,A,2024-07-15,1940000.00,4.447775,102.90625
08:00:44,912810UA4,TSRYS5802849,D,S,T,2024-07-15,1000000.00,4.447781,102.906148
08:00:44,912810UA4,TSRYS5802849,D,S,T,2024-07-15,1000000.00,4.447781,102.906148
08:00:44,912810UA4,TSRYS5802849,D,S,D,2024-07-15,1000.00,4.435194,103.1175875
08:00:44,912810UA4,TSRYS5802849,D,S,D,2024-07-15,5000000.00,4.442854,102.988839286
08:00:44,912810UA4,TSRYS5802849,D,S,D,2024-07-15,6000000.00,4.449639,102.875
08:00:44,912810UA4,TSRYS5802849,D,B,C,2024-07-15,600000.00,4.451049,102.8513625
08:00:44,912810UA4,TSRYS5802849,D,S,D,2024-07-15,1000000.00,4.437523,103.078425
08:00:44,912810UA4,TSRYS5802849,D,S,D,2024-07-15,3000000.00,4.435528,103.111979167
08:00:44,912810UA4,TSRYS5802849,D,S,D,2024-07-15,1000000.00,4.437308,103.08203125
08:00:45,912810UA4,TSRYS5802849,D,S,T,2024-07-15,1000000.00,4.436611,103.09375
08:00:45,912810UA4,TSRYS5802849,D,S,C,2024-07-15,10000000.00,4.456155,102.765825
08:00:45,912810UA4,TSRYS5802849,D,S,C,2024-07-15,10000000.00,4.455455,102.77754375
08:00:45,912810UA4,TSRYS5802849,D,S,D,2024-07-15,1000000.00,4.442771,102.990234375
08:00:45,912810UA4,TSRYS5802849,D,S,D,2024-07-15,1000000.00,4.4444,102.962890625
08:00:45,912810UA4,TSRYS5802849,D,S,D,2024-07-15,1000000.00,4.444632,102.958984375
08:00:45,912810UA4,TSRYS5802849,D,S,A,2024-07-15,5000000.00,4.446378,102.9296875
08:00:45,912810UA4,TSRYS5802849,D,B,C,2024-07-15,5000000.00,4.468552,102.55859375
08:00:45,912810UA4,TSRYS5802849,D,S,D,2024-07-15,5000000.00,4.468552,102.55859375
08:00:45,912810UA4,TSRYS5802849,D,S,T,2024-07-15,1000000.00,4.449289,102.880859375
08:00:45,912810UA4,TSRYS5802849,D,S,T,2024-07-15,1000000.00,4.449289,102.880859375
08:00:46,912810UA4,TSRYS5802849,D,S,D,2024-07-15,1000000.00,4.435682,103.109375
08:00:46,912810UA4,TSRYS5802849,D,S,T,2024-07-15,1000000.00,4.450571,102.859375
08:00:46,912810UA4,TSRYS5802849,D,S,D,2024-07-15,1000000.00,4.452668,102.82421875
08:00:46,912810UA4,TSRYS5802849,D,S,D,2024-07-15,1000000.00,4.454301,102.796875
08:00:47,912810UA4,TSRYS5802849,D,S,D,2024-07-15,1000000.00,4.455467,102.77734375
08:00:47,912810UA4,TSRYS5802849,D,S,D,2024-07-15,125000.00,4.455934,102.76953125
08:00:47,912810UA4,TSRYS5802849,D,S,D,2024-07-15,15000000.00,4.436994,103.08732
08:00:47,912810UA4,TSRYS5802849,D,S,D,2024-07-15,1000000.00,4.451503,102.84375
08:00:47,912810UA4,TSRYS5802849,D,S,D,2024-07-15,1000000.00,4.451503,102.84375
08:00:47,912810UA4,TSRYS5802849,D,S,D,2024-07-15,1000000.00,4.451503,102.84375
08:00:47,912810UA4,TSRYS5802849,D,S,T,2024-07-15,1000000.00,4.451037,102.8515625
08:00:47,912810UA4,TSRYS5802849,D,B,A,2024-07-15,17900000.00,4.45127,102.84765625
08:00:47,912810UA4,TSRYS5802849,D,S,T,2024-07-15,1000000.00,4.451503,102.84375
08:00:47,912810UA4,TSRYS5802849,D,S,T,2024-07-15,1000000.00,4.45127,102.84765625
08:00:48,912810UA4,TSRYS5802849,D,S,D,2024-07-15,6800000.00,4.45219,102.83223125
08:00:48,912810UA4,TSRYS5802849,D,S,D,2024-07-15,10000000.00,4.455455,102.77754375
08:00:48,912810UA4,TSRYS5802849,D,S,A,2024-07-15,500000.00,4.458735,102.72265625
08:00:48,912810UA4,TSRYS5802849,D,S,D,2024-07-15,3200000.00,4.458956,102.71895
08:00:48,912810UA4,TSRYS5802849,D,S,T,2024-07-15,1000000.00,4.459902,102.703125
08:00:49,912810UA4,TSRYS5802849,D,S,D,2024-07-15,250000.00,4.459902,102.703125
08:00:49,912810UA4,TSRYS5802849,D,S,D,2024-07-15,1000000.00,4.464692,102.623046875
08:00:49,912810UA4,TSRYS5802849,D,S,D,2024-07-15,1000000.00,4.464692,102.623046875
08:00:49,912810UA4,TSRYS5802849,D,S,D,2024-07-15,1000000.00,4.464692,102.623046875
08:00:49,912810UA4,TSRYS5802849,D,S,C,2024-07-15,1425000.00,4.467148,102.58203125
08:00:49,912810UA4,TSRYS5802849,D,S,T,2024-07-15,1000000.00,4.47101,102.517578125
08:00:49,912810UA4,TSRYS5802849,D,S,T,2024-07-15,1000000.00,4.47101,102.517578125
08:00:49,912810UA4,TSRYS5802849,D,S,T,2024-07-15,1000000.00,4.47101,102.517578125
08:00:49,912810UA4,TSRYS5802849,D,S,D,2024-07-15,1000000.00,4.47101,102.517578125
08:00:49,912810UA4,TSRYS5802849,D,S,D,2024-07-15,9000000.00,4.474172,102.46484375
08:00:50,912810UA4,TSRYS5802849,D,S,D,2024-07-15,1000000.00,4.455711,102.7734375
08:00:50,912810UA4,TSRYS5802849,D,B,A,2024-07-15,5000000.00,4.455934,102.76953125
08:00:50,912810UA4,TSRYS5802849,D,S,D,2024-07-15,2000000.00,4.453834,102.8046875
08:00:50,912810UA4,TSRYS5802849,D,S,D,2024-07-15,1000000.00,4.454068,102.80078125
08:00:50,912810UA4,TSRYS5802849,D,S,D,2024-07-15,1000000.00,4.453368,102.8125
08:00:50,912810UA4,TSRYS5802849,D,S,T,2024-07-15,1000000.00,4.449639,102.875
08:00:50,912810UA4,TSRYS5802849,D,B,A,2024-07-15,5000000.00,4.450804,102.85546875
08:00:50,912810UA4,TSRYS5802849,D,S,T,2024-07-15,1000000.00,4.436611,103.09375
08:00:51,912810UA4,TSRYS5802849,D,S,T,2024-07-15,1000000.00,4.444051,102.96875
08:00:51,912810UA4,TSRYS5802849,D,S,T,2024-07-15,1000000.00,4.444051,102.96875
08:00:51,912810UA4,TSRYS5802849,D,S,A,2024-07-15,5000000.00,4.436611,103.09375
08:00:51,912810UA4,TSRYS5802849,D,S,T,2024-07-15,1000000.00,4.44219,103.0
08:00:51,912810UA4,TSRYS5802849,D,B,A,2024-07-15,14700000.00,4.444336,102.963961
08:00:51,912810UA4,TSRYS5802849,D,S,T,2024-07-15,1000000.00,4.436611,103.09375
08:00:51,912810UA4,TSRYS5802849,D,S,D,2024-07-15,1000000.00,4.436611,103.09375
08:00:51,912810UA4,TSRYS5802849,D,S,C,2024-07-15,7000000.00,4.458022,102.734575
08:00:51,912810UA4,TSRYS5802849,D,S,D,2024-07-15,250000.00,4.438238,103.06640625
08:00:51,912810UA4,TSRYS5802849,D,S,T,2024-07-15,1000000.00,4.436611,103.09375
08:00:51,912810UA4,TSRYS5802849,D,S,T,2024-07-15,1000000.00,4.436611,103.09375
08:00:51,912810UA4,TSRYS5802849,D,S,T,2024-07-15,1000000.00,4.436611,103.09375
08:00:51,912810UA4,TSRYS5802849,D,S,T,2024-07-15,1000000.00,4.436611,103.09375
08:00:51,912810UA4,TSRYS5802849,D,S,T,2024-07-15,1000000.00,4.436611,103.09375
08:00:52,912810UA4,TSRYS5802849,D,S,T,2024-07-15,2000000.00,4.435682,103.109375
08:00:52,912810UA4,TSRYS5802849,D,S,T,2024-07-15,1000000.00,4.435689,103.109273
08:00:52,912810UA4,TSRYS5802849,D,S,T,2024-07-15,1000000.00,4.435689,103.109273
08:00:52,912810UA4,TSRYS5802849,D,S,T,2024-07-15,1000000.00,4.435689,103.109273
08:00:52,912810UA4,TSRYS5802849,D,S,D,2024-07-15,1000000.00,4.437541,103.078125
08:00:52,912810UA4,TSRYS5802849,D,S,D,2024-07-15,1000000.00,4.437541,103.078125
08:00:52,912810UA4,TSRYS5802849,D,S,D,2024-07-15,100000.00,4.437982,103.0707125
08:00:52,912810UA4,TSRYS5802849,D,S,D,2024-07-15,110000.00,4.435891,103.10586875
08:00:52,912810UA4,TSRYS5802849,D,S,T,2024-07-15,1000000.00,4.471127,102.515625
08:00:53,912810UA4,TSRYS5802849,D,B,A,2024-07-15,5000000.00,4.437773,103.07421875
08:00:53,912810UA4,TSRYS5802849,D,S,D,2024-07-15,1000000.00,4.444516,102.9609375
08:00:53,912810UA4,TSRYS5802849,D,S,D,2024-07-15,1000000.00,4.447077,102.91796875
08:00:53,912810UA4,TSRYS5802849,D,S,T,2024-07-15,1000000.00,4.435566,103.111328125
08:00:53,912810UA4,TSRYS5802849,D,S,T,2024-07-15,1000000.00,4.435682,103.109375
08:00:53,912810UA4,TSRYS5802849,D,S,T,2024-07-15,1000000.00,4.435682,103.109375
08:00:53,912810UA4,TSRYS5802849,D,S,T,2024-07-15,1000000.00,4.435682,103.109375
08:00:53,912810UA4,TSRYS5802849,D,S,D,2024-07-15,1000000.00,4.434754,103.125
08:00:53,912810UA4,TSRYS5802849,D,S,T,2024-07-15,1000000.00,4.436611,103.09375
08:00:54,912810UA4,TSRYS5802849,D,S,D,2024-07-15,1000000.00,4.444982,102.953125
08:00:54,912810UA4,TSRYS5802849,D,S,D,2024-07-15,75000.00,4.436611,103.09375
08:00:55,912810UA4,TSRYS5802849,D,S,D,2024-07-15,1000000.00,4.442771,102.990234375
08:00:55,912810UA4,TSRYS5802849,D,S,D,2024-07-15,1000000.00,4.444632,102.958984375
08:00:55,912810UA4,TSRYS5802849,D,S,T,2024-07-15,1000000.00,4.436611,103.09375
08:00:55,912810UA4,TSRYS5802849,D,S,T,2024-07-15,1000000.00,4.449289,102.880859375
08:00:55,912810UA4,TSRYS5802849,D,S,T,2024-07-15,1000000.00,4.449289,102.880859375
08:00:55,912810UA4,TSRYS5802849,D,S,D,2024-07-15,1000000.00,4.449056,102.884765625
08:00:55,912810UA4,TSRYS5802849,D,S,D,2024-07-15,1000000.00,4.449522,102.876953125
08:00:55,912810UA4,TSRYS5802849,D,S,A,2024-07-15,215000.00,4.449406,102.87890625
08:00:56,912810UA4,TSRYS5802849,D,S,T,2024-07-15,1000000.00,4.471127,102.515625
08:00:56,912810UA4,TSRYS5802849,D,S,D,2024-07-15,1000000.00,4.449173,102.8828125
08:00:56,912810UA4,TSRYS5802849,D,S,D,2024-07-15,1000000.00,4.457101,102.75
08:00:56,912810UA4,TSRYS5802849,D,S,D,2024-07-15,1000000.00,4.45605,102.767578125
08:00:56,912810UA4,TSRYS5802849,D,S,D,2024-07-15,1000000.00,4.457101,102.75
08:00:56,912810UA4,TSRYS5802849,D,S,T,2024-07-15,1000000.00,4.436611,103.09375
08:00:56,912810UA4,TSRYS5802849,D,S,D,2024-07-15,1000000.00,4.451503,102.84375
08:00:56,912810UA4,TSRYS5802849,D,S,D,2024-07-15,1000000.00,4.451503,102.84375
08:00:57,912810UA4,TSRYS5802849,D,S,D,2024-07-15,50000.00,4.452435,102.828125
08:00:57,912810UA4,TSRYS5802849,D,S,D,2024-07-15,3000000.00,4.451164,102.849431818
08:00:57,912810UA4,TSRYS5802849,D,S,D,2024-07-15,1000000.00,4.451503,102.84375
08:00:57,912810UA4,TSRYS5802849,D,S,D,2024-07-15,10000000.00,4.451491,102.84395
08:00:57,912810UA4,TSRYS5802849,D,S,T,2024-07-15,1000000.00,4.451503,102.84375
08:00:57,912810UA4,TSRYS5802849,D,S,T,2024-07-15,1000000.00,4.451503,102.84375
08:00:57,912810UA4,TSRYS5802849,D,S,T,2024-07-15,1000000.00,4.451386,102.845703125
08:00:57,912810UA4,TSRYS5802849,D,S,D,2024-07-15,25000.00,4.458501,102.7265625
08:00:57,912810UA4,TSRYS5802849,D,S,D,2024-07-15,10000000.00,4.456155,102.765825
08:00:57,912810UA4,TSRYS5802849,D,S,T,2024-07-15,1000000.00,4.455584,102.775390625
08:00:58,912810UA4,TSRYS5802849,D,S,D,2024-07-15,1000000.00,4.459902,102.703125
08:00:58,912810UA4,TSRYS5802849,D,S,T,2024-07-15,1000000.00,4.459902,102.703125
08:00:58,912810UA4,TSRYS5802849,D,S,T,2024-07-15,1000000.00,4.459902,102.703125
08:00:58,912810UA4,TSRYS5802849,D,S,D,2024-07-15,9000000.00,4.460194,102.698242188
08:00:58,912810UA4,TSRYS5802849,D,S,D,2024-07-15,1000000.00,4.450571,102.859375
08:00:58,912810UA4,TSRYS5802849,D,S,D,2024-07-15,1000000.00,4.449639,102.875
08:00:58,912810UA4,TSRYS5802849,D,S,D,2024-07-15,990000.00,4.46785,102.5703125
08:00:58,912810UA4,TSRYS5802849,D,S,D,2024-07-15,1000000.00,4.47101,102.517578125
08:00:58,912810UA4,TSRYS5802849,D,S,C,2024-07-15,1000000.00,4.471361,102.51171875
08:00:59,912810UA4,TSRYS5802849,D,S,C,2024-07-15,950000.00,4.471595,102.5078125
08:00:59,912810UA4,TSRYS5802849,D,S,C,2024-07-15,1000000.00,4.476281,102.4296875
08:00:59,912810UA4,TSRYS5802849,D,S,D,2024-07-15,1000000.00,4.477219,102.4140625
08:00:59,912810UA4,TSRYS5802849,D,S,D,2024-07-15,7000000.00,4.475859,102.43671875
08:00:59,912810UA4,TSRYS5802849,D,S,T,2024-07-15,2000000.00,4.474992,102.451171875
08:00:59,912810UA4,TSRYS5802849,D,S,D,2024-07-15,12000000.00,4.475969,102.434895833
08:00:59,912810UA4,TSRYS5802849,D,S,D,2024-07-15,1000000.00,4.474641,102.45703125
08:00:59,912810UA4,TSRYS5802849,D,S,D,2024-07-15,1000000.00,4.471361,102.51171875
08:00:59,912810UA4,TSRYS5802849,D,S,D,2024-07-15,1000000.00,4.449639,102.875
08:00:59,912810UA4,TSRYS5802849,D,S,D,2024-07-15,1000000.00,4.449639,102.875
08:01:00,912810UA4,TSRYS5802849,D,S,A,2024-07-15,5000000.00,4.458034,102.734375
08:01:00,912810UA4,TSRYS5802849,D,B,A,2024-07-15,6565000.00,4.433141,103.15214375
08:01:00,912810UA4,TSRYS5802849,D,S,T,2024-07-15,1000000.00,4.431975,103.171773
08:01:00,912810UA4,TSRYS5802849,D,S,T,2024-07-15,1000000.00,4.431975,103.171773
08:01:00,912810UA4,TSRYS5802849,D,S,T,2024-07-15,1000000.00,4.431975,103.171773
08:01:00,912810UA4,TSRYS5802849,D,S,T,2024-07-15,1000000.00,4.431975,103.171773
08:01:00,912810UA4,TSRYS5802849,D,S,T,2024-07-15,1000000.00,4.431975,103.171773
08:01:00,912810UA4,TSRYS5802849,D,S,T,2024-07-15,1000000.00,4.431975,103.171773
08:01:00,912810UA4,TSRYS5802849,D,S,T,2024-07-15,1000000.00,4.431047,103.187398
08:01:00,912810UA4,TSRYS5802849,D,S,D,2024-07-15,1000000.00,4.450571,102.859375
08:01:00,912810UA4,TSRYS5802849,D,B,A,2024-07-15,10000000.00,4.458034,102.734375
08:01:00,912810UA4,TSRYS5802849,D,B,C,2024-07-15,1000000.00,4.451037,102.8515625
08:01:00,912810UA4,TSRYS5802849,D,B,C,2024-07-15,1000000.00,4.452435,102.828125
08:01:00,912810UA4,TSRYS5802849,D,B,C,2024-07-15,1000000.00,4.452202,102.83203125
08:01:00,912810UA4,TSRYS5802849,D,S,D,2024-07-15,1000000.00,4.452435,102.828125
08:01:00,912810UA4,TSRYS5802849,D,S,D,2024-07-15,1000000.00,4.452202,102.83203125
08:01:00,912810UA4,TSRYS5802849,D,S,D,2024-07-15,1000000.00,4.454068,102.80078125
08:01:00,912810UA4,TSRYS5802849,D,S,D,2024-07-15,2000000.00,4.453834,102.8046875
08:01:00,912810UA4,TSRYS5802849,D,S,T,2024-07-15,1000000.00,4.458042,102.734245
08:01:00,912810UA4,TSRYS5802849,D,S,T,2024-07-15,1000000.00,4.458042,102.734245
08:01:00,912810UA4,TSRYS5802849,D,S,D,2024-07-15,1000000.00,4.451037,102.8515625
08:01:00,912810UA4,TSRYS5802849,D,S,T,2024-07-15,1000000.00,4.453251,102.814453125
08:01:00,912810UA4,TSRYS5802849,D,S,C,2024-07-15,1000000.00,4.446145,102.93359375
08:01:00,912810UA4,TSRYS5802849,D,S,D,2024-07-15,1000000.00,4.453368,102.8125
08:01:00,912810UA4,TSRYS5802849,D,S,D,2024-07-15,1000000.00,4.450338,102.86328125
08:01:00,912810UA4,TSRYS5802849,D,S,D,2024-07-15,1000000.00,4.448707,102.890625
08:01:00,912810UA4,TSRYS5802849,D,B,C,2024-07-15,1000000.00,4.448707,102.890625
08:01:00,912810UA4,TSRYS5802849,D,S,D,2024-07-15,2000000.00,4.446844,102.921875
08:01:00,912810UA4,TSRYS5802849,D,S,T,2024-07-15,1000000.00,4.458042,102.734245
08:01:00,912810UA4,TSRYS5802849,D,B,C,2024-07-15,2000000.00,4.446844,102.921875
08:01:00,912810UA4,TSRYS5802849,D,S,D,2024-07-15,1000000.00,4.447309,102.9140625
08:01:00,912810UA4,TSRYS5802849,D,B,C,2024-07-15,1000000.00,4.447309,102.9140625
08:01:00,912810UA4,TSRYS5802849,D,S,D,2024-07-15,1000000.00,4.44568,102.94140625
08:01:00,912810UA4,TSRYS5802849,D,S,D,2024-07-15,1000000.00,4.436611,103.09375
08:01:00,912810UA4,TSRYS5802849,D,S,D,2024-07-15,1000000.00,4.434986,103.12109375
08:01:00,912810UA4,TSRYS5802849,D,S,C,2024-07-15,1000000.00,4.436611,103.09375
08:01:00,912810UA4,TSRYS5802849,D,B,C,2024-07-15,1000000.00,4.435218,103.1171875
08:01:00,912810UA4,TSRYS5802849,D,S,D,2024-07-15,1000000.00,4.435218,103.1171875
08:01:00,912810UA4,TSRYS5802849,D,S,D,2024-07-15,1000000.00,4.437308,103.08203125
08:01:00,912810UA4,TSRYS5802849,D,B,C,2024-07-15,1000000.00,4.437308,103.08203125
08:01:00,912810UA4,TSRYS5802849,D,S,D,2024-07-15,1000000.00,4.437076,103.0859375
08:01:00,912810UA4,TSRYS5802849,D,S,D,2024-07-15,1000000.00,4.436844,103.08984375
08:01:00,912810UA4,TSRYS5802849,D,S,D,2024-07-15,1000000.00,4.437541,103.078125
08:01:00,912810UA4,TSRYS5802849,D,S,C,2024-07-15,1000000.00,4.437773,103.07421875
08:01:00,912810UA4,TSRYS5802849,D,S,D,2024-07-15,1000000.00,4.437541,103.078125
08:01:00,912810UA4,TSRYS5802849,D,S,T,2024-07-15,1000000.00,4.436611,103.09375
08:01:00,912810UA4,TSRYS5802849,D,S,D,2024-07-15,1000000.00,4.437541,103.078125
08:01:00,912810UA4,TSRYS5802849,D,S,D,2024-07-15,1000000.00,4.436147,103.1015625
08:01:00,912810UA4,TSRYS5802849,D,S,D,2024-07-15,1000000.00,4.437541,103.078125
08:01:00,912810UA4,TSRYS5802849,D,B,C,2024-07-15,1000000.00,4.436147,103.1015625
08:01:01,912810UA4,TSRYS5802849,D,B,C,2024-07-15,1000000.00,4.435915,103.10546875
08:01:01,912810UA4,TSRYS5802849,D,S,D,2024-07-15,1000000.00,4.437541,103.078125
08:01:01,912810UA4,TSRYS5802849,D,S,D,2024-07-15,1000000.00,4.435915,103.10546875
08:01:01,912810UA4,TSRYS5802849,D,S,T,2024-07-15,1000000.00,4.457108,102.74987
08:01:01,912810UA4,TSRYS5802849,D,S,D,2024-07-15,1000000.00,4.438935,103.0546875
08:01:01,912810UA4,TSRYS5802849,D,S,C,2024-07-15,1000000.00,4.436147,103.1015625
08:01:01,912810UA4,TSRYS5802849,D,S,C,2024-07-15,1000000.00,4.436147,103.1015625
08:01:01,912810UA4,TSRYS5802849,D,S,D,2024-07-15,1000000.00,4.438935,103.0546875
08:01:01,912810UA4,TSRYS5802849,D,S,D,2024-07-15,1000000.00,4.438935,103.0546875
08:01:01,912810UA4,TSRYS5802849,D,S,D,2024-07-15,1000000.00,4.436147,103.1015625
08:01:01,912810UA4,TSRYS5802849,D,S,T,2024-07-15,1000000.00,4.458042,102.734245
08:01:01,912810UA4,TSRYS5802849,D,B,C,2024-07-15,1000000.00,4.436844,103.08984375
08:01:01,912810UA4,TSRYS5802849,D,S,C,2024-07-15,1000000.00,4.437308,103.08203125
08:01:01,912810UA4,TSRYS5802849,D,S,D,2024-07-15,1000000.00,4.436844,103.08984375
08:01:01,912810UA4,TSRYS5802849,D,B,C,2024-07-15,1000000.00,4.436844,103.08984375
08:01:01,912810UA4,TSRYS5802849,D,B,C,2024-07-15,1000000.00,4.436844,103.08984375
08:01:01,912810UA4,TSRYS5802849,D,B,C,2024-07-15,1000000.00,4.435915,103.10546875
08:01:01,912810UA4,TSRYS5802849,D,S,D,2024-07-15,1000000.00,4.436844,103.08984375
08:01:01,912810UA4,TSRYS5802849,D,S,D,2024-07-15,1000000.00,4.435915,103.10546875
08:01:01,912810UA4,TSRYS5802849,D,S,D,2024-07-15,1000000.00,4.437541,103.078125
08:01:01,912810UA4,TSRYS5802849,D,S,D,2024-07-15,1000000.00,4.436844,103.08984375
08:01:01,912810UA4,TSRYS5802849,D,S,C,2024-07-15,1000000.00,4.43545,103.11328125
08:01:01,912810UA4,TSRYS5802849,D,S,C,2024-07-15,1000000.00,4.436379,103.09765625
08:01:01,912810UA4,TSRYS5802849,D,S,D,2024-07-15,1000000.00,4.435218,103.1171875
08:01:01,912810UA4,TSRYS5802849,D,S,C,2024-07-15,1000000.00,4.436147,103.1015625
08:01:01,912810UA4,TSRYS5802849,D,S,D,2024-07-15,1000000.00,4.434754,103.125
08:01:01,912810UA4,TSRYS5802849,D,S,D,2024-07-15,1000000.00,4.437076,103.0859375
08:01:01,912810UA4,TSRYS5802849,D,S,C,2024-07-15,1000000.00,4.431736,103.17578125
08:01:01,912810UA4,TSRYS5802849,D,B,C,2024-07-15,1000000.00,4.434289,103.1328125
08:01:01,912810UA4,TSRYS5802849,D,S,D,2024-07-15,1000000.00,4.434289,103.1328125
08:01:01,912810UA4,TSRYS5802849,D,B,C,2024-07-15,1000000.00,4.434986,103.12109375
08:01:01,912810UA4,TSRYS5802849,D,S,D,2024-07-15,1000000.00,4.434986,103.12109375
08:01:01,912810UA4,TSRYS5802849,D,S,D,2024-07-15,1000000.00,4.437308,103.08203125
08:01:01,912810UA4,TSRYS5802849,D,S,C,2024-07-15,5000000.00,4.467382,102.578125
08:01:01,912810UA4,TSRYS5802849,D,S,C,2024-07-15,1000000.00,4.437076,103.0859375
08:01:01,912810UA4,TSRYS5802849,D,S,D,2024-07-15,1000000.00,4.435682,103.109375
08:01:01,912810UA4,TSRYS5802849,D,B,C,2024-07-15,1000000.00,4.438702,103.05859375
08:01:01,912810UA4,TSRYS5802849,D,S,D,2024-07-15,1000000.00,4.438702,103.05859375
08:01:01,912810UA4,TSRYS5802849,D,B,C,2024-07-15,1000000.00,4.437076,103.0859375
08:01:01,912810UA4,TSRYS5802849,D,S,D,2024-07-15,1000000.00,4.437076,103.0859375
08:01:01,912810UA4,TSRYS5802849,D,B,C,2024-07-15,1000000.00,4.435915,103.10546875
08:01:01,912810UA4,TSRYS5802849,D,S,D,2024-07-15,1000000.00,4.435915,103.10546875
08:01:01,912810UA4,TSRYS5802849,D,B,C,2024-07-15,1000000.00,4.436379,103.09765625
08:01:01,912810UA4,TSRYS5802849,D,S,D,2024-07-15,1000000.00,4.436379,103.09765625
08:01:01,912810UA4,TSRYS5802849,D,S,C,2024-07-15,1000000.00,4.436844,103.08984375
08:01:01,912810UA4,TSRYS5802849,D,B,A,2024-07-15,5000000.00,4.465511,102.609375
08:01:01,912810UA4,TSRYS5802849,D,S,D,2024-07-15,1000000.00,4.439632,103.04296875
08:01:01,912810UA4,TSRYS5802849,D,S,D,2024-07-15,1000000.00,4.444516,102.9609375
08:01:01,912810UA4,TSRYS5802849,D,S,C,2024-07-15,1000000.00,4.444283,102.96484375
08:01:01,912810UA4,TSRYS5802849,D,S,C,2024-07-15,2000000.00,4.44568,102.94140625
08:01:01,912810UA4,TSRYS5802849,D,S,D,2024-07-15,1000000.00,4.447309,102.9140625
08:01:01,912810UA4,TSRYS5802849,D,S,T,2024-07-15,1000000.00,4.465049,102.6170875
08:01:01,912810UA4,TSRYS5802849,D,S,T,2024-07-15,1000000.00,4.465283,102.61318125
08:01:01,912810UA4,TSRYS5802849,D,S,D,2024-07-15,1000000.00,4.447077,102.91796875
08:01:01,912810UA4,TSRYS5802849,D,B,C,2024-07-15,1000000.00,4.446145,102.93359375
08:01:01,912810UA4,TSRYS5802849,D,S,C,2024-07-15,1000000.00,4.446145,102.93359375
08:01:01,912810UA4,TSRYS5802849,D,S,C,2024-07-15,1000000.00,4.445214,102.94921875
08:01:01,912810UA4,TSRYS5802849,D,S,D,2024-07-15,1000000.00,4.444982,102.953125
08:01:01,912810UA4,TSRYS5802849,D,S,D,2024-07-15,1000000.00,4.444982,102.953125
08:01:01,912810UA4,TSRYS5802849,D,B,C,2024-07-15,1000000.00,4.444982,102.953125
08:01:01,912810UA4,TSRYS5802849,D,S,D,2024-07-15,1000000.00,4.444982,102.953125
08:01:01,912810UA4,TSRYS5802849,D,B,C,2024-07-15,1000000.00,4.444982,102.953125
08:01:01,912810UA4,TSRYS5802849,D,S,D,2024-07-15,1000000.00,4.448241,102.8984375
08:01:01,912810UA4,TSRYS5802849,D,B,C,2024-07-15,1000000.00,4.448474,102.89453125
08:01:01,912810UA4,TSRYS5802849,D,S,D,2024-07-15,1000000.00,4.448474,102.89453125
08:01:01,912810UA4,TSRYS5802849,D,S,T,2024-07-15,1000000.00,4.464932,102.619040625
08:01:01,912810UA4,TSRYS5802849,D,S,D,2024-07-15,1000000.00,4.449173,102.8828125
08:01:01,912810UA4,TSRYS5802849,D,S,T,2024-07-15,1000000.00,4.465166,102.615134375
08:01:01,912810UA4,TSRYS5802849,D,S,D,2024-07-15,1000000.00,4.450571,102.859375
08:01:01,912810UA4,TSRYS5802849,D,S,D,2024-07-15,1000000.00,4.449639,102.875
08:01:02,912810UA4,TSRYS5802849,D,S,D,2024-07-15,1000000.00,4.449639,102.875
08:01:02,912810UA4,TSRYS5802849,D,S,D,2024-07-15,1000000.00,4.449639,102.875
08:01:02,912810UA4,TSRYS5802849,D,S,D,2024-07-15,1000000.00,4.450571,102.859375
08:01:02,912810UA4,TSRYS5802849,D,B,A,2024-07-15,2000000.00,4.465511,102.609375
