tradeTime,cusip,issueSymbolIdentifier,priceType,reportingSideCode,contraPartyTypeCode,tradeDate,reportedTradeVolume,lastSaleYield,lastSalePrice
08:00:02,912810UA4,TSRYS5802849,D,S,D,2024-06-03,10000.00,4.611321,100.21835
08:00:03,912810UA4,TSRYS5802849,D,B,C,2024-06-03,10000.00,4.611321,100.16835
08:00:03,912810UA4,TSRYS5802849,D,S,D,2024-06-03,1000000.00,4.63066,99.90625
08:00:03,912810UA4,TSRYS5802849,D,S,D,2024-06-03,1000000.00,4.63066,99.90625
08:00:03,912810UA4,TSRYS5802849,D,S,T,2024-06-03,1000000.00,4.630417,99.91015625
08:00:03,912810UA4,TSRYS5802849,D,S,D,2024-06-03,1000000.00,4.629811,99.919921875
08:00:03,912810UA4,TSRYS5802849,D,S,T,2024-06-03,1000000.00,4.637215,99.80078125
08:00:03,912810UA4,TSRYS5802849,D,S,D,2024-06-03,1000000.00,4.636729,99.80859375
08:00:03,912810UA4,TSRYS5802849,D,S,T,2024-06-03,1000000.00,4.629811,99.919921875
08:00:03,912810UA4,TSRYS5802849,D,S,D,2024-06-03,1000000.00,4.626659,99.970703125
08:00:03,912810UA4,TSRYS5802849,D,S,D,2024-06-03,1000000.00,4.626659,99.970703125
08:00:03,912810UA4,TSRYS5802849,D,S,T,2024-06-03,1000000.00,4.627992,99.94921875
08:00:03,912810UA4,TSRYS5802849,D,S,D,2024-06-03,1000000.00,4.627992,99.94921875
08:00:03,912810UA4,TSRYS5802849,D,S,D,2024-06-03,1000000.00,4.63163,99.890625
08:00:03,912810UA4,TSRYS5802849,D,S,T,2024-06-03,1000000.00,4.632722,99.873046875
08:00:03,912810UA4,TSRYS5802849,D,S,D,2024-06-03,1000000.00,4.624478,100.005859375
08:00:03,912810UA4,TSRYS5802849,D,S,D,2024-06-03,1000000.00,4.636243,99.81640625
08:00:03,912810UA4,TSRYS5802849,D,S,D,2024-06-03,1000000.00,4.636243,99.81640625
08:00:03,912810UA4,TSRYS5802849,D,S,D,2024-06-03,1000000.00,4.63685,99.806640625
08:00:03,912810UA4,TSRYS5802849,D,S,D,2024-06-03,1000000.00,4.63685,99.806640625
08:00:03,912810UA4,TSRYS5802849,D,S,D,2024-06-03,1000000.00,4.63685,99.806640625
08:00:03,912810UA4,TSRYS5802849,D,S,T,2024-06-03,1000000.00,4.628962,99.93359375
08:00:03,912810UA4,TSRYS5802849,D,S,C,2024-06-03,1000000.00,4.61625,100.138671875
08:00:03,912810UA4,TSRYS5802849,D,S,C,2024-06-03,1000000.00,4.613471,100.18359375
08:00:03,912810UA4,TSRYS5802849,D,S,C,2024-06-03,1000000.00,4.613471,100.18359375
08:00:03,912810UA4,TSRYS5802849,D,S,C,2024-06-03,1000000.00,4.613471,100.18359375
08:00:03,912810UA4,TSRYS5802849,D,S,C,2024-06-03,1000000.00,4.613471,100.18359375
08:00:03,912810UA4,TSRYS5802849,D,S,C,2024-06-03,1000000.00,4.610331,100.234375
08:00:03,912810UA4,TSRYS5802849,D,S,C,2024-06-03,1000000.00,4.610331,100.234375
08:00:03,912810UA4,TSRYS5802849,D,S,D,2024-06-03,1000000.00,4.610331,100.234375
08:00:03,912810UA4,TSRYS5802849,D,S,C,2024-06-03,1000000.00,4.610331,100.234375
08:00:03,912810UA4,TSRYS5802849,D,B,C,2024-06-03,1000000.00,4.610331,100.234375
08:00:03,912810UA4,TSRYS5802849,D,B,C,2024-06-03,1000000.00,4.610451,100.232421875
08:00:03,912810UA4,TSRYS5802849,D,S,D,2024-06-03,1000000.00,4.616129,100.140625
08:00:03,912810UA4,TSRYS5802849,D,S,D,2024-06-03,1000000.00,4.616371,100.13671875
08:00:03,912810UA4,TSRYS5802849,D,S,D,2024-06-03,1000000.00,4.617217,100.123046875
08:00:03,912810UA4,TSRYS5802849,D,S,T,2024-06-03,1000000.00,4.622057,100.044921875
08:00:03,912810UA4,TSRYS5802849,D,S,T,2024-06-03,1000000.00,4.616855,100.12890625
08:00:03,912810UA4,TSRYS5802849,D,S,T,2024-06-03,1000000.00,4.616855,100.12890625
08:00:03,912810UA4,TSRYS5802849,D,S,D,2024-06-03,1000000.00,4.616855,100.12890625
08:00:03,912810UA4,TSRYS5802849,D,S,D,2024-06-03,1000000.00,4.616734,100.130859375
08:00:03,912810UA4,TSRYS5802849,D,S,D,2024-06-03,1000000.00,4.616492,100.134765625
08:00:03,912810UA4,TSRYS5802849,D,B,C,2024-06-03,1000000.00,4.616008,100.142578125
08:00:03,912810UA4,TSRYS5802849,D,S,T,2024-06-03,1000000.00,4.615162,100.15625
08:00:03,912810UA4,TSRYS5802849,D,B,C,2024-06-03,1000000.00,4.615525,100.150390625
08:00:03,912810UA4,TSRYS5802849,D,S,T,2024-06-03,1000000.00,4.615162,100.15625
08:00:03,912810UA4,TSRYS5802849,D,B,C,2024-06-03,1000000.00,4.611176,100.220703125
08:00:03,912810UA4,TSRYS5802849,D,B,C,2024-06-03,1000000.00,4.610934,100.224609375
08:00:03,912810UA4,TSRYS5802849,D,B,C,2024-06-03,1000000.00,4.611417,100.216796875
08:00:03,912810UA4,TSRYS5802849,D,B,C,2024-06-03,1000000.00,4.611659,100.212890625
08:00:03,912810UA4,TSRYS5802849,D,S,T,2024-06-03,1000000.00,4.6084,100.265625
08:00:03,912810UA4,TSRYS5802849,D,S,D,2024-06-03,1000000.00,4.612867,100.193359375
08:00:03,912810UA4,TSRYS5802849,D,S,C,2024-06-03,1000000.00,4.6148,100.162109375
08:00:03,912810UA4,TSRYS5802849,D,S,T,2024-06-03,1000000.00,4.610814,100.2265625
08:00:03,912810UA4,TSRYS5802849,D,S,T,2024-06-03,1000000.00,4.610693,100.228515625
08:00:03,912810UA4,TSRYS5802849,D,S,T,2024-06-03,1000000.00,4.61021,100.236328125
08:00:06,912810UA4,TSRYS5802849,D,S,T,2024-06-03,1000000.00,4.634543,99.84375
08:00:06,912810UA4,TSRYS5802849,D,S,T,2024-06-03,1000000.00,4.62969,99.921875
08:00:06,912810UA4,TSRYS5802849,D,S,T,2024-06-03,1000000.00,4.62969,99.921875
08:00:06,912810UA4,TSRYS5802849,D,S,T,2024-06-03,1000000.00,4.634543,99.84375
08:00:06,912810UA4,TSRYS5802849,D,S,T,2024-06-03,1000000.00,4.611296,100.21875
08:00:06,912810UA4,TSRYS5802849,D,S,T,2024-06-03,1000000.00,4.611296,100.21875
08:00:06,912810UA4,TSRYS5802849,D,S,T,2024-06-03,1000000.00,4.610331,100.234375
08:00:06,912810UA4,TSRYS5802849,D,S,T,2024-06-03,1000000.00,4.611296,100.21875
08:00:06,912810UA4,TSRYS5802849,D,S,T,2024-06-03,1000000.00,4.617096,100.125
08:00:06,912810UA4,TSRYS5802849,D,S,T,2024-06-03,1000000.00,4.618064,100.109375
08:00:06,912810UA4,TSRYS5802849,D,S,T,2024-06-03,1000000.00,4.617096,100.125
08:00:06,912810UA4,TSRYS5802849,D,S,T,2024-06-03,1000000.00,4.617096,100.125
08:00:07,912810UA4,TSRYS5802849,D,S,T,2024-06-03,1000000.00,4.617096,100.125
08:00:07,912810UA4,TSRYS5802849,D,S,T,2024-06-03,1000000.00,4.611296,100.21875
08:00:08,912810UA4,TSRYS5802849,D,S,T,2024-06-03,1000000.00,4.614195,100.171875
08:00:09,912810UA4,TSRYS5802849,D,S,T,2024-06-03,1000000.00,4.613229,100.1875
08:00:10,912810UA4,TSRYS5802849,D,S,T,2024-06-03,1000000.00,4.639402,99.765625
08:00:10,912810UA4,TSRYS5802849,D,S,T,2024-06-03,1000000.00,4.639402,99.765625
08:00:10,912810UA4,TSRYS5802849,D,S,T,2024-06-03,1000000.00,4.633329,99.86328125
08:00:10,912810UA4,TSRYS5802849,D,S,D,2024-06-03,1000000.00,4.63066,99.90625
08:00:10,912810UA4,TSRYS5802849,D,S,T,2024-06-03,1000000.00,4.635514,99.828125
08:00:10,912810UA4,TSRYS5802849,D,S,T,2024-06-03,1000000.00,4.62969,99.921875
08:00:10,912810UA4,TSRYS5802849,D,S,T,2024-06-03,1000000.00,4.62775,99.953125
08:00:10,912810UA4,TSRYS5802849,D,S,T,2024-06-03,1000000.00,4.627992,99.94921875
08:00:10,912810UA4,TSRYS5802849,D,S,T,2024-06-03,1000000.00,4.634543,99.84375
08:00:10,912810UA4,TSRYS5802849,D,S,T,2024-06-03,1000000.00,4.62969,99.921875
08:00:10,912810UA4,TSRYS5802849,D,S,T,2024-06-03,1000000.00,4.62969,99.921875
08:00:10,912810UA4,TSRYS5802849,D,S,T,2024-06-03,1000000.00,4.635514,99.828125
08:00:10,912810UA4,TSRYS5802849,D,S,T,2024-06-03,1000000.00,4.638916,99.7734375
08:00:10,912810UA4,TSRYS5802849,D,S,T,2024-06-03,1000000.00,4.634179,99.849609375
08:00:10,912810UA4,TSRYS5802849,D,S,T,2024-06-03,1000000.00,4.629205,99.9296875
08:00:10,912810UA4,TSRYS5802849,D,S,T,2024-06-03,1000000.00,4.628962,99.93359375
08:00:10,912810UA4,TSRYS5802849,D,S,T,2024-06-03,1000000.00,4.628962,99.93359375
08:00:10,912810UA4,TSRYS5802849,D,S,D,2024-06-03,1000000.00,4.617096,100.125
08:00:10,912810UA4,TSRYS5802849,D,S,D,2024-06-03,1000000.00,4.610331,100.234375
08:00:10,912810UA4,TSRYS5802849,D,S,D,2024-06-03,1000000.00,4.610331,100.234375
08:00:10,912810UA4,TSRYS5802849,D,S,T,2024-06-03,1000000.00,4.6084,100.265625
08:00:10,912810UA4,TSRYS5802849,D,S,T,2024-06-03,1000000.00,4.607434,100.28125
08:00:10,912810UA4,TSRYS5802849,D,S,T,2024-06-03,1000000.00,4.607917,100.2734375
08:00:10,912810UA4,TSRYS5802849,D,S,T,2024-06-03,1000000.00,4.6084,100.265625
08:00:10,912810UA4,TSRYS5802849,D,S,T,2024-06-03,1000000.00,4.607434,100.28125
08:00:10,912810UA4,TSRYS5802849,D,S,T,2024-06-03,1000000.00,4.607917,100.2734375
08:00:10,912810UA4,TSRYS5802849,D,S,T,2024-06-03,1000000.00,4.607434,100.28125
08:00:10,912810UA4,TSRYS5802849,D,S,T,2024-06-03,1000000.00,4.607917,100.2734375
08:00:10,912810UA4,TSRYS5802849,D,S,T,2024-06-03,1000000.00,4.607434,100.28125
08:00:10,912810UA4,TSRYS5802849,D,S,T,2024-06-03,1000000.00,4.607917,100.2734375
08:00:10,912810UA4,TSRYS5802849,D,S,T,2024-06-03,1000000.00,4.608882,100.2578125
08:00:10,912810UA4,TSRYS5802849,D,S,T,2024-06-03,1000000.00,4.609365,100.25
08:00:10,912810UA4,TSRYS5802849,D,S,T,2024-06-03,1000000.00,4.609365,100.25
08:00:10,912810UA4,TSRYS5802849,D,S,T,2024-06-03,1000000.00,4.616129,100.140625
08:00:10,912810UA4,TSRYS5802849,D,S,T,2024-06-03,1000000.00,4.622178,100.04296875
08:00:10,912810UA4,TSRYS5802849,D,S,T,2024-06-03,1000000.00,4.618064,100.109375
08:00:10,912810UA4,TSRYS5802849,D,S,T,2024-06-03,1000000.00,4.614195,100.171875
08:00:10,912810UA4,TSRYS5802849,D,S,T,2024-06-03,1000000.00,4.609365,100.25
08:00:10,912810UA4,TSRYS5802849,D,S,T,2024-06-03,1000000.00,4.609365,100.25
08:00:10,912810UA4,TSRYS5802849,D,S,T,2024-06-03,1000000.00,4.612263,100.203125
08:00:10,912810UA4,TSRYS5802849,D,S,T,2024-06-03,1000000.00,4.612263,100.203125
08:00:10,912810UA4,TSRYS5802849,D,S,T,2024-06-03,1000000.00,4.612867,100.193359375
08:00:10,912810UA4,TSRYS5802849,D,S,T,2024-06-03,1000000.00,4.612263,100.203125
08:00:13,912810UA4,TSRYS5802849,D,S,A,2024-06-03,10400000.00,4.631637,99.890625
08:00:14,912810UA4,TSRYS5802849,D,S,D,2024-06-03,1000000.00,4.611296,100.21875
08:00:14,912810UA4,TSRYS5802849,D,S,D,2024-06-03,1000000.00,4.611296,100.21875
08:00:14,912810UA4,TSRYS5802849,D,S,D,2024-06-03,1000000.00,4.611296,100.21875
08:00:15,912810UA4,TSRYS5802849,D,S,D,2024-06-03,1000000.00,4.611296,100.21875
08:00:15,912810UA4,TSRYS5802849,D,S,D,2024-06-03,1000000.00,4.611296,100.21875
08:00:17,912810UA4,TSRYS5802849,D,S,T,2024-06-03,1000000.00,4.62969,99.921875
08:00:17,912810UA4,TSRYS5802849,D,S,T,2024-06-03,1000000.00,4.628235,99.9453125
08:00:18,912810UA4,TSRYS5802849,D,S,T,2024-06-03,1000000.00,4.62775,99.953125
08:00:18,912810UA4,TSRYS5802849,D,S,T,2024-06-03,1000000.00,4.627992,99.94921875
08:00:18,912810UA4,TSRYS5802849,D,S,T,2024-06-03,1000000.00,4.627992,99.94921875
08:00:18,912810UA4,TSRYS5802849,D,S,D,2024-06-03,1000000.00,4.627992,99.94921875
08:00:18,912810UA4,TSRYS5802849,D,S,T,2024-06-03,1000000.00,4.62775,99.953125
08:00:18,912810UA4,TSRYS5802849,D,S,T,2024-06-03,1000000.00,4.62775,99.953125
08:00:18,912810UA4,TSRYS5802849,D,S,T,2024-06-03,1000000.00,4.627992,99.94921875
08:00:18,912810UA4,TSRYS5802849,D,S,T,2024-06-03,1000000.00,4.62775,99.953125
08:00:19,912810UA4,TSRYS5802849,D,S,T,2024-06-03,1000000.00,4.628235,99.9453125
08:00:19,912810UA4,TSRYS5802849,D,S,T,2024-06-03,1000000.00,4.62775,99.953125
08:00:19,912810UA4,TSRYS5802849,D,S,T,2024-06-03,1000000.00,4.62775,99.953125
08:00:19,912810UA4,TSRYS5802849,D,S,A,2024-06-03,250000.00,4.625811,99.984375
08:00:19,912810UA4,TSRYS5802849,D,S,T,2024-06-03,1000000.00,4.627992,99.94921875
08:00:19,912810UA4,TSRYS5802849,D,S,T,2024-06-03,1000000.00,4.627992,99.94921875
08:00:19,912810UA4,TSRYS5802849,D,S,T,2024-06-03,1000000.00,4.627992,99.94921875
08:00:19,912810UA4,TSRYS5802849,D,S,T,2024-06-03,1000000.00,4.628235,99.9453125
08:00:19,912810UA4,TSRYS5802849,D,S,T,2024-06-03,1000000.00,4.627992,99.94921875
08:00:19,912810UA4,TSRYS5802849,D,S,T,2024-06-03,1000000.00,4.627992,99.94921875
08:00:21,912810UA4,TSRYS5802849,D,B,A,2024-06-03,10000000.00,4.632116,99.8828125
08:00:23,912810UA4,TSRYS5802849,D,S,A,2024-06-03,3000000.00,4.63163,99.890625
08:00:23,912810UA4,TSRYS5802849,D,B,A,2024-06-03,200000.00,4.633099,99.8669875
08:00:24,912810UA4,TSRYS5802849,D,S,D,2024-06-03,1000000.00,4.638916,99.7734375
08:00:24,912810UA4,TSRYS5802849,D,S,D,2024-06-03,1000000.00,4.640374,99.75
08:00:24,912810UA4,TSRYS5802849,D,S,D,2024-06-03,1000000.00,4.640374,99.75
08:00:26,912810UA4,TSRYS5802849,D,S,D,2024-06-03,1000000.00,4.611296,100.21875
08:00:26,912810UA4,TSRYS5802849,D,B,A,2024-06-03,1000000.00,4.611296,100.21675
08:00:26,912810UA4,TSRYS5802849,D,S,C,2024-06-03,27000000.00,4.62775,99.953125
08:00:26,912810UA4,TSRYS5802849,D,S,A,2024-06-03,39000000.00,4.62969,99.921875
08:00:27,912810UA4,TSRYS5802849,D,S,T,2024-06-03,1000000.00,4.633572,99.859375
08:00:27,912810UA4,TSRYS5802849,D,S,T,2024-06-03,1000000.00,4.633572,99.859375
08:00:27,912810UA4,TSRYS5802849,D,S,T,2024-06-03,1000000.00,4.633572,99.859375
08:00:27,912810UA4,TSRYS5802849,D,S,T,2024-06-03,1000000.00,4.634543,99.84375
08:00:27,912810UA4,TSRYS5802849,D,S,T,2024-06-03,1000000.00,4.634543,99.84375
08:00:27,912810UA4,TSRYS5802849,D,S,T,2024-06-03,1000000.00,4.634543,99.84375
08:00:27,912810UA4,TSRYS5802849,D,S,T,2024-06-03,1000000.00,4.63163,99.890625
08:00:27,912810UA4,TSRYS5802849,D,S,T,2024-06-03,1000000.00,4.62775,99.953125
08:00:27,912810UA4,TSRYS5802849,D,S,T,2024-06-03,1000000.00,4.612263,100.203125
08:00:27,912810UA4,TSRYS5802849,D,S,T,2024-06-03,1000000.00,4.612263,100.203125
08:00:27,912810UA4,TSRYS5802849,D,S,T,2024-06-03,1000000.00,4.613229,100.1875
08:00:27,912810UA4,TSRYS5802849,D,S,T,2024-06-03,1000000.00,4.615162,100.15625
08:00:27,912810UA4,TSRYS5802849,D,S,T,2024-06-03,1000000.00,4.615162,100.15625
08:00:27,912810UA4,TSRYS5802849,D,S,T,2024-06-03,1000000.00,4.615162,100.15625
08:00:27,912810UA4,TSRYS5802849,D,S,T,2024-06-03,1000000.00,4.614195,100.171875
08:00:27,912810UA4,TSRYS5802849,D,S,T,2024-06-03,1000000.00,4.613229,100.1875
08:00:27,912810UA4,TSRYS5802849,D,S,T,2024-06-03,1000000.00,4.616129,100.140625
08:00:27,912810UA4,TSRYS5802849,D,S,T,2024-06-03,1000000.00,4.616129,100.140625
08:00:27,912810UA4,TSRYS5802849,D,S,T,2024-06-03,1000000.00,4.617096,100.125
08:00:27,912810UA4,TSRYS5802849,D,S,T,2024-06-03,1000000.00,4.617096,100.125
08:00:27,912810UA4,TSRYS5802849,D,S,T,2024-06-03,1000000.00,4.611296,100.21875
08:00:27,912810UA4,TSRYS5802849,D,S,T,2024-06-03,1000000.00,4.615162,100.15625
08:00:27,912810UA4,TSRYS5802849,D,S,T,2024-06-03,1000000.00,4.614195,100.171875
08:00:27,912810UA4,TSRYS5802849,D,S,T,2024-06-03,1000000.00,4.611296,100.21875
08:00:27,912810UA4,TSRYS5802849,D,S,T,2024-06-03,1000000.00,4.612263,100.203125
08:00:27,912810UA4,TSRYS5802849,D,S,D,2024-06-03,1000000.00,4.635514,99.828125
08:00:27,912810UA4,TSRYS5802849,D,S,T,2024-06-03,1000000.00,4.63066,99.90625
08:00:27,912810UA4,TSRYS5802849,D,S,T,2024-06-03,1000000.00,4.625326,99.9921875
08:00:27,912810UA4,TSRYS5802849,D,S,T,2024-06-03,1000000.00,4.629447,99.92578125
08:00:27,912810UA4,TSRYS5802849,D,S,T,2024-06-03,2000000.00,4.63066,99.90625
08:00:27,912810UA4,TSRYS5802849,D,S,T,2024-06-03,1000000.00,4.635514,99.828125
08:00:27,912810UA4,TSRYS5802849,D,S,T,2024-06-03,1000000.00,4.62872,99.9375
08:00:27,912810UA4,TSRYS5802849,D,S,D,2024-06-03,1000000.00,4.626295,99.9765625
08:00:27,912810UA4,TSRYS5802849,D,S,D,2024-06-03,1000000.00,4.623146,100.02734375
08:00:27,912810UA4,TSRYS5802849,D,S,D,2024-06-03,1000000.00,4.613471,100.18359375
08:00:27,912810UA4,TSRYS5802849,D,S,D,2024-06-03,2000000.00,4.610331,100.234375
08:00:27,912810UA4,TSRYS5802849,D,S,D,2024-06-03,1000000.00,4.610331,100.234375
08:00:27,912810UA4,TSRYS5802849,D,S,D,2024-06-03,1000000.00,4.610331,100.234375
08:00:27,912810UA4,TSRYS5802849,D,S,D,2024-06-03,1000000.00,4.613471,100.18359375
08:00:27,912810UA4,TSRYS5802849,D,S,D,2024-06-03,1000000.00,4.614679,100.1640625
08:00:27,912810UA4,TSRYS5802849,D,S,T,2024-06-03,1000000.00,4.6084,100.265625
08:00:27,912810UA4,TSRYS5802849,D,S,D,2024-06-03,2000000.00,4.61758,100.1171875
08:00:27,912810UA4,TSRYS5802849,D,S,D,2024-06-03,1000000.00,4.622904,100.03125
08:00:27,912810UA4,TSRYS5802849,D,S,D,2024-06-03,1000000.00,4.619999,100.078125
08:00:27,912810UA4,TSRYS5802849,D,B,C,2024-06-03,2000000.00,4.618064,100.109375
08:00:27,912810UA4,TSRYS5802849,D,S,T,2024-06-03,1000000.00,4.616129,100.140625
08:00:27,912810UA4,TSRYS5802849,D,S,T,2024-06-03,1000000.00,4.614195,100.171875
08:00:27,912810UA4,TSRYS5802849,D,S,T,2024-06-03,1000000.00,4.612263,100.203125
08:00:27,912810UA4,TSRYS5802849,D,S,T,2024-06-03,1000000.00,4.612263,100.203125
08:00:27,912810UA4,TSRYS5802849,D,S,T,2024-06-03,1000000.00,4.612263,100.203125
08:00:28,912810UA4,TSRYS5802849,D,S,D,2024-06-03,1000000.00,4.633086,99.8671875
08:00:28,912810UA4,TSRYS5802849,D,S,D,2024-06-03,1000000.00,4.619999,100.078125
08:00:28,912810UA4,TSRYS5802849,D,S,D,2024-06-03,1000000.00,4.616129,100.140625
08:00:28,912810UA4,TSRYS5802849,D,S,D,2024-06-03,1000000.00,4.619999,100.078125
08:00:28,912810UA4,TSRYS5802849,D,S,C,2024-06-03,11000000.00,4.62775,99.953125
08:00:30,912810UA4,TSRYS5802849,D,S,D,2024-06-03,1000000.00,4.638916,99.7734375
08:00:30,912810UA4,TSRYS5802849,D,S,D,2024-06-03,1000000.00,4.640374,99.75
08:00:30,912810UA4,TSRYS5802849,D,S,D,2024-06-03,1000000.00,4.640374,99.75
08:00:30,912810UA4,TSRYS5802849,D,S,D,2024-06-03,1000000.00,4.632358,99.87890625
08:00:30,912810UA4,TSRYS5802849,D,S,D,2024-06-03,1000000.00,4.630417,99.91015625
08:00:30,912810UA4,TSRYS5802849,D,S,D,2024-06-03,1000000.00,4.62775,99.953125
08:00:30,912810UA4,TSRYS5802849,D,S,D,2024-06-03,1000000.00,4.616129,100.140625
08:00:30,912810UA4,TSRYS5802849,D,S,D,2024-06-03,1000000.00,4.616613,100.1328125
08:00:30,912810UA4,TSRYS5802849,D,S,D,2024-06-03,1000000.00,4.615887,100.14453125
08:00:30,912810UA4,TSRYS5802849,D,S,D,2024-06-03,1000000.00,4.614679,100.1640625
08:00:30,912810UA4,TSRYS5802849,D,S,D,2024-06-03,1000000.00,4.614437,100.16796875
08:00:30,912810UA4,TSRYS5802849,D,S,D,2024-06-03,1000000.00,4.613229,100.1875
08:00:30,912810UA4,TSRYS5802849,D,S,D,2024-06-03,1000000.00,4.613471,100.18359375
08:00:30,912810UA4,TSRYS5802849,D,S,D,2024-06-03,1000000.00,4.611538,100.21484375
08:00:30,912810UA4,TSRYS5802849,D,S,D,2024-06-03,1000000.00,4.610572,100.23046875
08:00:30,912810UA4,TSRYS5802849,D,S,D,2024-06-03,1000000.00,4.610331,100.234375
08:00:30,912810UA4,TSRYS5802849,D,S,D,2024-06-03,1000000.00,4.610331,100.234375
08:00:30,912810UA4,TSRYS5802849,D,S,D,2024-06-03,1000000.00,4.610089,100.23828125
08:00:30,912810UA4,TSRYS5802849,D,S,D,2024-06-03,1000000.00,4.610331,100.234375
08:00:30,912810UA4,TSRYS5802849,D,S,D,2024-06-03,1000000.00,4.609848,100.2421875
08:00:30,912810UA4,TSRYS5802849,D,S,D,2024-06-03,1000000.00,4.613471,100.18359375
08:00:30,912810UA4,TSRYS5802849,D,S,D,2024-06-03,1000000.00,4.613229,100.1875
08:00:30,912810UA4,TSRYS5802849,D,S,D,2024-06-03,1000000.00,4.611538,100.21484375
08:00:30,912810UA4,TSRYS5802849,D,S,D,2024-06-03,1000000.00,4.611538,100.21484375
08:00:30,912810UA4,TSRYS5802849,D,S,D,2024-06-03,1000000.00,4.609124,100.25390625
08:00:30,912810UA4,TSRYS5802849,D,S,D,2024-06-03,1000000.00,4.621936,100.046875
08:00:30,912810UA4,TSRYS5802849,D,S,D,2024-06-03,1000000.00,4.621936,100.046875
08:00:30,912810UA4,TSRYS5802849,D,S,D,2024-06-03,1000000.00,4.621451,100.0546875
08:00:30,912810UA4,TSRYS5802849,D,S,D,2024-06-03,1000000.00,4.621693,100.05078125
08:00:30,912810UA4,TSRYS5802849,D,S,D,2024-06-03,1000000.00,4.618548,100.1015625
08:00:30,912810UA4,TSRYS5802849,D,S,D,2024-06-03,1000000.00,4.618548,100.1015625
08:00:30,912810UA4,TSRYS5802849,D,S,D,2024-06-03,1000000.00,4.619273,100.08984375
08:00:30,912810UA4,TSRYS5802849,D,S,D,2024-06-03,1000000.00,4.620241,100.07421875
08:00:30,912810UA4,TSRYS5802849,D,S,D,2024-06-03,1000000.00,4.620483,100.0703125
08:00:30,912810UA4,TSRYS5802849,D,S,D,2024-06-03,1000000.00,4.620241,100.07421875
08:00:30,912810UA4,TSRYS5802849,D,S,D,2024-06-03,1000000.00,4.618064,100.109375
08:00:30,912810UA4,TSRYS5802849,D,S,D,2024-06-03,1000000.00,4.617096,100.125
08:00:30,912810UA4,TSRYS5802849,D,S,D,2024-06-03,1000000.00,4.617338,100.12109375
08:00:30,912810UA4,TSRYS5802849,D,S,D,2024-06-03,1000000.00,4.615162,100.15625
08:00:30,912810UA4,TSRYS5802849,D,S,D,2024-06-03,1000000.00,4.614195,100.171875
08:00:30,912810UA4,TSRYS5802849,D,S,D,2024-06-03,1000000.00,4.616129,100.140625
08:00:30,912810UA4,TSRYS5802849,D,S,D,2024-06-03,1000000.00,4.616855,100.12890625
08:00:30,912810UA4,TSRYS5802849,D,S,D,2024-06-03,1000000.00,4.613229,100.1875
08:00:30,912810UA4,TSRYS5802849,D,S,D,2024-06-03,1000000.00,4.612987,100.19140625
08:00:30,912810UA4,TSRYS5802849,D,S,D,2024-06-03,1000000.00,4.613712,100.1796875
08:00:33,912810UA4,TSRYS5802849,D,S,D,2024-06-03,1000000.00,4.613229,100.1875
08:00:33,912810UA4,TSRYS5802849,D,S,D,2024-06-03,1000000.00,4.63066,99.90625
08:00:33,912810UA4,TSRYS5802849,D,S,D,2024-06-03,1000000.00,4.630538,99.908203125
08:00:33,912810UA4,TSRYS5802849,D,S,D,2024-06-03,1000000.00,4.630417,99.91015625
08:00:33,912810UA4,TSRYS5802849,D,S,D,2024-06-03,1000000.00,4.630417,99.91015625
08:00:33,912810UA4,TSRYS5802849,D,S,D,2024-06-03,1000000.00,4.630053,99.916015625
08:00:33,912810UA4,TSRYS5802849,D,S,D,2024-06-03,1000000.00,4.630417,99.91015625
08:00:33,912810UA4,TSRYS5802849,D,S,D,2024-06-03,1000000.00,4.632601,99.875
08:00:33,912810UA4,TSRYS5802849,D,S,D,2024-06-03,1000000.00,4.632601,99.875
08:00:33,912810UA4,TSRYS5802849,D,S,D,2024-06-03,1000000.00,4.62678,99.96875
08:00:33,912810UA4,TSRYS5802849,D,S,D,2024-06-03,1000000.00,4.62678,99.96875
08:00:33,912810UA4,TSRYS5802849,D,S,D,2024-06-03,1000000.00,4.62775,99.953125
08:00:33,912810UA4,TSRYS5802849,D,S,D,2024-06-03,1000000.00,4.629326,99.927734375
08:00:33,912810UA4,TSRYS5802849,D,S,D,2024-06-03,1000000.00,4.629205,99.9296875
08:00:33,912810UA4,TSRYS5802849,D,S,D,2024-06-03,1000000.00,4.629326,99.927734375
08:00:33,912810UA4,TSRYS5802849,D,S,D,2024-06-03,1000000.00,4.624236,100.009765625
08:00:33,912810UA4,TSRYS5802849,D,S,D,2024-06-03,1000000.00,4.624115,100.01171875
08:00:33,912810UA4,TSRYS5802849,D,S,D,2024-06-03,1000000.00,4.635514,99.828125
08:00:33,912810UA4,TSRYS5802849,D,S,D,2024-06-03,1000000.00,4.635757,99.82421875
08:00:33,912810UA4,TSRYS5802849,D,S,D,2024-06-03,1000000.00,4.636486,99.8125
08:00:33,912810UA4,TSRYS5802849,D,S,D,2024-06-03,1000000.00,4.636364,99.814453125
08:00:33,912810UA4,TSRYS5802849,D,S,D,2024-06-03,1000000.00,4.635879,99.822265625
08:00:33,912810UA4,TSRYS5802849,D,S,D,2024-06-03,1000000.00,4.617338,100.12109375
08:00:33,912810UA4,TSRYS5802849,D,S,D,2024-06-03,1000000.00,4.617096,100.125
08:00:33,912810UA4,TSRYS5802849,D,S,D,2024-06-03,1000000.00,4.61178,100.2109375
08:00:33,912810UA4,TSRYS5802849,D,S,D,2024-06-03,1000000.00,4.61178,100.2109375
08:00:33,912810UA4,TSRYS5802849,D,S,D,2024-06-03,1000000.00,4.611659,100.212890625
08:00:33,912810UA4,TSRYS5802849,D,S,D,2024-06-03,1000000.00,4.611659,100.212890625
08:00:33,912810UA4,TSRYS5802849,D,S,D,2024-06-03,1000000.00,4.611055,100.22265625
08:00:33,912810UA4,TSRYS5802849,D,S,D,2024-06-03,1000000.00,4.611055,100.22265625
08:00:33,912810UA4,TSRYS5802849,D,S,D,2024-06-03,1000000.00,4.611055,100.22265625
08:00:33,912810UA4,TSRYS5802849,D,S,D,2024-06-03,1000000.00,4.611055,100.22265625
08:00:33,912810UA4,TSRYS5802849,D,S,D,2024-06-03,1000000.00,4.613954,100.17578125
08:00:33,912810UA4,TSRYS5802849,D,S,D,2024-06-03,1000000.00,4.617096,100.125
08:00:33,912810UA4,TSRYS5802849,D,S,D,2024-06-03,1000000.00,4.617217,100.123046875
08:00:33,912810UA4,TSRYS5802849,D,S,D,2024-06-03,1000000.00,4.620483,100.0703125
08:00:33,912810UA4,TSRYS5802849,D,S,D,2024-06-03,1000000.00,4.620604,100.068359375
08:00:33,912810UA4,TSRYS5802849,D,S,D,2024-06-03,1000000.00,4.623994,100.013671875
08:00:33,912810UA4,TSRYS5802849,D,S,D,2024-06-03,1000000.00,4.621572,100.052734375
08:00:33,912810UA4,TSRYS5802849,D,S,D,2024-06-03,1000000.00,4.622783,100.033203125
08:00:33,912810UA4,TSRYS5802849,D,S,D,2024-06-03,1000000.00,4.623631,100.01953125
08:00:33,912810UA4,TSRYS5802849,D,S,D,2024-06-03,1000000.00,4.621936,100.046875
08:00:33,912810UA4,TSRYS5802849,D,S,D,2024-06-03,1000000.00,4.621936,100.046875
08:00:33,912810UA4,TSRYS5802849,D,S,D,2024-06-03,1000000.00,4.621693,100.05078125
08:00:33,912810UA4,TSRYS5802849,D,S,D,2024-06-03,1000000.00,4.621451,100.0546875
08:00:33,912810UA4,TSRYS5802849,D,S,D,2024-06-03,1000000.00,4.619031,100.09375
08:00:33,912810UA4,TSRYS5802849,D,S,D,2024-06-03,1000000.00,4.618789,100.09765625
08:00:33,912810UA4,TSRYS5802849,D,S,D,2024-06-03,1000000.00,4.619031,100.09375
08:00:33,912810UA4,TSRYS5802849,D,S,D,2024-06-03,1000000.00,4.62012,100.076171875
08:00:33,912810UA4,TSRYS5802849,D,S,D,2024-06-03,1000000.00,4.620241,100.07421875
08:00:33,912810UA4,TSRYS5802849,D,S,D,2024-06-03,1000000.00,4.619515,100.0859375
08:00:33,912810UA4,TSRYS5802849,D,S,D,2024-06-03,1000000.00,4.617096,100.125
08:00:33,912810UA4,TSRYS5802849,D,S,D,2024-06-03,1000000.00,4.617096,100.125
08:00:33,912810UA4,TSRYS5802849,D,S,D,2024-06-03,1000000.00,4.616734,100.130859375
08:00:33,912810UA4,TSRYS5802849,D,S,D,2024-06-03,1000000.00,4.616855,100.12890625
08:00:33,912810UA4,TSRYS5802849,D,S,D,2024-06-03,1000000.00,4.615646,100.1484375
08:00:33,912810UA4,TSRYS5802849,D,S,D,2024-06-03,1000000.00,4.615887,100.14453125
08:00:33,912810UA4,TSRYS5802849,D,S,D,2024-06-03,1000000.00,4.616492,100.134765625
08:00:33,912810UA4,TSRYS5802849,D,S,D,2024-06-03,1000000.00,4.616613,100.1328125
08:00:33,912810UA4,TSRYS5802849,D,S,D,2024-06-03,1000000.00,4.617096,100.125
08:00:33,912810UA4,TSRYS5802849,D,S,D,2024-06-03,1000000.00,4.618306,100.10546875
08:00:33,912810UA4,TSRYS5802849,D,S,D,2024-06-03,1000000.00,4.616855,100.12890625
08:00:33,912810UA4,TSRYS5802849,D,S,D,2024-06-03,1000000.00,4.617217,100.123046875
08:00:33,912810UA4,TSRYS5802849,D,S,D,2024-06-03,1000000.00,4.617096,100.125
08:00:33,912810UA4,TSRYS5802849,D,S,D,2024-06-03,1000000.00,4.617338,100.12109375
08:00:33,912810UA4,TSRYS5802849,D,S,D,2024-06-03,1000000.00,4.617096,100.125
08:00:33,912810UA4,TSRYS5802849,D,S,D,2024-06-03,1000000.00,4.611659,100.212890625
08:00:33,912810UA4,TSRYS5802849,D,S,D,2024-06-03,1000000.00,4.612746,100.1953125
08:00:33,912810UA4,TSRYS5802849,D,S,D,2024-06-03,1000000.00,4.6084,100.265625
08:00:33,912810UA4,TSRYS5802849,D,S,D,2024-06-03,1000000.00,4.612867,100.193359375
08:00:33,912810UA4,TSRYS5802849,D,S,D,2024-06-03,1000000.00,4.613229,100.1875
08:00:33,912810UA4,TSRYS5802849,D,S,D,2024-06-03,2000000.00,4.613108,100.189453125
08:00:33,912810UA4,TSRYS5802849,D,S,D,2024-06-03,1000000.00,4.613108,100.189453125
08:00:33,912810UA4,TSRYS5802849,D,S,D,2024-06-03,1000000.00,4.613108,100.189453125
08:00:33,912810UA4,TSRYS5802849,D,S,T,2024-06-03,1000000.00,4.639037,99.771484375
08:00:33,912810UA4,TSRYS5802849,D,S,T,2024-06-03,1000000.00,4.632358,99.87890625
08:00:33,912810UA4,TSRYS5802849,D,S,T,2024-06-03,1000000.00,4.630053,99.916015625
08:00:33,912810UA4,TSRYS5802849,D,S,T,2024-06-03,1000000.00,4.630417,99.91015625
08:00:33,912810UA4,TSRYS5802849,D,S,T,2024-06-03,1000000.00,4.632601,99.875
08:00:33,912810UA4,TSRYS5802849,D,S,T,2024-06-03,1000000.00,4.628113,99.947265625
08:00:33,912810UA4,TSRYS5802849,D,S,T,2024-06-03,1000000.00,4.627992,99.94921875
08:00:33,912810UA4,TSRYS5802849,D,S,T,2024-06-03,1000000.00,4.629326,99.927734375
08:00:33,912810UA4,TSRYS5802849,D,S,T,2024-06-03,1000000.00,4.630538,99.908203125
08:00:33,912810UA4,TSRYS5802849,D,S,T,2024-06-03,1000000.00,4.632965,99.869140625
08:00:33,912810UA4,TSRYS5802849,D,S,T,2024-06-03,1000000.00,4.626901,99.966796875
08:00:33,912810UA4,TSRYS5802849,D,S,T,2024-06-03,1000000.00,4.629568,99.923828125
08:00:33,912810UA4,TSRYS5802849,D,S,T,2024-06-03,1000000.00,4.635514,99.828125
08:00:33,912810UA4,TSRYS5802849,D,S,T,2024-06-03,1000000.00,4.636122,99.818359375
08:00:33,912810UA4,TSRYS5802849,D,S,T,2024-06-03,1000000.00,4.636364,99.814453125
08:00:33,912810UA4,TSRYS5802849,D,S,T,2024-06-03,2000000.00,4.639037,99.771484375
08:00:33,912810UA4,TSRYS5802849,D,S,T,2024-06-03,1000000.00,4.638916,99.7734375
08:00:33,912810UA4,TSRYS5802849,D,S,T,2024-06-03,1000000.00,4.634664,99.841796875
08:00:33,912810UA4,TSRYS5802849,D,S,T,2024-06-03,1000000.00,4.632601,99.875
08:00:33,912810UA4,TSRYS5802849,D,S,T,2024-06-03,1000000.00,4.617217,100.123046875
08:00:33,912810UA4,TSRYS5802849,D,S,T,2024-06-03,1000000.00,4.617096,100.125
08:00:33,912810UA4,TSRYS5802849,D,S,T,2024-06-03,1000000.00,4.615887,100.14453125
08:00:33,912810UA4,TSRYS5802849,D,S,T,2024-06-03,1000000.00,4.615767,100.146484375
08:00:33,912810UA4,TSRYS5802849,D,S,T,2024-06-03,1000000.00,4.61178,100.2109375
08:00:33,912810UA4,TSRYS5802849,D,S,T,2024-06-03,1000000.00,4.61178,100.2109375
08:00:33,912810UA4,TSRYS5802849,D,S,T,2024-06-03,1000000.00,4.611659,100.212890625
08:00:33,912810UA4,TSRYS5802849,D,S,T,2024-06-03,1000000.00,4.611538,100.21484375
08:00:33,912810UA4,TSRYS5802849,D,S,T,2024-06-03,1000000.00,4.6084,100.265625
08:00:33,912810UA4,TSRYS5802849,D,S,T,2024-06-03,1000000.00,4.613229,100.1875
08:00:33,912810UA4,TSRYS5802849,D,S,T,2024-06-03,1000000.00,4.616371,100.13671875
08:00:33,912810UA4,TSRYS5802849,D,S,T,2024-06-03,1000000.00,4.616855,100.12890625
08:00:33,912810UA4,TSRYS5802849,D,S,T,2024-06-03,1000000.00,4.617701,100.115234375
08:00:33,912810UA4,TSRYS5802849,D,S,T,2024-06-03,1000000.00,4.616734,100.130859375
08:00:33,912810UA4,TSRYS5802849,D,S,T,2024-06-03,1000000.00,4.61625,100.138671875
08:00:33,912810UA4,TSRYS5802849,D,S,T,2024-06-03,1000000.00,4.621814,100.048828125
08:00:33,912810UA4,TSRYS5802849,D,S,T,2024-06-03,1000000.00,4.621936,100.046875
08:00:33,912810UA4,TSRYS5802849,D,S,T,2024-06-03,1000000.00,4.622057,100.044921875
08:00:33,912810UA4,TSRYS5802849,D,S,T,2024-06-03,1000000.00,4.621936,100.046875
08:00:33,912810UA4,TSRYS5802849,D,S,T,2024-06-03,1000000.00,4.621693,100.05078125
08:00:33,912810UA4,TSRYS5802849,D,S,T,2024-06-03,1000000.00,4.619878,100.080078125
08:00:33,912810UA4,TSRYS5802849,D,S,T,2024-06-03,1000000.00,4.618789,100.09765625
08:00:33,912810UA4,TSRYS5802849,D,S,T,2024-06-03,1000000.00,4.618427,100.103515625
08:00:33,912810UA4,TSRYS5802849,D,S,T,2024-06-03,1000000.00,4.620483,100.0703125
08:00:33,912810UA4,TSRYS5802849,D,S,T,2024-06-03,1000000.00,4.620362,100.072265625
08:00:33,912810UA4,TSRYS5802849,D,S,T,2024-06-03,1000000.00,4.620241,100.07421875
08:00:33,912810UA4,TSRYS5802849,D,S,T,2024-06-03,1000000.00,4.619636,100.083984375
08:00:33,912810UA4,TSRYS5802849,D,S,T,2024-06-03,1000000.00,4.616734,100.130859375
08:00:33,912810UA4,TSRYS5802849,D,S,T,2024-06-03,1000000.00,4.617096,100.125
08:00:33,912810UA4,TSRYS5802849,D,S,T,2024-06-03,1000000.00,4.616855,100.12890625
08:00:33,912810UA4,TSRYS5802849,D,S,T,2024-06-03,1000000.00,4.617459,100.119140625
08:00:33,912810UA4,TSRYS5802849,D,S,T,2024-06-03,1000000.00,4.617459,100.119140625
08:00:33,912810UA4,TSRYS5802849,D,S,T,2024-06-03,1000000.00,4.615162,100.15625
08:00:33,912810UA4,TSRYS5802849,D,S,D,2024-06-03,1000000.00,4.614195,100.171875
08:00:33,912810UA4,TSRYS5802849,D,S,D,2024-06-03,1000000.00,4.614195,100.171875
08:00:33,912810UA4,TSRYS5802849,D,S,D,2024-06-03,1000000.00,4.616613,100.1328125
08:00:33,912810UA4,TSRYS5802849,D,S,T,2024-06-03,1000000.00,4.616734,100.130859375
08:00:33,912810UA4,TSRYS5802849,D,S,D,2024-06-03,1000000.00,4.617096,100.125
08:00:33,912810UA4,TSRYS5802849,D,S,T,2024-06-03,1000000.00,4.616855,100.12890625
08:00:33,912810UA4,TSRYS5802849,D,S,T,2024-06-03,1000000.00,4.616492,100.134765625
08:00:33,912810UA4,TSRYS5802849,D,S,T,2024-06-03,1000000.00,4.613229,100.1875
08:00:33,912810UA4,TSRYS5802849,D,S,T,2024-06-03,1000000.00,4.613229,100.1875
08:00:33,912810UA4,TSRYS5802849,D,S,T,2024-06-03,1000000.00,4.612867,100.193359375
08:00:33,912810UA4,TSRYS5802849,D,S,T,2024-06-03,1000000.00,4.613471,100.18359375
08:00:33,912810UA4,TSRYS5802849,D,S,T,2024-06-03,1000000.00,4.610331,100.234375
08:00:33,912810UA4,TSRYS5802849,D,S,T,2024-06-03,1000000.00,4.6084,100.265625
08:00:33,912810UA4,TSRYS5802849,D,S,T,2024-06-03,1000000.00,4.609365,100.25
08:00:33,912810UA4,TSRYS5802849,D,S,T,2024-06-03,1000000.00,4.613108,100.189453125
08:00:33,912810UA4,TSRYS5802849,D,S,T,2024-06-03,1000000.00,4.612987,100.19140625
08:00:33,912810UA4,TSRYS5802849,D,S,T,2024-06-03,1000000.00,4.613229,100.1875
08:00:33,912810UA4,TSRYS5802849,D,S,T,2024-06-03,1000000.00,4.613229,100.1875
08:00:33,912810UA4,TSRYS5802849,D,S,T,2024-06-03,1000000.00,4.614195,100.171875
08:00:33,912810UA4,TSRYS5802849,D,S,T,2024-06-03,1000000.00,4.614195,100.171875
08:00:33,912810UA4,TSRYS5802849,D,S,T,2024-06-03,1000000.00,4.615646,100.1484375
08:00:33,912810UA4,TSRYS5802849,D,S,T,2024-06-03,1000000.00,4.615525,100.150390625
08:00:33,912810UA4,TSRYS5802849,D,S,T,2024-06-03,1000000.00,4.61178,100.2109375
08:00:33,912810UA4,TSRYS5802849,D,S,T,2024-06-03,1000000.00,4.611296,100.21875
08:00:33,912810UA4,TSRYS5802849,D,S,T,2024-06-03,1000000.00,4.6084,100.265625
08:00:33,912810UA4,TSRYS5802849,D,S,T,2024-06-03,1000000.00,4.609365,100.25
08:00:33,912810UA4,TSRYS5802849,D,S,T,2024-06-03,1000000.00,4.61178,100.2109375
08:00:33,912810UA4,TSRYS5802849,D,S,T,2024-06-03,1000000.00,4.610331,100.234375
08:00:33,912810UA4,TSRYS5802849,D,S,T,2024-06-03,1000000.00,4.61021,100.236328125
08:00:33,912810UA4,TSRYS5802849,D,S,T,2024-06-03,1000000.00,4.610331,100.234375
08:00:33,912810UA4,TSRYS5802849,D,S,T,2024-06-03,1000000.00,4.61178,100.2109375
08:00:33,912810UA4,TSRYS5802849,D,S,T,2024-06-03,1000000.00,4.61178,100.2109375
08:00:33,912810UA4,TSRYS5802849,D,S,T,2024-06-03,1000000.00,4.61178,100.2109375
08:00:33,912810UA4,TSRYS5802849,D,S,T,2024-06-03,1000000.00,4.61178,100.2109375
08:00:33,912810UA4,TSRYS5802849,D,S,T,2024-06-03,1000000.00,4.61178,100.2109375
08:00:33,912810UA4,TSRYS5802849,D,S,T,2024-06-03,1000000.00,4.61178,100.2109375
08:00:33,912810UA4,TSRYS5802849,D,S,T,2024-06-03,1000000.00,4.61178,100.2109375
08:00:33,912810UA4,TSRYS5802849,D,S,T,2024-06-03,1000000.00,4.612263,100.203125
08:00:33,912810UA4,TSRYS5802849,D,S,T,2024-06-03,1000000.00,4.612263,100.203125
08:00:33,912810UA4,TSRYS5802849,D,S,T,2024-06-03,1000000.00,4.640374,99.75
08:00:33,912810UA4,TSRYS5802849,D,S,T,2024-06-03,1000000.00,4.64232,99.71875
08:00:33,912810UA4,TSRYS5802849,D,S,T,2024-06-03,1000000.00,4.64232,99.71875
08:00:33,912810UA4,TSRYS5802849,D,S,T,2024-06-03,1000000.00,4.641347,99.734375
08:00:33,912810UA4,TSRYS5802849,D,S,T,2024-06-03,1000000.00,4.641347,99.734375
08:00:33,912810UA4,TSRYS5802849,D,S,T,2024-06-03,1000000.00,4.637458,99.796875
08:00:33,912810UA4,TSRYS5802849,D,S,T,2024-06-03,1000000.00,4.640374,99.75
08:00:33,912810UA4,TSRYS5802849,D,S,T,2024-06-03,1000000.00,4.640374,99.75
08:00:33,912810UA4,TSRYS5802849,D,S,T,2024-06-03,1000000.00,4.639888,99.7578125
08:00:33,912810UA4,TSRYS5802849,D,S,T,2024-06-03,1000000.00,4.640374,99.75
08:00:33,912810UA4,TSRYS5802849,D,S,T,2024-06-03,1000000.00,4.633572,99.859375
08:00:33,912810UA4,TSRYS5802849,D,S,T,2024-06-03,1000000.00,4.633572,99.859375
08:00:33,912810UA4,TSRYS5802849,D,S,T,2024-06-03,1000000.00,4.633572,99.859375
08:00:33,912810UA4,TSRYS5802849,D,S,T,2024-06-03,1000000.00,4.633572,99.859375
08:00:33,912810UA4,TSRYS5802849,D,S,T,2024-06-03,1000000.00,4.63066,99.90625
08:00:33,912810UA4,TSRYS5802849,D,S,T,2024-06-03,1000000.00,4.633572,99.859375
08:00:33,912810UA4,TSRYS5802849,D,S,T,2024-06-03,1000000.00,4.633572,99.859375
08:00:33,912810UA4,TSRYS5802849,D,S,T,2024-06-03,1000000.00,4.637215,99.80078125
08:00:33,912810UA4,TSRYS5802849,D,S,T,2024-06-03,1000000.00,4.637458,99.796875
08:00:33,912810UA4,TSRYS5802849,D,S,T,2024-06-03,1000000.00,4.637458,99.796875
08:00:33,912810UA4,TSRYS5802849,D,S,T,2024-06-03,1000000.00,4.637458,99.796875
08:00:33,912810UA4,TSRYS5802849,D,S,T,2024-06-03,1000000.00,4.638308,99.783203125
08:00:33,912810UA4,TSRYS5802849,D,S,T,2024-06-03,1000000.00,4.63843,99.78125
08:00:33,912810UA4,TSRYS5802849,D,S,T,2024-06-03,1000000.00,4.63843,99.78125
08:00:33,912810UA4,TSRYS5802849,D,S,T,2024-06-03,2000000.00,4.632116,99.8828125
08:00:33,912810UA4,TSRYS5802849,D,S,T,2024-06-03,1000000.00,4.62969,99.921875
08:00:33,912810UA4,TSRYS5802849,D,S,T,2024-06-03,1000000.00,4.62775,99.953125
08:00:33,912810UA4,TSRYS5802849,D,S,T,2024-06-03,1000000.00,4.627992,99.94921875
08:00:33,912810UA4,TSRYS5802849,D,S,T,2024-06-03,1000000.00,4.627871,99.951171875
08:00:33,912810UA4,TSRYS5802849,D,S,T,2024-06-03,1000000.00,4.62775,99.953125
08:00:33,912810UA4,TSRYS5802849,D,S,T,2024-06-03,1000000.00,4.62872,99.9375
08:00:33,912810UA4,TSRYS5802849,D,S,T,2024-06-03,1000000.00,4.62872,99.9375
08:00:33,912810UA4,TSRYS5802849,D,S,T,2024-06-03,1000000.00,4.62872,99.9375
08:00:33,912810UA4,TSRYS5802849,D,S,T,2024-06-03,1000000.00,4.63066,99.90625
08:00:33,912810UA4,TSRYS5802849,D,S,T,2024-06-03,1000000.00,4.63163,99.890625
08:00:33,912810UA4,TSRYS5802849,D,S,T,2024-06-03,1000000.00,4.63163,99.890625
08:00:33,912810UA4,TSRYS5802849,D,S,T,2024-06-03,1000000.00,4.632601,99.875
08:00:33,912810UA4,TSRYS5802849,D,S,T,2024-06-03,1000000.00,4.626053,99.98046875
08:00:33,912810UA4,TSRYS5802849,D,S,T,2024-06-03,1000000.00,4.625811,99.984375
08:00:33,912810UA4,TSRYS5802849,D,S,T,2024-06-03,1000000.00,4.625447,99.990234375
08:00:33,912810UA4,TSRYS5802849,D,S,T,2024-06-03,1000000.00,4.625811,99.984375
08:00:33,912810UA4,TSRYS5802849,D,S,T,2024-06-03,1000000.00,4.625811,99.984375
08:00:33,912810UA4,TSRYS5802849,D,S,T,2024-06-03,1000000.00,4.629083,99.931640625
08:00:33,912810UA4,TSRYS5802849,D,S,T,2024-06-03,1000000.00,4.628962,99.93359375
08:00:33,912810UA4,TSRYS5802849,D,S,T,2024-06-03,1000000.00,4.628962,99.93359375
08:00:33,912810UA4,TSRYS5802849,D,S,T,2024-06-03,1000000.00,4.628962,99.93359375
08:00:33,912810UA4,TSRYS5802849,D,S,T,2024-06-03,1000000.00,4.628962,99.93359375
08:00:33,912810UA4,TSRYS5802849,D,S,T,2024-06-03,1000000.00,4.628962,99.93359375
08:00:33,912810UA4,TSRYS5802849,D,S,T,2024-06-03,1000000.00,4.628962,99.93359375
08:00:33,912810UA4,TSRYS5802849,D,S,T,2024-06-03,1000000.00,4.629447,99.92578125
08:00:33,912810UA4,TSRYS5802849,D,S,T,2024-06-03,1000000.00,4.62969,99.921875
08:00:33,912810UA4,TSRYS5802849,D,S,T,2024-06-03,1000000.00,4.62969,99.921875
08:00:33,912810UA4,TSRYS5802849,D,S,T,2024-06-03,1000000.00,4.62678,99.96875
08:00:33,912810UA4,TSRYS5802849,D,S,T,2024-06-03,1000000.00,4.62775,99.953125
08:00:33,912810UA4,TSRYS5802849,D,S,T,2024-06-03,1000000.00,4.62969,99.921875
08:00:33,912810UA4,TSRYS5802849,D,S,T,2024-06-03,1000000.00,4.63066,99.90625
08:00:33,912810UA4,TSRYS5802849,D,S,T,2024-06-03,1000000.00,4.63066,99.90625
08:00:33,912810UA4,TSRYS5802849,D,S,T,2024-06-03,1000000.00,4.63066,99.90625
08:00:33,912810UA4,TSRYS5802849,D,S,T,2024-06-03,1000000.00,4.63066,99.90625
08:00:33,912810UA4,TSRYS5802849,D,S,T,2024-06-03,1000000.00,4.63066,99.90625
08:00:33,912810UA4,TSRYS5802849,D,S,T,2024-06-03,1000000.00,4.63066,99.90625
08:00:33,912810UA4,TSRYS5802849,D,S,T,2024-06-03,2000000.00,4.63066,99.90625
08:00:33,912810UA4,TSRYS5802849,D,S,T,2024-06-03,1000000.00,4.63066,99.90625
08:00:33,912810UA4,TSRYS5802849,D,S,T,2024-06-03,1000000.00,4.632601,99.875
08:00:33,912810UA4,TSRYS5802849,D,S,T,2024-06-03,1000000.00,4.633572,99.859375
08:00:33,912810UA4,TSRYS5802849,D,S,T,2024-06-03,1000000.00,4.63163,99.890625
08:00:33,912810UA4,TSRYS5802849,D,S,T,2024-06-03,1000000.00,4.63163,99.890625
08:00:33,912810UA4,TSRYS5802849,D,S,T,2024-06-03,1000000.00,4.63066,99.90625
08:00:33,912810UA4,TSRYS5802849,D,S,T,2024-06-03,1000000.00,4.63163,99.890625
08:00:33,912810UA4,TSRYS5802849,D,S,T,2024-06-03,1000000.00,4.63163,99.890625
08:00:33,912810UA4,TSRYS5802849,D,S,T,2024-06-03,1000000.00,4.630781,99.904296875
08:00:33,912810UA4,TSRYS5802849,D,S,T,2024-06-03,1000000.00,4.636486,99.8125
08:00:33,912810UA4,TSRYS5802849,D,S,T,2024-06-03,1000000.00,4.636486,99.8125
08:00:33,912810UA4,TSRYS5802849,D,S,T,2024-06-03,3000000.00,4.636486,99.8125
08:00:33,912810UA4,TSRYS5802849,D,S,T,2024-06-03,1000000.00,4.635757,99.82421875
08:00:33,912810UA4,TSRYS5802849,D,S,T,2024-06-03,1000000.00,4.635636,99.826171875
08:00:33,912810UA4,TSRYS5802849,D,S,T,2024-06-03,1000000.00,4.636607,99.810546875
08:00:33,912810UA4,TSRYS5802849,D,S,T,2024-06-03,1000000.00,4.636607,99.810546875
08:00:33,912810UA4,TSRYS5802849,D,S,T,2024-06-03,1000000.00,4.637458,99.796875
08:00:33,912810UA4,TSRYS5802849,D,S,T,2024-06-03,1000000.00,4.637458,99.796875
08:00:33,912810UA4,TSRYS5802849,D,S,T,2024-06-03,3000000.00,4.637458,99.796875
08:00:33,912810UA4,TSRYS5802849,D,S,T,2024-06-03,1000000.00,4.637458,99.796875
08:00:33,912810UA4,TSRYS5802849,D,S,T,2024-06-03,1000000.00,4.638551,99.779296875
08:00:33,912810UA4,TSRYS5802849,D,S,T,2024-06-03,1000000.00,4.634786,99.83984375
08:00:33,912810UA4,TSRYS5802849,D,S,T,2024-06-03,1000000.00,4.631873,99.88671875
08:00:33,912810UA4,TSRYS5802849,D,S,T,2024-06-03,1000000.00,4.629205,99.9296875
08:00:33,912810UA4,TSRYS5802849,D,S,T,2024-06-03,1000000.00,4.629083,99.931640625
08:00:33,912810UA4,TSRYS5802849,D,S,T,2024-06-03,1000000.00,4.628962,99.93359375
08:00:33,912810UA4,TSRYS5802849,D,S,T,2024-06-03,1000000.00,4.628962,99.93359375
08:00:33,912810UA4,TSRYS5802849,D,S,T,2024-06-03,1000000.00,4.628841,99.935546875
08:00:33,912810UA4,TSRYS5802849,D,S,T,2024-06-03,1000000.00,4.62872,99.9375
08:00:33,912810UA4,TSRYS5802849,D,S,T,2024-06-03,1000000.00,4.62969,99.921875
08:00:33,912810UA4,TSRYS5802849,D,S,T,2024-06-03,1000000.00,4.62969,99.921875
08:00:33,912810UA4,TSRYS5802849,D,S,T,2024-06-03,1000000.00,4.62969,99.921875
08:00:33,912810UA4,TSRYS5802849,D,S,T,2024-06-03,1000000.00,4.62969,99.921875
08:00:33,912810UA4,TSRYS5802849,D,S,T,2024-06-03,1000000.00,4.62969,99.921875
08:00:33,912810UA4,TSRYS5802849,D,S,T,2024-06-03,1000000.00,4.62775,99.953125
08:00:33,912810UA4,TSRYS5802849,D,S,T,2024-06-03,1000000.00,4.62678,99.96875
08:00:33,912810UA4,TSRYS5802849,D,S,T,2024-06-03,1000000.00,4.62678,99.96875
08:00:33,912810UA4,TSRYS5802849,D,S,T,2024-06-03,1000000.00,4.62678,99.96875
08:00:33,912810UA4,TSRYS5802849,D,S,T,2024-06-03,1000000.00,4.621936,100.046875
08:00:33,912810UA4,TSRYS5802849,D,S,T,2024-06-03,1000000.00,4.616129,100.140625
08:00:33,912810UA4,TSRYS5802849,D,S,T,2024-06-03,1000000.00,4.616734,100.130859375
08:00:33,912810UA4,TSRYS5802849,D,S,T,2024-06-03,1000000.00,4.616008,100.142578125
08:00:33,912810UA4,TSRYS5802849,D,S,T,2024-06-03,1000000.00,4.615887,100.14453125
08:00:33,912810UA4,TSRYS5802849,D,S,T,2024-06-03,1000000.00,4.615887,100.14453125
08:00:33,912810UA4,TSRYS5802849,D,S,T,2024-06-03,1000000.00,4.615767,100.146484375
08:00:33,912810UA4,TSRYS5802849,D,S,T,2024-06-03,1000000.00,4.610331,100.234375
08:00:33,912810UA4,TSRYS5802849,D,S,T,2024-06-03,1000000.00,4.611296,100.21875
08:00:33,912810UA4,TSRYS5802849,D,S,T,2024-06-03,1000000.00,4.609365,100.25
08:00:33,912810UA4,TSRYS5802849,D,S,T,2024-06-03,1000000.00,4.610331,100.234375
08:00:33,912810UA4,TSRYS5802849,D,S,T,2024-06-03,1000000.00,4.611296,100.21875
08:00:33,912810UA4,TSRYS5802849,D,S,T,2024-06-03,1000000.00,4.611296,100.21875
08:00:33,912810UA4,TSRYS5802849,D,S,T,2024-06-03,1000000.00,4.615162,100.15625
08:00:33,912810UA4,TSRYS5802849,D,S,T,2024-06-03,1000000.00,4.615162,100.15625
08:00:33,912810UA4,TSRYS5802849,D,S,T,2024-06-03,1000000.00,4.615162,100.15625
08:00:33,912810UA4,TSRYS5802849,D,S,T,2024-06-03,1000000.00,4.615162,100.15625
08:00:33,912810UA4,TSRYS5802849,D,S,T,2024-06-03,1000000.00,4.614195,100.171875
08:00:33,912810UA4,TSRYS5802849,D,S,T,2024-06-03,1000000.00,4.614195,100.171875
08:00:33,912810UA4,TSRYS5802849,D,S,T,2024-06-03,1000000.00,4.614195,100.171875
08:00:33,912810UA4,TSRYS5802849,D,S,T,2024-06-03,1000000.00,4.614195,100.171875
08:00:33,912810UA4,TSRYS5802849,D,S,T,2024-06-03,1000000.00,4.614195,100.171875
08:00:33,912810UA4,TSRYS5802849,D,S,T,2024-06-03,1000000.00,4.610331,100.234375
08:00:33,912810UA4,TSRYS5802849,D,S,T,2024-06-03,1000000.00,4.609003,100.255859375
08:00:33,912810UA4,TSRYS5802849,D,S,T,2024-06-03,1000000.00,4.608882,100.2578125
08:00:33,912810UA4,TSRYS5802849,D,S,T,2024-06-03,1000000.00,4.608762,100.259765625
08:00:33,912810UA4,TSRYS5802849,D,S,T,2024-06-03,1000000.00,4.608641,100.26171875
08:00:33,912810UA4,TSRYS5802849,D,S,T,2024-06-03,1000000.00,4.60852,100.263671875
08:00:33,912810UA4,TSRYS5802849,D,S,T,2024-06-03,1000000.00,4.6084,100.265625
08:00:33,912810UA4,TSRYS5802849,D,S,T,2024-06-03,1000000.00,4.608279,100.267578125
08:00:33,912810UA4,TSRYS5802849,D,S,T,2024-06-03,1000000.00,4.608158,100.26953125
08:00:33,912810UA4,TSRYS5802849,D,S,T,2024-06-03,1000000.00,4.607434,100.28125
08:00:33,912810UA4,TSRYS5802849,D,S,T,2024-06-03,1000000.00,4.607434,100.28125
08:00:33,912810UA4,TSRYS5802849,D,S,T,2024-06-03,1000000.00,4.607434,100.28125
08:00:33,912810UA4,TSRYS5802849,D,S,T,2024-06-03,1000000.00,4.607434,100.28125
08:00:33,912810UA4,TSRYS5802849,D,S,T,2024-06-03,1000000.00,4.610331,100.234375
08:00:33,912810UA4,TSRYS5802849,D,S,T,2024-06-03,1000000.00,4.611296,100.21875
08:00:33,912810UA4,TSRYS5802849,D,S,T,2024-06-03,1000000.00,4.611296,100.21875
08:00:33,912810UA4,TSRYS5802849,D,S,T,2024-06-03,1000000.00,4.611296,100.21875
08:00:33,912810UA4,TSRYS5802849,D,S,T,2024-06-03,1000000.00,4.611296,100.21875
08:00:33,912810UA4,TSRYS5802849,D,S,T,2024-06-03,1000000.00,4.612263,100.203125
08:00:33,912810UA4,TSRYS5802849,D,S,T,2024-06-03,1000000.00,4.612142,100.205078125
08:00:33,912810UA4,TSRYS5802849,D,S,T,2024-06-03,1000000.00,4.612263,100.203125
08:00:33,912810UA4,TSRYS5802849,D,S,T,2024-06-03,1000000.00,4.612263,100.203125
08:00:33,912810UA4,TSRYS5802849,D,S,T,2024-06-03,2000000.00,4.613229,100.1875
08:00:33,912810UA4,TSRYS5802849,D,S,T,2024-06-03,1000000.00,4.613229,100.1875
08:00:33,912810UA4,TSRYS5802849,D,S,T,2024-06-03,1000000.00,4.613229,100.1875
08:00:33,912810UA4,TSRYS5802849,D,S,T,2024-06-03,1000000.00,4.615162,100.15625
08:00:33,912810UA4,TSRYS5802849,D,S,T,2024-06-03,1000000.00,4.616129,100.140625
08:00:33,912810UA4,TSRYS5802849,D,S,T,2024-06-03,1000000.00,4.616129,100.140625
08:00:33,912810UA4,TSRYS5802849,D,S,T,2024-06-03,1000000.00,4.616129,100.140625
08:00:33,912810UA4,TSRYS5802849,D,S,T,2024-06-03,1000000.00,4.616129,100.140625
08:00:33,912810UA4,TSRYS5802849,D,S,T,2024-06-03,1000000.00,4.616129,100.140625
08:00:33,912810UA4,TSRYS5802849,D,S,T,2024-06-03,1000000.00,4.616129,100.140625
08:00:33,912810UA4,TSRYS5802849,D,S,T,2024-06-03,1000000.00,4.616129,100.140625
08:00:33,912810UA4,TSRYS5802849,D,S,T,2024-06-03,1000000.00,4.617096,100.125
08:00:33,912810UA4,TSRYS5802849,D,S,T,2024-06-03,1000000.00,4.618064,100.109375
08:00:33,912810UA4,TSRYS5802849,D,S,T,2024-06-03,1000000.00,4.618064,100.109375
08:00:33,912810UA4,TSRYS5802849,D,S,T,2024-06-03,1000000.00,4.617096,100.125
08:00:33,912810UA4,TSRYS5802849,D,S,T,2024-06-03,1000000.00,4.618064,100.109375
08:00:33,912810UA4,TSRYS5802849,D,S,T,2024-06-03,1000000.00,4.618064,100.109375
08:00:34,912810UA4,TSRYS5802849,D,S,T,2024-06-03,1000000.00,4.621572,100.052734375
08:00:34,912810UA4,TSRYS5802849,D,S,T,2024-06-03,1000000.00,4.617096,100.125
08:00:34,912810UA4,TSRYS5802849,D,S,T,2024-06-03,1000000.00,4.619031,100.09375
08:00:34,912810UA4,TSRYS5802849,D,S,T,2024-06-03,1000000.00,4.62012,100.076171875
08:00:34,912810UA4,TSRYS5802849,D,S,T,2024-06-03,1000000.00,4.617096,100.125
08:00:34,912810UA4,TSRYS5802849,D,S,T,2024-06-03,1000000.00,4.617096,100.125
08:00:34,912810UA4,TSRYS5802849,D,S,T,2024-06-03,1000000.00,4.618064,100.109375
08:00:34,912810UA4,TSRYS5802849,D,S,T,2024-06-03,1000000.00,4.618064,100.109375
08:00:34,912810UA4,TSRYS5802849,D,S,T,2024-06-03,1000000.00,4.617459,100.119140625
08:00:34,912810UA4,TSRYS5802849,D,S,T,2024-06-03,1000000.00,4.616129,100.140625
08:00:34,912810UA4,TSRYS5802849,D,S,T,2024-06-03,1000000.00,4.616129,100.140625
08:00:34,912810UA4,TSRYS5802849,D,S,T,2024-06-03,1000000.00,4.616129,100.140625
08:00:34,912810UA4,TSRYS5802849,D,S,T,2024-06-03,1000000.00,4.616129,100.140625
08:00:34,912810UA4,TSRYS5802849,D,S,T,2024-06-03,1000000.00,4.617096,100.125
08:00:34,912810UA4,TSRYS5802849,D,S,T,2024-06-03,1000000.00,4.615404,100.15234375
08:00:34,912810UA4,TSRYS5802849,D,S,T,2024-06-03,1000000.00,4.615162,100.15625
08:00:34,912810UA4,TSRYS5802849,D,S,T,2024-06-03,1000000.00,4.614316,100.169921875
08:00:34,912810UA4,TSRYS5802849,D,S,T,2024-06-03,1000000.00,4.614195,100.171875
08:00:34,912810UA4,TSRYS5802849,D,S,T,2024-06-03,1000000.00,4.614195,100.171875
08:00:34,912810UA4,TSRYS5802849,D,S,T,2024-06-03,1000000.00,4.614316,100.169921875
08:00:34,912810UA4,TSRYS5802849,D,S,T,2024-06-03,1000000.00,4.614195,100.171875
08:00:34,912810UA4,TSRYS5802849,D,S,T,2024-06-03,1000000.00,4.612383,100.201171875
08:00:34,912810UA4,TSRYS5802849,D,S,T,2024-06-03,1000000.00,4.613229,100.1875
08:00:34,912810UA4,TSRYS5802849,D,S,T,2024-06-03,1000000.00,4.612625,100.197265625
08:00:34,912810UA4,TSRYS5802849,D,S,T,2024-06-03,1000000.00,4.612504,100.19921875
08:00:34,912810UA4,TSRYS5802849,D,S,T,2024-06-03,1000000.00,4.613229,100.1875
08:00:34,912810UA4,TSRYS5802849,D,S,T,2024-06-03,1000000.00,4.613229,100.1875
08:00:34,912810UA4,TSRYS5802849,D,S,T,2024-06-03,1000000.00,4.613229,100.1875
08:00:34,912810UA4,TSRYS5802849,D,S,T,2024-06-03,1000000.00,4.611296,100.21875
08:00:34,912810UA4,TSRYS5802849,D,S,T,2024-06-03,1000000.00,4.611296,100.21875
08:00:34,912810UA4,TSRYS5802849,D,S,T,2024-06-03,1000000.00,4.612142,100.205078125
08:00:34,912810UA4,TSRYS5802849,D,S,T,2024-06-03,1000000.00,4.612142,100.205078125
08:00:34,912810UA4,TSRYS5802849,D,S,T,2024-06-03,1000000.00,4.612142,100.205078125
08:00:34,912810UA4,TSRYS5802849,D,S,T,2024-06-03,1000000.00,4.6119,100.208984375
08:00:34,912810UA4,TSRYS5802849,D,S,T,2024-06-03,1000000.00,4.612263,100.203125
08:00:34,912810UA4,TSRYS5802849,D,S,T,2024-06-03,1000000.00,4.612263,100.203125
08:00:34,912810UA4,TSRYS5802849,D,S,T,2024-06-03,1000000.00,4.612263,100.203125
08:00:34,912810UA4,TSRYS5802849,D,S,T,2024-06-03,1000000.00,4.610331,100.234375
08:00:34,912810UA4,TSRYS5802849,D,S,T,2024-06-03,1000000.00,4.607193,100.28515625
08:00:34,912810UA4,TSRYS5802849,D,S,T,2024-06-03,1000000.00,4.607193,100.28515625
08:00:34,912810UA4,TSRYS5802849,D,S,T,2024-06-03,1000000.00,4.610331,100.234375
08:00:34,912810UA4,TSRYS5802849,D,S,T,2024-06-03,1000000.00,4.6084,100.265625
08:00:34,912810UA4,TSRYS5802849,D,S,T,2024-06-03,1000000.00,4.6084,100.265625
08:00:34,912810UA4,TSRYS5802849,D,S,T,2024-06-03,1000000.00,4.609365,100.25
08:00:34,912810UA4,TSRYS5802849,D,S,T,2024-06-03,1000000.00,4.609365,100.25
08:00:34,912810UA4,TSRYS5802849,D,S,T,2024-06-03,1000000.00,4.610331,100.234375
08:00:34,912810UA4,TSRYS5802849,D,S,T,2024-06-03,1000000.00,4.610331,100.234375
08:00:34,912810UA4,TSRYS5802849,D,S,T,2024-06-03,1000000.00,4.610089,100.23828125
08:00:34,912810UA4,TSRYS5802849,D,S,T,2024-06-03,1000000.00,4.612142,100.205078125
08:00:34,912810UA4,TSRYS5802849,D,S,T,2024-06-03,1000000.00,4.612142,100.205078125
08:00:34,912810UA4,TSRYS5802849,D,S,T,2024-06-03,1000000.00,4.612383,100.201171875
08:00:34,912810UA4,TSRYS5802849,D,S,T,2024-06-03,1000000.00,4.612263,100.203125
08:00:34,912810UA4,TSRYS5802849,D,S,T,2024-06-03,1000000.00,4.613229,100.1875
08:00:34,912810UA4,TSRYS5802849,D,S,T,2024-06-03,1000000.00,4.613229,100.1875
08:00:34,912810UA4,TSRYS5802849,D,S,T,2024-06-03,1000000.00,4.613229,100.1875
08:00:34,912810UA4,TSRYS5802849,D,S,T,2024-06-03,1000000.00,4.613229,100.1875
08:00:34,912810UA4,TSRYS5802849,D,S,T,2024-06-03,1000000.00,4.612142,100.205078125
08:00:34,912810UA4,TSRYS5802849,D,S,T,2024-06-03,1000000.00,4.612263,100.203125
08:00:34,912810UA4,TSRYS5802849,D,S,T,2024-06-03,1000000.00,4.612263,100.203125
08:00:34,912810UA4,TSRYS5802849,D,S,T,2024-06-03,1000000.00,4.612263,100.203125
08:00:34,912810UA4,TSRYS5802849,D,S,T,2024-06-03,1000000.00,4.612746,100.1953125
08:00:34,912810UA4,TSRYS5802849,D,S,T,2024-06-03,1000000.00,4.613229,100.1875
08:00:34,912810UA4,TSRYS5802849,D,S,T,2024-06-03,1000000.00,4.613108,100.189453125
08:00:34,912810UA4,TSRYS5802849,D,S,T,2024-06-03,1000000.00,4.612625,100.197265625
08:00:34,912810UA4,TSRYS5802849,D,S,T,2024-06-03,1000000.00,4.612625,100.197265625
08:00:34,912810UA4,TSRYS5802849,D,S,T,2024-06-03,1000000.00,4.614437,100.16796875
08:00:34,912810UA4,TSRYS5802849,D,S,T,2024-06-03,1000000.00,4.615162,100.15625
08:00:34,912810UA4,TSRYS5802849,D,S,T,2024-06-03,1000000.00,4.614679,100.1640625
08:00:34,912810UA4,TSRYS5802849,D,S,T,2024-06-03,1000000.00,4.614679,100.1640625
08:00:34,912810UA4,TSRYS5802849,D,S,T,2024-06-03,1000000.00,4.615646,100.1484375
08:00:34,912810UA4,TSRYS5802849,D,S,T,2024-06-03,1000000.00,4.615646,100.1484375
08:00:34,912810UA4,TSRYS5802849,D,S,T,2024-06-03,1000000.00,4.615525,100.150390625
08:00:34,912810UA4,TSRYS5802849,D,S,T,2024-06-03,1000000.00,4.615525,100.150390625
08:00:34,912810UA4,TSRYS5802849,D,S,T,2024-06-03,1000000.00,4.614437,100.16796875
08:00:34,912810UA4,TSRYS5802849,D,S,T,2024-06-03,1000000.00,4.612142,100.205078125
08:00:34,912810UA4,TSRYS5802849,D,S,T,2024-06-03,1000000.00,4.6084,100.265625
08:00:34,912810UA4,TSRYS5802849,D,S,T,2024-06-03,1000000.00,4.609365,100.25
08:00:34,912810UA4,TSRYS5802849,D,S,T,2024-06-03,1000000.00,4.611296,100.21875
08:00:34,912810UA4,TSRYS5802849,D,S,T,2024-06-03,1000000.00,4.611296,100.21875
08:00:34,912810UA4,TSRYS5802849,D,S,T,2024-06-03,1000000.00,4.611296,100.21875
08:00:34,912810UA4,TSRYS5802849,D,S,T,2024-06-03,1000000.00,4.612142,100.205078125
08:00:34,912810UA4,TSRYS5802849,D,S,T,2024-06-03,1000000.00,4.612263,100.203125
08:00:34,912810UA4,TSRYS5802849,D,S,T,2024-06-03,1000000.00,4.612263,100.203125
08:00:34,912810UA4,TSRYS5802849,D,S,T,2024-06-03,1000000.00,4.611296,100.21875
08:00:34,912810UA4,TSRYS5802849,D,S,D,2024-06-03,1000000.00,4.627992,99.94921875
08:00:37,912810UA4,TSRYS5802849,D,S,C,2024-06-03,1000000.00,4.62775,99.953125
08:00:37,912810UA4,TSRYS5802849,D,B,C,2024-06-03,1000000.00,4.627992,99.94921875
08:00:37,912810UA4,TSRYS5802849,D,S,D,2024-06-03,1000000.00,4.627992,99.94921875
08:00:37,912810UA4,TSRYS5802849,D,S,T,2024-06-03,2000000.00,4.611296,100.21875
08:00:37,912810UA4,TSRYS5802849,D,S,D,2024-06-03,1000000.00,4.632601,99.875
08:00:37,912810UA4,TSRYS5802849,D,S,D,2024-06-03,1000000.00,4.636729,99.80859375
08:00:37,912810UA4,TSRYS5802849,D,S,C,2024-06-03,27000000.00,4.609365,100.25
08:00:37,912810UA4,TSRYS5802849,D,S,D,2024-06-03,1000000.00,4.636729,99.80859375
08:00:37,912810UA4,TSRYS5802849,D,B,A,2024-06-03,2000000.00,4.638916,99.7734375
08:00:37,912810UA4,TSRYS5802849,D,B,A,2024-06-03,5000000.00,4.641104,99.73828125
08:00:37,912810UA4,TSRYS5802849,D,B,A,2024-06-03,2000000.00,4.629932,99.91796875
08:00:37,912810UA4,TSRYS5802849,D,S,C,2024-06-03,1500000.00,4.636972,99.8046875
08:00:37,912810UA4,TSRYS5802849,D,S,D,2024-06-03,2000000.00,4.635514,99.828125
08:00:37,912810UA4,TSRYS5802849,D,B,C,2024-06-03,900000.00,4.630175,99.9140625
08:00:37,912810UA4,TSRYS5802849,D,B,A,2024-06-03,1000000.00,4.622904,100.03125
08:00:37,912810UA4,TSRYS5802849,D,B,C,2024-06-03,1000000.00,4.623748,100.017640625
08:00:37,912810UA4,TSRYS5802849,D,B,A,2024-06-03,10000000.00,4.624115,100.01171875
08:00:37,912810UA4,TSRYS5802849,D,S,T,2024-06-03,1000000.00,4.625811,99.984375
08:00:37,912810UA4,TSRYS5802849,D,S,A,2024-06-03,1770000.00,4.632116,99.8828125
08:00:37,912810UA4,TSRYS5802849,D,B,A,2024-06-03,246000.00,4.636,99.8203125
08:00:41,912810UA4,TSRYS5802849,D,S,D,2024-06-03,4000000.00,4.63493,99.83753
08:00:41,912810UA4,TSRYS5802849,D,B,C,2024-06-03,6563000.00,4.62775,99.953125
08:00:41,912810UA4,TSRYS5802849,D,S,A,2024-06-03,500000.00,4.627743,99.953125
08:00:41,912810UA4,TSRYS5802849,D,S,A,2024-06-03,500000.00,4.626295,99.9765625
08:00:41,912810UA4,TSRYS5802849,D,S,C,2024-06-03,7000000.00,4.626417,99.974609375
08:00:41,912810UA4,TSRYS5802849,D,S,C,2024-06-03,7000000.00,4.619031,100.09375
08:00:41,912810UA4,TSRYS5802849,D,B,A,2024-06-03,17000000.00,4.619757,100.08203125
08:00:41,912810UA4,TSRYS5802849,D,S,C,2024-06-03,7000000.00,4.616975,100.126953125
08:00:41,912810UA4,TSRYS5802849,D,S,C,2024-06-03,7000000.00,4.617338,100.12109375
08:00:41,912810UA4,TSRYS5802849,D,S,T,2024-06-03,1000000.00,4.607434,100.28125
08:00:41,912810UA4,TSRYS5802849,D,S,T,2024-06-03,1000000.00,4.607434,100.28125
08:00:41,912810UA4,TSRYS5802849,D,S,T,2024-06-03,2000000.00,4.610331,100.234375
08:00:41,912810UA4,TSRYS5802849,D,S,T,2024-06-03,1000000.00,4.610331,100.234375
08:00:41,912810UA4,TSRYS5802849,D,S,T,2024-06-03,1000000.00,4.610331,100.234375
08:00:41,912810UA4,TSRYS5802849,D,S,T,2024-06-03,1000000.00,4.610331,100.234375
08:00:41,912810UA4,TSRYS5802849,D,S,D,2024-06-03,2000000.00,4.610331,100.234375
08:00:41,912810UA4,TSRYS5802849,D,S,D,2024-06-03,1000000.00,4.610331,100.234375
08:00:41,912810UA4,TSRYS5802849,D,S,D,2024-06-03,1000000.00,4.610331,100.234375
08:00:41,912810UA4,TSRYS5802849,D,S,D,2024-06-03,1000000.00,4.610331,100.234375
08:00:41,912810UA4,TSRYS5802849,D,S,T,2024-06-03,1000000.00,4.621936,100.046875
08:00:41,912810UA4,TSRYS5802849,D,S,D,2024-06-03,1000000.00,4.621936,100.046875
08:00:41,912810UA4,TSRYS5802849,D,S,C,2024-06-03,15505000.00,4.622662,100.03515625
08:00:41,912810UA4,TSRYS5802849,D,S,C,2024-06-03,30995000.00,4.617822,100.11328125
08:00:41,912810UA4,TSRYS5802849,D,S,D,2024-06-03,2000000.00,4.616129,100.140625
08:00:41,912810UA4,TSRYS5802849,D,B,C,2024-06-03,6400000.00,4.617096,100.125
08:00:41,912810UA4,TSRYS5802849,D,S,T,2024-06-03,2000000.00,4.6119,100.208984375
08:00:41,912810UA4,TSRYS5802849,D,S,T,2024-06-03,1000000.00,4.612263,100.203125
08:00:41,912810UA4,TSRYS5802849,D,S,T,2024-06-03,1000000.00,4.612263,100.203125
08:00:41,912810UA4,TSRYS5802849,D,S,T,2024-06-03,1000000.00,4.612263,100.203125
08:00:41,912810UA4,TSRYS5802849,D,S,D,2024-06-03,1000000.00,4.612142,100.205078125
08:00:41,912810UA4,TSRYS5802849,D,S,D,2024-06-03,1000000.00,4.6119,100.208984375
08:00:41,912810UA4,TSRYS5802849,D,S,D,2024-06-03,1000000.00,4.612263,100.203125
08:00:41,912810UA4,TSRYS5802849,D,S,D,2024-06-03,3000000.00,4.612263,100.203125
08:00:41,912810UA4,TSRYS5802849,D,S,D,2024-06-03,2000000.00,4.6119,100.208984375
08:00:41,912810UA4,TSRYS5802849,D,S,T,2024-06-03,1000000.00,4.612263,100.203125
08:00:41,912810UA4,TSRYS5802849,D,S,D,2024-06-03,2000000.00,4.612263,100.203125
08:00:41,912810UA4,TSRYS5802849,D,B,C,2024-06-03,4000000.00,4.609365,100.25
08:00:41,912810UA4,TSRYS5802849,D,S,T,2024-06-03,1000000.00,4.613108,100.189453125
08:00:41,912810UA4,TSRYS5802849,D,S,T,2024-06-03,1000000.00,4.613229,100.1875
08:00:41,912810UA4,TSRYS5802849,D,S,T,2024-06-03,1000000.00,4.613229,100.1875
08:00:41,912810UA4,TSRYS5802849,D,S,D,2024-06-03,2000000.00,4.613229,100.1875
08:00:41,912810UA4,TSRYS5802849,D,S,D,2024-06-03,1000000.00,4.613108,100.189453125
08:00:41,912810UA4,TSRYS5802849,D,S,T,2024-06-03,1000000.00,4.614195,100.171875
08:00:41,912810UA4,TSRYS5802849,D,S,D,2024-06-03,1000000.00,4.614195,100.171875
08:00:41,912810UA4,TSRYS5802849,D,S,T,2024-06-03,1000000.00,4.614195,100.171875
08:00:41,912810UA4,TSRYS5802849,D,S,T,2024-06-03,1000000.00,4.614195,100.171875
08:00:41,912810UA4,TSRYS5802849,D,S,D,2024-06-03,1000000.00,4.614195,100.171875
08:00:41,912810UA4,TSRYS5802849,D,S,D,2024-06-03,1000000.00,4.614195,100.171875
08:00:41,912810UA4,TSRYS5802849,D,S,T,2024-06-03,1000000.00,4.613229,100.1875
08:00:41,912810UA4,TSRYS5802849,D,S,T,2024-06-03,1000000.00,4.613108,100.189453125
08:00:41,912810UA4,TSRYS5802849,D,S,D,2024-06-03,1000000.00,4.613229,100.1875
08:00:41,912810UA4,TSRYS5802849,D,S,T,2024-06-03,1000000.00,4.611296,100.21875
08:00:41,912810UA4,TSRYS5802849,D,S,D,2024-06-03,1000000.00,4.611296,100.21875
08:00:41,912810UA4,TSRYS5802849,D,S,T,2024-06-03,1000000.00,4.611296,100.21875
08:00:41,912810UA4,TSRYS5802849,D,S,T,2024-06-03,1000000.00,4.610331,100.234375
08:00:41,912810UA4,TSRYS5802849,D,S,D,2024-06-03,1000000.00,4.611296,100.21875
08:00:41,912810UA4,TSRYS5802849,D,S,D,2024-06-03,1000000.00,4.610331,100.234375
08:00:41,912810UA4,TSRYS5802849,D,S,D,2024-06-03,1000000.00,4.6084,100.265625
08:00:41,912810UA4,TSRYS5802849,D,S,D,2024-06-03,1000000.00,4.6084,100.265625
08:00:41,912810UA4,TSRYS5802849,D,S,D,2024-06-03,1000000.00,4.6084,100.265625
08:00:41,912810UA4,TSRYS5802849,D,S,D,2024-06-03,1000000.00,4.6084,100.265625
08:00:41,912810UA4,TSRYS5802849,D,S,D,2024-06-03,1000000.00,4.60852,100.263671875
08:00:41,912810UA4,TSRYS5802849,D,S,D,2024-06-03,1000000.00,4.610331,100.234375
08:00:41,912810UA4,TSRYS5802849,D,S,D,2024-06-03,1000000.00,4.611296,100.21875
08:00:41,912810UA4,TSRYS5802849,D,S,D,2024-06-03,1000000.00,4.619999,100.078125
08:00:41,912810UA4,TSRYS5802849,D,S,D,2024-06-03,1000000.00,4.619999,100.078125
08:00:41,912810UA4,TSRYS5802849,D,S,D,2024-06-03,1000000.00,4.616129,100.140625
08:00:41,912810UA4,TSRYS5802849,D,S,D,2024-06-03,1000000.00,4.616129,100.140625
08:00:41,912810UA4,TSRYS5802849,D,S,D,2024-06-03,1000000.00,4.616613,100.1328125
08:00:41,912810UA4,TSRYS5802849,D,S,D,2024-06-03,1000000.00,4.615887,100.14453125
08:00:41,912810UA4,TSRYS5802849,D,S,D,2024-06-03,1000000.00,4.614679,100.1640625
08:00:41,912810UA4,TSRYS5802849,D,S,D,2024-06-03,1000000.00,4.614437,100.16796875
08:00:41,912810UA4,TSRYS5802849,D,S,D,2024-06-03,1000000.00,4.613229,100.1875
08:00:41,912810UA4,TSRYS5802849,D,S,D,2024-06-03,1000000.00,4.613471,100.18359375
08:00:41,912810UA4,TSRYS5802849,D,S,D,2024-06-03,1000000.00,4.610572,100.23046875
08:00:41,912810UA4,TSRYS5802849,D,S,D,2024-06-03,1000000.00,4.610331,100.234375
08:00:41,912810UA4,TSRYS5802849,D,S,D,2024-06-03,1000000.00,4.610331,100.234375
08:00:41,912810UA4,TSRYS5802849,D,S,D,2024-06-03,1000000.00,4.610089,100.23828125
08:00:41,912810UA4,TSRYS5802849,D,S,D,2024-06-03,1000000.00,4.610331,100.234375
08:00:41,912810UA4,TSRYS5802849,D,S,D,2024-06-03,1000000.00,4.609848,100.2421875
08:00:41,912810UA4,TSRYS5802849,D,S,D,2024-06-03,1000000.00,4.613471,100.18359375
08:00:42,912810UA4,TSRYS5802849,D,S,T,2024-06-03,1000000.00,4.635636,99.826171875
08:00:42,912810UA4,TSRYS5802849,D,S,T,2024-06-03,1000000.00,4.638308,99.783203125
08:00:42,912810UA4,TSRYS5802849,D,S,T,2024-06-03,1000000.00,4.628477,99.94140625
08:00:42,912810UA4,TSRYS5802849,D,S,D,2024-06-03,1000000.00,4.617096,100.125
08:00:42,912810UA4,TSRYS5802849,D,S,D,2024-06-03,1000000.00,4.616975,100.126953125
08:00:42,912810UA4,TSRYS5802849,D,S,D,2024-06-03,1000000.00,4.617096,100.125
08:00:42,912810UA4,TSRYS5802849,D,S,A,2024-06-03,4700000.00,4.629447,99.92578125
08:00:42,912810UA4,TSRYS5802849,D,S,A,2024-06-03,2000000.00,4.632844,99.87109375
08:00:42,912810UA4,TSRYS5802849,D,S,D,2024-06-03,1000000.00,4.613229,100.1875
08:00:43,912810UA4,TSRYS5802849,D,S,D,2024-06-03,1000000.00,4.611538,100.21484375
08:00:43,912810UA4,TSRYS5802849,D,S,D,2024-06-03,1000000.00,4.611538,100.21484375
08:00:43,912810UA4,TSRYS5802849,D,S,D,2024-06-03,1000000.00,4.614679,100.1640625
08:00:43,912810UA4,TSRYS5802849,D,S,D,2024-06-03,1000000.00,4.614437,100.16796875
08:00:43,912810UA4,TSRYS5802849,D,S,D,2024-06-03,1000000.00,4.614437,100.16796875
08:00:43,912810UA4,TSRYS5802849,D,S,D,2024-06-03,1000000.00,4.609124,100.25390625
08:00:43,912810UA4,TSRYS5802849,D,S,D,2024-06-03,1000000.00,4.6084,100.265625
08:00:43,912810UA4,TSRYS5802849,D,B,A,2024-06-03,10000000.00,4.624599,100.00390625
08:00:43,912810UA4,TSRYS5802849,D,S,T,2024-06-03,1000000.00,4.623873,100.015625
08:00:43,912810UA4,TSRYS5802849,D,S,T,2024-06-03,1000000.00,4.62969,99.921875
08:00:43,912810UA4,TSRYS5802849,D,S,T,2024-06-03,1000000.00,4.62969,99.921875
08:00:43,912810UA4,TSRYS5802849,D,S,A,2024-06-03,250000.00,4.617096,100.125
08:00:43,912810UA4,TSRYS5802849,D,S,A,2024-06-03,350000.00,4.617096,100.125
08:00:43,912810UA4,TSRYS5802849,D,S,A,2024-06-03,1500000.00,4.617096,100.125
08:00:43,912810UA4,TSRYS5802849,D,S,A,2024-06-03,10000000.00,4.631388,99.89453125
08:00:43,912810UA4,TSRYS5802849,D,B,A,2024-06-03,50MM+,4.63163,99.890625
08:00:43,912810UA4,TSRYS5802849,D,S,T,2024-06-03,1000000.00,4.63066,99.90625
08:00:43,912810UA4,TSRYS5802849,D,S,T,2024-06-03,1000000.00,4.63066,99.90625
08:00:43,912810UA4,TSRYS5802849,D,S,T,2024-06-03,1000000.00,4.63066,99.90625
08:00:43,912810UA4,TSRYS5802849,D,S,T,2024-06-03,1000000.00,4.63066,99.90625
08:00:43,912810UA4,TSRYS5802849,D,S,T,2024-06-03,1000000.00,4.63066,99.90625
08:00:43,912810UA4,TSRYS5802849,D,S,T,2024-06-03,1000000.00,4.63066,99.90625
08:00:43,912810UA4,TSRYS5802849,D,S,T,2024-06-03,3000000.00,4.63066,99.90625
08:00:43,912810UA4,TSRYS5802849,D,S,T,2024-06-03,4000000.00,4.63066,99.90625
08:00:44,912810UA4,TSRYS5802849,D,S,A,2024-06-03,1000000.00,4.634057,99.8515625
08:00:44,912810UA4,TSRYS5802849,D,S,D,2024-06-03,1000000.00,4.610331,100.234375
08:00:44,912810UA4,TSRYS5802849,D,S,D,2024-06-03,1000000.00,4.610331,100.234375
08:00:44,912810UA4,TSRYS5802849,D,S,D,2024-06-03,1000000.00,4.610089,100.23828125
08:00:44,912810UA4,TSRYS5802849,D,S,D,2024-06-03,1000000.00,4.636729,99.80859375
08:00:44,912810UA4,TSRYS5802849,D,S,D,2024-06-03,1000000.00,4.636729,99.80859375
08:00:44,912810UA4,TSRYS5802849,D,S,T,2024-06-03,1000000.00,4.635514,99.828125
08:00:44,912810UA4,TSRYS5802849,D,S,A,2024-06-03,10000000.00,4.635757,99.82421875
08:00:44,912810UA4,TSRYS5802849,D,S,T,2024-06-03,1000000.00,4.635514,99.828125
08:00:44,912810UA4,TSRYS5802849,D,S,T,2024-06-03,1000000.00,4.635514,99.828125
08:00:44,912810UA4,TSRYS5802849,D,S,T,2024-06-03,1000000.00,4.634543,99.84375
08:00:44,912810UA4,TSRYS5802849,D,S,T,2024-06-03,1000000.00,4.634543,99.84375
08:00:44,912810UA4,TSRYS5802849,D,S,T,2024-06-03,1000000.00,4.634543,99.84375
08:00:44,912810UA4,TSRYS5802849,D,S,D,2024-06-03,6000000.00,4.634491,99.84459
08:00:44,912810UA4,TSRYS5802849,D,S,D,2024-06-03,1000000.00,4.637215,99.80078125
08:00:44,912810UA4,TSRYS5802849,D,S,D,2024-06-03,1000000.00,4.637215,99.80078125
08:00:44,912810UA4,TSRYS5802849,D,S,D,2024-06-03,1000000.00,4.635757,99.82421875
08:00:44,912810UA4,TSRYS5802849,D,S,A,2024-06-03,7800000.00,4.636,99.8203125
08:00:44,912810UA4,TSRYS5802849,D,B,A,2024-06-03,10000000.00,4.630417,99.91015625
08:00:44,912810UA4,TSRYS5802849,D,S,T,2024-06-03,1000000.00,4.62872,99.9375
08:00:44,912810UA4,TSRYS5802849,D,S,T,2024-06-03,1000000.00,4.62872,99.9375
08:00:44,912810UA4,TSRYS5802849,D,S,T,2024-06-03,1000000.00,4.62969,99.921875
08:00:44,912810UA4,TSRYS5802849,D,S,T,2024-06-03,1000000.00,4.62969,99.921875
08:00:44,912810UA4,TSRYS5802849,D,S,T,2024-06-03,3000000.00,4.62969,99.921875
08:00:44,912810UA4,TSRYS5802849,D,S,T,2024-06-03,1000000.00,4.62969,99.921875
08:00:44,912810UA4,TSRYS5802849,D,S,T,2024-06-03,1000000.00,4.62872,99.9375
08:00:44,912810UA4,TSRYS5802849,D,S,T,2024-06-03,1000000.00,4.62872,99.9375
08:00:44,912810UA4,TSRYS5802849,D,S,D,2024-06-03,2000000.00,4.626053,99.98046875
08:00:44,912810UA4,TSRYS5802849,D,S,T,2024-06-03,1000000.00,4.625811,99.984375
08:00:44,912810UA4,TSRYS5802849,D,S,T,2024-06-03,1000000.00,4.625811,99.984375
08:00:44,912810UA4,TSRYS5802849,D,S,T,2024-06-03,1000000.00,4.625811,99.984375
08:00:44,912810UA4,TSRYS5802849,D,S,T,2024-06-03,1000000.00,4.625811,99.984375
08:00:44,912810UA4,TSRYS5802849,D,B,A,2024-06-03,20000000.00,4.620725,100.06640625
08:00:44,912810UA4,TSRYS5802849,D,S,T,2024-06-03,1000000.00,4.619999,100.078125
08:00:44,912810UA4,TSRYS5802849,D,S,T,2024-06-03,1000000.00,4.619999,100.078125
08:00:44,912810UA4,TSRYS5802849,D,S,T,2024-06-03,1000000.00,4.619999,100.078125
08:00:44,912810UA4,TSRYS5802849,D,S,T,2024-06-03,1000000.00,4.619999,100.078125
08:00:44,912810UA4,TSRYS5802849,D,B,A,2024-06-03,10000000.00,4.619031,100.09375
08:00:44,912810UA4,TSRYS5802849,D,S,D,2024-06-03,1000000.00,4.617096,100.125
08:00:44,912810UA4,TSRYS5802849,D,S,T,2024-06-03,1000000.00,4.618064,100.109375
08:00:44,912810UA4,TSRYS5802849,D,S,D,2024-06-03,1000000.00,4.617096,100.125
08:00:44,912810UA4,TSRYS5802849,D,S,T,2024-06-03,2000000.00,4.618064,100.109375
08:00:44,912810UA4,TSRYS5802849,D,S,T,2024-06-03,1000000.00,4.618064,100.109375
08:00:44,912810UA4,TSRYS5802849,D,S,T,2024-06-03,1000000.00,4.618064,100.109375
08:00:44,912810UA4,TSRYS5802849,D,S,D,2024-06-03,1000000.00,4.617096,100.125
08:00:44,912810UA4,TSRYS5802849,D,S,D,2024-06-03,1000000.00,4.617096,100.125
08:00:44,912810UA4,TSRYS5802849,D,S,T,2024-06-03,1000000.00,4.618064,100.109375
08:00:44,912810UA4,TSRYS5802849,D,S,D,2024-06-03,8000000.00,4.617217,100.123046875
08:00:44,912810UA4,TSRYS5802849,D,S,D,2024-06-03,135000.00,4.617096,100.125
08:00:44,912810UA4,TSRYS5802849,D,S,T,2024-06-03,1000000.00,4.616129,100.140625
08:00:44,912810UA4,TSRYS5802849,D,S,T,2024-06-03,2000000.00,4.615525,100.150390625
08:00:44,912810UA4,TSRYS5802849,D,S,T,2024-06-03,1000000.00,4.616129,100.140625
08:00:45,912810UA4,TSRYS5802849,D,S,D,2024-06-03,1000000.00,4.615646,100.1484375
08:00:45,912810UA4,TSRYS5802849,D,S,T,2024-06-03,1000000.00,4.609365,100.25
08:00:45,912810UA4,TSRYS5802849,D,S,T,2024-06-03,1000000.00,4.609365,100.25
08:00:45,912810UA4,TSRYS5802849,D,S,D,2024-06-03,1000000.00,4.618064,100.109375
08:00:45,912810UA4,TSRYS5802849,D,S,T,2024-06-03,1000000.00,4.609365,100.25
08:00:45,912810UA4,TSRYS5802849,D,S,D,2024-06-03,1000000.00,4.618064,100.109375
08:00:45,912810UA4,TSRYS5802849,D,S,D,2024-06-03,1000000.00,4.618064,100.109375
08:00:45,912810UA4,TSRYS5802849,D,S,D,2024-06-03,1000000.00,4.618064,100.109375
08:00:45,912810UA4,TSRYS5802849,D,S,D,2024-06-03,1000000.00,4.618064,100.109375
08:00:45,912810UA4,TSRYS5802849,D,S,D,2024-06-03,1000000.00,4.618064,100.109375
08:00:45,912810UA4,TSRYS5802849,D,S,T,2024-06-03,1000000.00,4.609365,100.25
08:00:45,912810UA4,TSRYS5802849,D,S,T,2024-06-03,1000000.00,4.609365,100.25
08:00:45,912810UA4,TSRYS5802849,D,S,D,2024-06-03,1000000.00,4.618064,100.109375
08:00:45,912810UA4,TSRYS5802849,D,S,T,2024-06-03,1000000.00,4.609365,100.25
08:00:45,912810UA4,TSRYS5802849,D,S,D,2024-06-03,1000000.00,4.613229,100.1875
08:00:45,912810UA4,TSRYS5802849,D,S,D,2024-06-03,1000000.00,4.613229,100.1875
08:00:45,912810UA4,TSRYS5802849,D,S,D,2024-06-03,1000000.00,4.615162,100.15625
08:00:45,912810UA4,TSRYS5802849,D,S,D,2024-06-03,1000000.00,4.615162,100.15625
08:00:45,912810UA4,TSRYS5802849,D,S,D,2024-06-03,9000000.00,4.611236,100.219726562
08:00:45,912810UA4,TSRYS5802849,D,S,D,2024-06-03,1000000.00,4.615162,100.15625
08:00:45,912810UA4,TSRYS5802849,D,S,D,2024-06-03,1000000.00,4.614437,100.16796875
08:00:45,912810UA4,TSRYS5802849,D,S,D,2024-06-03,1000000.00,4.614437,100.16796875
08:00:45,912810UA4,TSRYS5802849,D,S,T,2024-06-03,1000000.00,4.609365,100.25
08:00:45,912810UA4,TSRYS5802849,D,S,T,2024-06-03,1000000.00,4.609365,100.25
08:00:45,912810UA4,TSRYS5802849,D,S,D,2024-06-03,32000000.00,4.613048,100.190429688
08:00:45,912810UA4,TSRYS5802849,D,S,D,2024-06-03,10000000.00,4.611361,100.21771
08:00:45,912810UA4,TSRYS5802849,D,S,D,2024-06-03,1000000.00,4.615162,100.15625
08:00:45,912810UA4,TSRYS5802849,D,S,T,2024-06-03,4000000.00,4.616129,100.140625
08:00:45,912810UA4,TSRYS5802849,D,S,T,2024-06-03,1000000.00,4.617096,100.125
08:00:45,912810UA4,TSRYS5802849,D,S,T,2024-06-03,1000000.00,4.616975,100.126953125
08:00:45,912810UA4,TSRYS5802849,D,S,C,2024-06-03,1425000.00,4.611296,100.21875
08:00:45,912810UA4,TSRYS5802849,D,S,A,2024-06-03,10000000.00,4.616855,100.12890625
08:00:45,912810UA4,TSRYS5802849,D,S,T,2024-06-03,1000000.00,4.617096,100.125
08:00:46,912810UA4,TSRYS5802849,D,S,A,2024-06-03,10000000.00,4.618789,100.09765625
08:00:46,912810UA4,TSRYS5802849,D,S,D,2024-06-03,1000000.00,4.621936,100.046875
08:00:46,912810UA4,TSRYS5802849,D,S,D,2024-06-03,1000000.00,4.621936,100.046875
08:00:46,912810UA4,TSRYS5802849,D,S,D,2024-06-03,1000000.00,4.622904,100.03125
08:00:46,912810UA4,TSRYS5802849,D,S,D,2024-06-03,1000000.00,4.621451,100.0546875
08:00:46,912810UA4,TSRYS5802849,D,S,D,2024-06-03,1000000.00,4.622904,100.03125
08:00:46,912810UA4,TSRYS5802849,D,S,D,2024-06-03,1000000.00,4.623146,100.02734375
08:00:46,912810UA4,TSRYS5802849,D,S,D,2024-06-03,1000000.00,4.621572,100.052734375
08:00:46,912810UA4,TSRYS5802849,D,S,D,2024-06-03,1000000.00,4.622904,100.03125
08:00:46,912810UA4,TSRYS5802849,D,S,D,2024-06-03,1000000.00,4.623146,100.02734375
08:00:46,912810UA4,TSRYS5802849,D,S,D,2024-06-03,1000000.00,4.618548,100.1015625
08:00:46,912810UA4,TSRYS5802849,D,S,D,2024-06-03,1000000.00,4.622662,100.03515625
08:00:46,912810UA4,TSRYS5802849,D,S,T,2024-06-03,1000000.00,4.623388,100.0234375
08:00:46,912810UA4,TSRYS5802849,D,S,D,2024-06-03,1000000.00,4.620483,100.0703125
08:00:46,912810UA4,TSRYS5802849,D,S,D,2024-06-03,1000000.00,4.620241,100.07421875
08:00:46,912810UA4,TSRYS5802849,D,S,A,2024-06-03,2000000.00,4.617822,100.11328125
08:00:46,912810UA4,TSRYS5802849,D,S,D,2024-06-03,1000000.00,4.62012,100.076171875
08:00:46,912810UA4,TSRYS5802849,D,S,D,2024-06-03,1000000.00,4.619515,100.0859375
08:00:46,912810UA4,TSRYS5802849,D,S,T,2024-06-03,1000000.00,4.616129,100.140625
08:00:46,912810UA4,TSRYS5802849,D,S,D,2024-06-03,1000000.00,4.616613,100.1328125
08:00:46,912810UA4,TSRYS5802849,D,S,D,2024-06-03,1000000.00,4.618306,100.10546875
08:00:47,912810UA4,TSRYS5802849,D,S,D,2024-06-03,1000000.00,4.617822,100.11328125
08:00:47,912810UA4,TSRYS5802849,D,S,D,2024-06-03,6000000.00,4.614437,100.16796875
08:00:47,912810UA4,TSRYS5802849,D,S,T,2024-06-03,1000000.00,4.610693,100.228515625
08:00:47,912810UA4,TSRYS5802849,D,S,T,2024-06-03,1000000.00,4.607676,100.27734375
08:00:47,912810UA4,TSRYS5802849,D,S,D,2024-06-03,18000000.00,4.628054,99.94822
08:00:47,912810UA4,TSRYS5802849,D,S,T,2024-06-03,1000000.00,4.612625,100.197265625
08:00:47,912810UA4,TSRYS5802849,D,S,T,2024-06-03,1000000.00,4.612625,100.197265625
08:00:47,912810UA4,TSRYS5802849,D,S,T,2024-06-03,1000000.00,4.612625,100.197265625
08:00:48,912810UA4,TSRYS5802849,D,S,T,2024-06-03,1000000.00,4.613591,100.181640625
08:00:48,912810UA4,TSRYS5802849,D,S,T,2024-06-03,1000000.00,4.613591,100.181640625
08:00:48,912810UA4,TSRYS5802849,D,S,D,2024-06-03,1000000.00,4.6148,100.162109375
08:00:48,912810UA4,TSRYS5802849,D,S,T,2024-06-03,1000000.00,4.6148,100.162109375
08:00:48,912810UA4,TSRYS5802849,D,S,T,2024-06-03,1000000.00,4.615041,100.158203125
08:00:48,912810UA4,TSRYS5802849,D,S,T,2024-06-03,1000000.00,4.615767,100.146484375
08:00:48,912810UA4,TSRYS5802849,D,S,T,2024-06-03,2000000.00,4.616129,100.140625
08:00:48,912810UA4,TSRYS5802849,D,S,T,2024-06-03,1000000.00,4.615646,100.1484375
08:00:48,912810UA4,TSRYS5802849,D,S,T,2024-06-03,1000000.00,4.615767,100.146484375
08:00:48,912810UA4,TSRYS5802849,D,S,T,2024-06-03,1000000.00,4.615162,100.15625
08:00:48,912810UA4,TSRYS5802849,D,S,T,2024-06-03,1000000.00,4.615162,100.15625
08:00:48,912810UA4,TSRYS5802849,D,S,T,2024-06-03,1000000.00,4.616129,100.140625
08:00:48,912810UA4,TSRYS5802849,D,S,T,2024-06-03,1000000.00,4.615525,100.150390625
08:00:48,912810UA4,TSRYS5802849,D,S,T,2024-06-03,1000000.00,4.615525,100.150390625
08:00:48,912810UA4,TSRYS5802849,D,S,T,2024-06-03,1000000.00,4.616129,100.140625
08:00:48,912810UA4,TSRYS5802849,D,S,D,2024-06-03,1000000.00,4.614437,100.16796875
08:00:48,912810UA4,TSRYS5802849,D,S,D,2024-06-03,1000000.00,4.61178,100.2109375
08:00:48,912810UA4,TSRYS5802849,D,S,D,2024-06-03,2000000.00,4.616129,100.140625
08:00:48,912810UA4,TSRYS5802849,D,S,D,2024-06-03,1000000.00,4.616129,100.140625
08:00:48,912810UA4,TSRYS5802849,D,S,D,2024-06-03,1000000.00,4.616129,100.140625
08:00:48,912810UA4,TSRYS5802849,D,S,D,2024-06-03,1000000.00,4.616129,100.140625
08:00:48,912810UA4,TSRYS5802849,D,S,D,2024-06-03,1000000.00,4.615162,100.15625
08:00:48,912810UA4,TSRYS5802849,D,S,D,2024-06-03,1000000.00,4.615162,100.15625
08:00:48,912810UA4,TSRYS5802849,D,S,D,2024-06-03,2000000.00,4.615162,100.15625
08:00:48,912810UA4,TSRYS5802849,D,S,D,2024-06-03,1000000.00,4.615162,100.15625
08:00:48,912810UA4,TSRYS5802849,D,S,D,2024-06-03,1000000.00,4.615162,100.15625
08:00:48,912810UA4,TSRYS5802849,D,S,A,2024-06-03,5000000.00,4.6343,99.84765625
08:00:48,912810UA4,TSRYS5802849,D,S,D,2024-06-03,1000000.00,4.615162,100.15625
08:00:49,912810UA4,TSRYS5802849,D,S,D,2024-06-03,1000000.00,4.615162,100.15625
08:00:49,912810UA4,TSRYS5802849,D,S,D,2024-06-03,1000000.00,4.633086,99.8671875
08:00:49,912810UA4,TSRYS5802849,D,S,D,2024-06-03,1000000.00,4.617338,100.12109375
08:00:49,912810UA4,TSRYS5802849,D,S,D,2024-06-03,1000000.00,4.616129,100.140625
08:00:49,912810UA4,TSRYS5802849,D,S,D,2024-06-03,1000000.00,4.616129,100.140625
08:00:49,912810UA4,TSRYS5802849,D,S,D,2024-06-03,1000000.00,4.616129,100.140625
08:00:49,912810UA4,TSRYS5802849,D,S,D,2024-06-03,1000000.00,4.615162,100.15625
08:00:49,912810UA4,TSRYS5802849,D,S,D,2024-06-03,1000000.00,4.615162,100.15625
08:00:49,912810UA4,TSRYS5802849,D,S,D,2024-06-03,1000000.00,4.615404,100.15234375
08:00:49,912810UA4,TSRYS5802849,D,S,D,2024-06-03,1000000.00,4.615404,100.15234375
08:00:49,912810UA4,TSRYS5802849,D,B,C,2024-06-03,10000000.00,4.617121,100.1246
08:00:49,912810UA4,TSRYS5802849,D,B,A,2024-06-03,2000000.00,4.628962,99.93359375
08:00:49,912810UA4,TSRYS5802849,D,S,D,2024-06-03,1000000.00,4.626901,99.966796875
08:00:49,912810UA4,TSRYS5802849,D,S,D,2024-06-03,1000000.00,4.62678,99.96875
08:00:50,912810UA4,TSRYS5802849,D,B,A,2024-06-03,10000000.00,4.623631,100.01953125
08:00:50,912810UA4,TSRYS5802849,D,S,T,2024-06-03,1000000.00,4.624842,100.0
08:00:50,912810UA4,TSRYS5802849,D,S,T,2024-06-03,1000000.00,4.624842,100.0
08:00:50,912810UA4,TSRYS5802849,D,S,A,2024-06-03,50MM+,4.636061,99.81933594
08:00:50,912810UA4,TSRYS5802849,D,S,T,2024-06-03,4000000.00,4.628356,99.943359375
08:00:50,912810UA4,TSRYS5802849,D,S,T,2024-06-03,1000000.00,4.628477,99.94140625
08:00:50,912810UA4,TSRYS5802849,D,S,T,2024-06-03,1000000.00,4.628477,99.94140625
08:00:50,912810UA4,TSRYS5802849,D,S,T,2024-06-03,1000000.00,4.628477,99.94140625
08:00:50,912810UA4,TSRYS5802849,D,S,A,2024-06-03,10000000.00,4.629447,99.92578125
08:00:50,912810UA4,TSRYS5802849,D,S,T,2024-06-03,1000000.00,4.628477,99.94140625
08:00:50,912810UA4,TSRYS5802849,D,S,T,2024-06-03,1000000.00,4.628477,99.94140625
08:00:50,912810UA4,TSRYS5802849,D,S,T,2024-06-03,1000000.00,4.628726,99.937398
08:00:50,912810UA4,TSRYS5802849,D,S,T,2024-06-03,4000000.00,4.628726,99.937398
08:00:50,912810UA4,TSRYS5802849,D,S,D,2024-06-03,1000000.00,4.62969,99.921875
08:00:50,912810UA4,TSRYS5802849,D,S,D,2024-06-03,2000000.00,4.630131,99.914772727
08:00:50,912810UA4,TSRYS5802849,D,S,T,2024-06-03,4000000.00,4.628726,99.937398
08:00:50,912810UA4,TSRYS5802849,D,S,T,2024-06-03,1000000.00,4.628726,99.937398
08:00:50,912810UA4,TSRYS5802849,D,S,T,2024-06-03,1000000.00,4.628477,99.94140625
08:00:50,912810UA4,TSRYS5802849,D,S,T,2024-06-03,1000000.00,4.62872,99.9375
08:00:50,912810UA4,TSRYS5802849,D,S,T,2024-06-03,1000000.00,4.628726,99.937398
08:00:50,912810UA4,TSRYS5802849,D,S,T,2024-06-03,1000000.00,4.628726,99.937398
08:00:50,912810UA4,TSRYS5802849,D,S,T,2024-06-03,2000000.00,4.628726,99.937398
08:00:51,912810UA4,TSRYS5802849,D,S,T,2024-06-03,1000000.00,4.63066,99.90625
08:00:51,912810UA4,TSRYS5802849,D,S,T,2024-06-03,1000000.00,4.62872,99.9375
08:00:51,912810UA4,TSRYS5802849,D,S,T,2024-06-03,1000000.00,4.63066,99.90625
08:00:51,912810UA4,TSRYS5802849,D,S,T,2024-06-03,1000000.00,4.63066,99.90625
08:00:51,912810UA4,TSRYS5802849,D,S,T,2024-06-03,1000000.00,4.63066,99.90625
08:00:51,912810UA4,TSRYS5802849,D,S,T,2024-06-03,1000000.00,4.628726,99.937398
08:00:51,912810UA4,TSRYS5802849,D,S,T,2024-06-03,1000000.00,4.63066,99.90625
08:00:51,912810UA4,TSRYS5802849,D,S,T,2024-06-03,1000000.00,4.63066,99.90625
08:00:51,912810UA4,TSRYS5802849,D,S,T,2024-06-03,1000000.00,4.628726,99.937398
08:00:51,912810UA4,TSRYS5802849,D,S,T,2024-06-03,1000000.00,4.63066,99.90625
08:00:51,912810UA4,TSRYS5802849,D,S,T,2024-06-03,1000000.00,4.628726,99.937398
08:00:51,912810UA4,TSRYS5802849,D,S,T,2024-06-03,1000000.00,4.636486,99.8125
08:00:51,912810UA4,TSRYS5802849,D,S,T,2024-06-03,1000000.00,4.628726,99.937398
08:00:51,912810UA4,TSRYS5802849,D,S,T,2024-06-03,1000000.00,4.636486,99.8125
08:00:51,912810UA4,TSRYS5802849,D,S,T,2024-06-03,1000000.00,4.635514,99.828125
08:00:51,912810UA4,TSRYS5802849,D,S,T,2024-06-03,1000000.00,4.635514,99.828125
08:00:51,912810UA4,TSRYS5802849,D,S,T,2024-06-03,1000000.00,4.634543,99.84375
08:00:51,912810UA4,TSRYS5802849,D,S,T,2024-06-03,1000000.00,4.634543,99.84375
08:00:51,912810UA4,TSRYS5802849,D,S,T,2024-06-03,1000000.00,4.628726,99.937398
08:00:51,912810UA4,TSRYS5802849,D,S,A,2024-06-03,200000.00,4.636972,99.8046875
08:00:51,912810UA4,TSRYS5802849,D,S,T,2024-06-03,1000000.00,4.628726,99.937398
08:00:51,912810UA4,TSRYS5802849,D,S,T,2024-06-03,1000000.00,4.628726,99.937398
08:00:51,912810UA4,TSRYS5802849,D,S,T,2024-06-03,1000000.00,4.637336,99.798828125
08:00:51,912810UA4,TSRYS5802849,D,S,D,2024-06-03,1000000.00,4.637215,99.80078125
08:00:51,912810UA4,TSRYS5802849,D,S,T,2024-06-03,1000000.00,4.628477,99.94140625
08:00:51,912810UA4,TSRYS5802849,D,S,D,2024-06-03,1000000.00,4.635757,99.82421875
08:00:51,912810UA4,TSRYS5802849,D,S,D,2024-06-03,1000000.00,4.635757,99.82421875
08:00:51,912810UA4,TSRYS5802849,D,S,D,2024-06-03,1000000.00,4.635757,99.82421875
08:00:51,912810UA4,TSRYS5802849,D,S,T,2024-06-03,1000000.00,4.628477,99.94140625
08:00:51,912810UA4,TSRYS5802849,D,S,T,2024-06-03,1000000.00,4.634543,99.84375
08:00:51,912810UA4,TSRYS5802849,D,S,T,2024-06-03,1000000.00,4.62872,99.9375
08:00:51,912810UA4,TSRYS5802849,D,S,T,2024-06-03,1000000.00,4.62872,99.9375
08:00:51,912810UA4,TSRYS5802849,D,B,A,2024-06-03,10000000.00,4.629932,99.91796875
08:00:51,912810UA4,TSRYS5802849,D,S,T,2024-06-03,1000000.00,4.612263,100.203125
08:00:51,912810UA4,TSRYS5802849,D,S,D,2024-06-03,1000000.00,4.6119,100.208984375
08:00:51,912810UA4,TSRYS5802849,D,S,T,2024-06-03,1000000.00,4.628477,99.94140625
08:00:51,912810UA4,TSRYS5802849,D,S,T,2024-06-03,1000000.00,4.62969,99.921875
08:00:51,912810UA4,TSRYS5802849,D,S,D,2024-06-03,1000000.00,4.616855,100.12890625
08:00:51,912810UA4,TSRYS5802849,D,S,T,2024-06-03,1000000.00,4.62969,99.921875
08:00:51,912810UA4,TSRYS5802849,D,S,T,2024-06-03,1000000.00,4.62969,99.921875
08:00:51,912810UA4,TSRYS5802849,D,S,T,2024-06-03,1000000.00,4.62969,99.921875
08:00:51,912810UA4,TSRYS5802849,D,S,T,2024-06-03,4000000.00,4.62872,99.9375
08:00:51,912810UA4,TSRYS5802849,D,B,A,2024-06-03,10000000.00,4.627023,99.96484375
08:00:51,912810UA4,TSRYS5802849,D,S,T,2024-06-03,1000000.00,4.625811,99.984375
08:00:51,912810UA4,TSRYS5802849,D,S,T,2024-06-03,1000000.00,4.625811,99.984375
08:00:51,912810UA4,TSRYS5802849,D,S,T,2024-06-03,1000000.00,4.625811,99.984375
08:00:51,912810UA4,TSRYS5802849,D,S,T,2024-06-03,2000000.00,4.625811,99.984375
08:00:51,912810UA4,TSRYS5802849,D,S,T,2024-06-03,1000000.00,4.625811,99.984375
08:00:51,912810UA4,TSRYS5802849,D,S,T,2024-06-03,1000000.00,4.619999,100.078125
08:00:51,912810UA4,TSRYS5802849,D,S,T,2024-06-03,1000000.00,4.619999,100.078125
08:00:51,912810UA4,TSRYS5802849,D,S,T,2024-06-03,1000000.00,4.627992,99.94921875
08:00:51,912810UA4,TSRYS5802849,D,S,T,2024-06-03,1000000.00,4.619999,100.078125
08:00:51,912810UA4,TSRYS5802849,D,S,T,2024-06-03,1000000.00,4.619999,100.078125
08:00:51,912810UA4,TSRYS5802849,D,S,D,2024-06-03,1000000.00,4.613229,100.1875
08:00:51,912810UA4,TSRYS5802849,D,S,D,2024-06-03,1000000.00,4.612987,100.19140625
08:00:51,912810UA4,TSRYS5802849,D,S,T,2024-06-03,1000000.00,4.619999,100.078125
08:00:51,912810UA4,TSRYS5802849,D,S,T,2024-06-03,1000000.00,4.619999,100.078125
08:00:51,912810UA4,TSRYS5802849,D,S,D,2024-06-03,1000000.00,4.611055,100.22265625
08:00:51,912810UA4,TSRYS5802849,D,S,D,2024-06-03,1000000.00,4.610814,100.2265625
08:00:51,912810UA4,TSRYS5802849,D,S,T,2024-06-03,1000000.00,4.618064,100.109375
08:00:51,912810UA4,TSRYS5802849,D,S,T,2024-06-03,1000000.00,4.618064,100.109375
08:00:51,912810UA4,TSRYS5802849,D,S,T,2024-06-03,1000000.00,4.618064,100.109375
08:00:51,912810UA4,TSRYS5802849,D,S,T,2024-06-03,1000000.00,4.618064,100.109375
08:00:51,912810UA4,TSRYS5802849,D,S,T,2024-06-03,1000000.00,4.627507,99.95703125
08:00:51,912810UA4,TSRYS5802849,D,S,D,2024-06-03,1000000.00,4.611055,100.22265625
08:00:51,912810UA4,TSRYS5802849,D,B,A,2024-06-03,5000000.00,4.616613,100.1328125
08:00:51,912810UA4,TSRYS5802849,D,S,D,2024-06-03,1000000.00,4.611296,100.21875
08:00:51,912810UA4,TSRYS5802849,D,B,A,2024-06-03,10000000.00,4.616129,100.140625
08:00:52,912810UA4,TSRYS5802849,D,S,T,2024-06-03,1000000.00,4.616129,100.140625
08:00:52,912810UA4,TSRYS5802849,D,S,T,2024-06-03,1000000.00,4.615887,100.14453125
08:00:52,912810UA4,TSRYS5802849,D,S,T,2024-06-03,1000000.00,4.616129,100.140625
08:00:52,912810UA4,TSRYS5802849,D,S,T,2024-06-03,1000000.00,4.615767,100.146484375
08:00:52,912810UA4,TSRYS5802849,D,S,T,2024-06-03,1000000.00,4.616129,100.140625
08:00:52,912810UA4,TSRYS5802849,D,B,A,2024-06-03,10000000.00,4.610814,100.2265625
08:00:52,912810UA4,TSRYS5802849,D,S,T,2024-06-03,1000000.00,4.609365,100.25
08:00:52,912810UA4,TSRYS5802849,D,S,T,2024-06-03,1000000.00,4.609365,100.25
08:00:52,912810UA4,TSRYS5802849,D,S,T,2024-06-03,1000000.00,4.609365,100.25
08:00:52,912810UA4,TSRYS5802849,D,S,T,2024-06-03,1000000.00,4.609365,100.25
08:00:52,912810UA4,TSRYS5802849,D,S,D,2024-06-03,1000000.00,4.613229,100.1875
08:00:52,912810UA4,TSRYS5802849,D,S,D,2024-06-03,1000000.00,4.612021,100.20703125
08:00:52,912810UA4,TSRYS5802849,D,S,D,2024-06-03,1000000.00,4.613229,100.1875
08:00:52,912810UA4,TSRYS5802849,D,S,D,2024-06-03,1000000.00,4.613229,100.1875
08:00:52,912810UA4,TSRYS5802849,D,S,D,2024-06-03,1000000.00,4.615162,100.15625
08:00:52,912810UA4,TSRYS5802849,D,S,D,2024-06-03,1000000.00,4.615162,100.15625
08:00:52,912810UA4,TSRYS5802849,D,S,D,2024-06-03,1000000.00,4.610331,100.234375
08:00:52,912810UA4,TSRYS5802849,D,S,T,2024-06-03,1000000.00,4.612263,100.203125
08:00:52,912810UA4,TSRYS5802849,D,S,T,2024-06-03,1000000.00,4.609365,100.25
08:00:52,912810UA4,TSRYS5802849,D,S,T,2024-06-03,1000000.00,4.609365,100.25
08:00:52,912810UA4,TSRYS5802849,D,S,D,2024-06-03,2000000.00,4.615162,100.15625
08:00:52,912810UA4,TSRYS5802849,D,S,D,2024-06-03,1000000.00,4.615162,100.15625
08:00:52,912810UA4,TSRYS5802849,D,S,T,2024-06-03,1000000.00,4.617096,100.125
08:00:52,912810UA4,TSRYS5802849,D,S,T,2024-06-03,1000000.00,4.617096,100.125
08:00:52,912810UA4,TSRYS5802849,D,S,T,2024-06-03,1000000.00,4.617096,100.125
08:00:52,912810UA4,TSRYS5802849,D,S,D,2024-06-03,1000000.00,4.617096,100.125
08:00:52,912810UA4,TSRYS5802849,D,S,A,2024-06-03,10000000.00,4.616371,100.13671875
08:00:52,912810UA4,TSRYS5802849,D,S,T,2024-06-03,1000000.00,4.61625,100.138671875
08:00:52,912810UA4,TSRYS5802849,D,S,A,2024-06-03,10000000.00,4.616371,100.13671875
08:00:53,912810UA4,TSRYS5802849,D,B,A,2024-06-03,1000000.00,4.618064,100.109375
08:00:53,912810UA4,TSRYS5802849,D,S,T,2024-06-03,1000000.00,4.617459,100.119140625
08:00:53,912810UA4,TSRYS5802849,D,S,T,2024-06-03,1000000.00,4.623146,100.02734375
08:00:53,912810UA4,TSRYS5802849,D,S,A,2024-06-03,6000000.00,4.622662,100.03515625
08:00:53,912810UA4,TSRYS5802849,D,S,D,2024-06-03,1000000.00,4.620241,100.07421875
08:00:53,912810UA4,TSRYS5802849,D,S,D,2024-06-03,1000000.00,4.613471,100.18359375
08:00:53,912810UA4,TSRYS5802849,D,S,D,2024-06-03,1000000.00,4.615646,100.1484375
08:00:53,912810UA4,TSRYS5802849,D,S,D,2024-06-03,1000000.00,4.616613,100.1328125
08:00:54,912810UA4,TSRYS5802849,D,S,T,2024-06-03,1000000.00,4.615162,100.15625
08:00:54,912810UA4,TSRYS5802849,D,S,D,2024-06-03,27400.00,4.61492,100.16015625
08:00:54,912810UA4,TSRYS5802849,D,S,T,2024-06-03,2000000.00,4.612263,100.203125
08:00:54,912810UA4,TSRYS5802849,D,S,D,2024-06-03,1000000.00,4.610331,100.234375
08:00:54,912810UA4,TSRYS5802849,D,S,T,2024-06-03,1000000.00,4.610451,100.232421875
08:00:54,912810UA4,TSRYS5802849,D,S,D,2024-06-03,2000000.00,4.609848,100.2421875
08:00:54,912810UA4,TSRYS5802849,D,S,T,2024-06-03,1000000.00,4.607676,100.27734375
08:00:55,912810UA4,TSRYS5802849,D,S,T,2024-06-03,1000000.00,4.612625,100.197265625
08:00:55,912810UA4,TSRYS5802849,D,S,T,2024-06-03,1000000.00,4.612625,100.197265625
08:00:55,912810UA4,TSRYS5802849,D,S,T,2024-06-03,1000000.00,4.612625,100.197265625
08:00:55,912810UA4,TSRYS5802849,D,S,D,2024-06-03,1000000.00,4.613471,100.18359375
08:00:55,912810UA4,TSRYS5802849,D,S,T,2024-06-03,1000000.00,4.613108,100.189453125
08:00:55,912810UA4,TSRYS5802849,D,S,T,2024-06-03,1000000.00,4.612625,100.197265625
08:00:55,912810UA4,TSRYS5802849,D,S,D,2024-06-03,1000000.00,4.615404,100.15234375
08:00:55,912810UA4,TSRYS5802849,D,S,D,2024-06-03,1000000.00,4.615646,100.1484375
08:00:55,912810UA4,TSRYS5802849,D,S,T,2024-06-03,1000000.00,4.6148,100.162109375
08:00:55,912810UA4,TSRYS5802849,D,S,T,2024-06-03,1000000.00,4.6148,100.162109375
08:00:55,912810UA4,TSRYS5802849,D,S,D,2024-06-03,1000000.00,4.614437,100.16796875
08:00:55,912810UA4,TSRYS5802849,D,S,D,2024-06-03,1000000.00,4.61492,100.16015625
08:00:55,912810UA4,TSRYS5802849,D,S,D,2024-06-03,1000000.00,4.61492,100.16015625
08:00:55,912810UA4,TSRYS5802849,D,S,D,2024-06-03,1000000.00,4.61492,100.16015625
08:00:55,912810UA4,TSRYS5802849,D,S,T,2024-06-03,1000000.00,4.6148,100.162109375
08:00:55,912810UA4,TSRYS5802849,D,S,T,2024-06-03,1000000.00,4.616129,100.140625
08:00:55,912810UA4,TSRYS5802849,D,S,T,2024-06-03,1000000.00,4.615646,100.1484375
08:00:55,912810UA4,TSRYS5802849,D,S,T,2024-06-03,1000000.00,4.616129,100.140625
08:00:55,912810UA4,TSRYS5802849,D,S,T,2024-06-03,1000000.00,4.616129,100.140625
08:00:55,912810UA4,TSRYS5802849,D,S,T,2024-06-03,1000000.00,4.616129,100.140625
08:00:55,912810UA4,TSRYS5802849,D,S,T,2024-06-03,1000000.00,4.615887,100.14453125
08:00:55,912810UA4,TSRYS5802849,D,S,T,2024-06-03,1000000.00,4.616129,100.140625
08:00:55,912810UA4,TSRYS5802849,D,S,T,2024-06-03,1000000.00,4.616129,100.140625
08:00:55,912810UA4,TSRYS5802849,D,S,T,2024-06-03,1000000.00,4.615525,100.150390625
08:00:55,912810UA4,TSRYS5802849,D,S,T,2024-06-03,1000000.00,4.614679,100.1640625
08:00:55,912810UA4,TSRYS5802849,D,S,D,2024-06-03,1425000.00,4.611296,100.21875
08:00:56,912810UA4,TSRYS5802849,D,S,C,2024-06-03,12000000.00,4.63531,99.831406
08:00:56,912810UA4,TSRYS5802849,D,S,D,2024-06-03,1000000.00,4.61492,100.16015625
08:00:56,912810UA4,TSRYS5802849,D,S,D,2024-06-03,1000000.00,4.614679,100.1640625
08:00:58,912810UA4,TSRYS5802849,D,B,C,2024-06-03,2000000.00,4.612021,100.20703125
08:00:58,912810UA4,TSRYS5802849,D,S,T,2024-06-03,1000000.00,4.611296,100.21875
08:00:58,912810UA4,TSRYS5802849,D,S,T,2024-06-03,1000000.00,4.611296,100.21875
08:00:58,912810UA4,TSRYS5802849,D,S,T,2024-06-03,1000000.00,4.611296,100.21875
08:00:58,912810UA4,TSRYS5802849,D,S,T,2024-06-03,1000000.00,4.611296,100.21875
08:00:58,912810UA4,TSRYS5802849,D,S,T,2024-06-03,1000000.00,4.611296,100.21875
08:00:58,912810UA4,TSRYS5802849,D,S,D,2024-06-03,1000000.00,4.611296,100.21875
08:01:00,912810UA4,TSRYS5802849,D,S,T,2024-06-03,1000000.00,4.628235,99.9453125
08:01:00,912810UA4,TSRYS5802849,D,S,T,2024-06-03,1000000.00,4.624848,99.999898
08:01:00,912810UA4,TSRYS5802849,D,S,T,2024-06-03,1000000.00,4.624848,99.999898
08:01:00,912810UA4,TSRYS5802849,D,S,T,2024-06-03,1000000.00,4.624848,99.999898
08:01:00,912810UA4,TSRYS5802849,D,S,T,2024-06-03,1000000.00,4.624848,99.999898
08:01:00,912810UA4,TSRYS5802849,D,S,T,2024-06-03,1000000.00,4.624848,99.999898
08:01:00,912810UA4,TSRYS5802849,D,S,T,2024-06-03,1000000.00,4.623879,100.015523
08:01:00,912810UA4,TSRYS5802849,D,S,T,2024-06-03,1000000.00,4.623879,100.015523
08:01:00,912810UA4,TSRYS5802849,D,S,T,2024-06-03,1000000.00,4.623879,100.015523
08:01:00,912810UA4,TSRYS5802849,D,S,T,2024-06-03,1000000.00,4.623879,100.015523
08:01:00,912810UA4,TSRYS5802849,D,S,T,2024-06-03,1000000.00,4.625817,99.984273
08:01:00,912810UA4,TSRYS5802849,D,S,T,2024-06-03,1000000.00,4.625817,99.984273
08:01:00,912810UA4,TSRYS5802849,D,S,T,2024-06-03,1000000.00,4.625817,99.984273
08:01:00,912810UA4,TSRYS5802849,D,S,T,2024-06-03,1000000.00,4.625817,99.984273
08:01:00,912810UA4,TSRYS5802849,D,S,T,2024-06-03,1000000.00,4.625817,99.984273
08:01:01,912810UA4,TSRYS5802849,D,S,T,2024-06-03,1000000.00,4.624599,100.00390625
08:01:01,912810UA4,TSRYS5802849,D,S,T,2024-06-03,3000000.00,4.624599,100.00390625
08:01:01,912810UA4,TSRYS5802849,D,S,T,2024-06-03,1000000.00,4.624721,100.001953125
08:01:01,912810UA4,TSRYS5802849,D,S,T,2024-06-03,3000000.00,4.62678,99.96875
08:01:01,912810UA4,TSRYS5802849,D,S,T,2024-06-03,1000000.00,4.627265,99.9609375
08:01:01,912810UA4,TSRYS5802849,D,S,T,2024-06-03,1000000.00,4.627265,99.9609375
08:01:01,912810UA4,TSRYS5802849,D,S,T,2024-06-03,1000000.00,4.627265,99.9609375
08:01:01,912810UA4,TSRYS5802849,D,S,T,2024-06-03,1000000.00,4.627629,99.955078125
08:01:01,912810UA4,TSRYS5802849,D,S,T,2024-06-03,1000000.00,4.627629,99.955078125
08:01:01,912810UA4,TSRYS5802849,D,S,T,2024-06-03,1000000.00,4.627756,99.953023
08:01:01,912810UA4,TSRYS5802849,D,S,T,2024-06-03,1000000.00,4.627756,99.953023
08:01:01,912810UA4,TSRYS5802849,D,S,T,2024-06-03,1000000.00,4.627756,99.953023
08:01:01,912810UA4,TSRYS5802849,D,S,T,2024-06-03,1000000.00,4.628477,99.94140625
08:01:01,912810UA4,TSRYS5802849,D,B,C,2024-06-03,6000000.00,4.610089,100.23828125
08:01:01,912810UA4,TSRYS5802849,D,S,T,2024-06-03,1000000.00,4.628477,99.94140625
08:01:01,912810UA4,TSRYS5802849,D,S,T,2024-06-03,1000000.00,4.628477,99.94140625
08:01:01,912810UA4,TSRYS5802849,D,S,T,2024-06-03,1000000.00,4.628477,99.94140625
08:01:01,912810UA4,TSRYS5802849,D,S,T,2024-06-03,1000000.00,4.628477,99.94140625
08:01:01,912810UA4,TSRYS5802849,D,S,T,2024-06-03,1000000.00,4.628356,99.943359375
08:01:01,912810UA4,TSRYS5802849,D,S,T,2024-06-03,1000000.00,4.628477,99.94140625
08:01:02,912810UA4,TSRYS5802849,D,S,T,2024-06-03,1000000.00,4.628477,99.94140625
08:01:02,912810UA4,TSRYS5802849,D,S,T,2024-06-03,1000000.00,4.62872,99.9375
08:01:02,912810UA4,TSRYS5802849,D,S,T,2024-06-03,1000000.00,4.628726,99.937398
08:01:02,912810UA4,TSRYS5802849,D,S,T,2024-06-03,1000000.00,4.628726,99.937398
08:01:02,912810UA4,TSRYS5802849,D,S,T,2024-06-03,1000000.00,4.628726,99.937398
08:01:02,912810UA4,TSRYS5802849,D,S,T,2024-06-03,1000000.00,4.628726,99.937398
08:01:02,912810UA4,TSRYS5802849,D,S,T,2024-06-03,1000000.00,4.628726,99.937398
08:01:02,912810UA4,TSRYS5802849,D,S,T,2024-06-03,1000000.00,4.628726,99.937398
08:01:02,912810UA4,TSRYS5802849,D,S,T,2024-06-03,1000000.00,4.628726,99.937398
08:01:02,912810UA4,TSRYS5802849,D,S,T,2024-06-03,1000000.00,4.628726,99.937398
08:01:02,912810UA4,TSRYS5802849,D,S,T,2024-06-03,1000000.00,4.628726,99.937398
08:01:08,912810UA4,TSRYS5802849,D,S,D,2024-06-03,1000000.00,4.610814,100.2265625
08:01:08,912810UA4,TSRYS5802849,D,S,D,2024-06-03,1000000.00,4.610693,100.228515625
08:01:09,912810UA4,TSRYS5802849,D,S,D,2024-06-03,1000000.00,4.639402,99.765625
08:01:09,912810UA4,TSRYS5802849,D,B,C,2024-06-03,1000000.00,4.639402,99.765625
08:01:09,912810UA4,TSRYS5802849,D,S,D,2024-06-03,1000000.00,4.61021,100.236328125
08:01:09,912810UA4,TSRYS5802849,D,S,D,2024-06-03,1000000.00,4.610331,100.234375
08:01:09,912810UA4,TSRYS5802849,D,S,D,2024-06-03,1000000.00,4.61021,100.236328125
08:01:09,912810UA4,TSRYS5802849,D,S,T,2024-06-03,1000000.00,4.611296,100.21875
08:01:09,912810UA4,TSRYS5802849,D,S,T,2024-06-03,1000000.00,4.611296,100.21875
08:01:09,912810UA4,TSRYS5802849,D,S,T,2024-06-03,1000000.00,4.611296,100.21875
08:01:09,912810UA4,TSRYS5802849,D,S,D,2024-06-03,1000000.00,4.610934,100.224609375
08:01:10,912810UA4,TSRYS5802849,D,B,C,2024-06-03,11000000.00,4.62872,99.9375
08:01:10,912810UA4,TSRYS5802849,D,B,C,2024-06-03,1000000.00,4.640374,99.75
08:01:10,912810UA4,TSRYS5802849,D,S,D,2024-06-03,1000000.00,4.640374,99.75
08:01:10,912810UA4,TSRYS5802849,D,S,C,2024-06-03,1000000.00,4.64232,99.71875
08:01:10,912810UA4,TSRYS5802849,D,S,C,2024-06-03,1000000.00,4.64232,99.71875
08:01:10,912810UA4,TSRYS5802849,D,S,D,2024-06-03,1000000.00,4.636486,99.8125
08:01:10,912810UA4,TSRYS5802849,D,S,D,2024-06-03,1000000.00,4.635514,99.828125
08:01:11,912810UA4,TSRYS5802849,D,S,D,2024-06-03,1000000.00,4.636486,99.8125
08:01:11,912810UA4,TSRYS5802849,D,S,T,2024-06-03,1000000.00,4.614082,100.173703125
08:01:11,912810UA4,TSRYS5802849,D,S,D,2024-06-03,1000000.00,4.612504,100.19921875
08:01:11,912810UA4,TSRYS5802849,D,S,T,2024-06-03,1000000.00,4.635271,99.83203125
08:01:11,912810UA4,TSRYS5802849,D,S,T,2024-06-03,1000000.00,4.635393,99.830078125
08:01:11,912810UA4,TSRYS5802849,D,S,T,2024-06-03,1000000.00,4.635393,99.830078125
08:01:11,912810UA4,TSRYS5802849,D,S,T,2024-06-03,1000000.00,4.635514,99.828125
08:01:11,912810UA4,TSRYS5802849,D,S,T,2024-06-03,1000000.00,4.635521,99.828023
08:01:11,912810UA4,TSRYS5802849,D,S,C,2024-06-03,10000000.00,4.639564,99.7630141
08:01:11,912810UA4,TSRYS5802849,D,S,T,2024-06-03,1000000.00,4.635521,99.828023
08:01:11,912810UA4,TSRYS5802849,D,S,T,2024-06-03,1000000.00,4.636364,99.814453125
08:01:11,912810UA4,TSRYS5802849,D,S,T,2024-06-03,1000000.00,4.636486,99.8125
08:01:11,912810UA4,TSRYS5802849,D,B,C,2024-06-03,1000000.00,4.636549,99.8114923
08:01:11,912810UA4,TSRYS5802849,D,B,C,2024-06-03,2000000.00,4.636358,99.8145487
08:01:11,912810UA4,TSRYS5802849,D,S,T,2024-06-03,1000000.00,4.636486,99.8125
08:01:11,912810UA4,TSRYS5802849,D,B,C,2024-06-03,1000000.00,4.636185,99.8173323
08:01:11,912810UA4,TSRYS5802849,D,S,T,2024-06-03,1000000.00,4.636364,99.814453125
08:01:11,912810UA4,TSRYS5802849,D,B,C,2024-06-03,2000000.00,4.634275,99.8480638
08:01:11,912810UA4,TSRYS5802849,D,S,T,2024-06-03,1000000.00,4.636492,99.812398
08:01:11,912810UA4,TSRYS5802849,D,S,T,2024-06-03,1000000.00,4.636492,99.812398
08:01:12,912810UA4,TSRYS5802849,D,S,T,2024-06-03,1000000.00,4.636492,99.812398
08:01:12,912810UA4,TSRYS5802849,D,B,C,2024-06-03,1000000.00,4.636529,99.8118
08:01:12,912810UA4,TSRYS5802849,D,S,T,2024-06-03,1000000.00,4.636492,99.812398
08:01:12,912810UA4,TSRYS5802849,D,S,T,2024-06-03,1000000.00,4.636492,99.812398
08:01:12,912810UA4,TSRYS5802849,D,S,D,2024-06-03,2000000.00,4.626858,99.9674969
08:01:12,912810UA4,TSRYS5802849,D,S,T,2024-06-03,1000000.00,4.636492,99.812398
08:01:12,912810UA4,TSRYS5802849,D,S,T,2024-06-03,1000000.00,4.637458,99.796875
08:01:12,912810UA4,TSRYS5802849,D,S,T,2024-06-03,1000000.00,4.637464,99.796773
08:01:12,912810UA4,TSRYS5802849,D,B,C,2024-06-03,1000000.00,4.612547,100.1985188
08:01:12,912810UA4,TSRYS5802849,D,B,A,2024-06-03,10000000.00,4.627992,99.94921875
08:01:12,912810UA4,TSRYS5802849,D,S,A,2024-06-03,2000000.00,4.627054,99.96434
08:01:12,912810UA4,TSRYS5802849,D,S,A,2024-06-03,5000000.00,4.626811,99.96825
08:01:12,912810UA4,TSRYS5802849,D,S,T,2024-06-03,1000000.00,4.637464,99.796773
08:01:12,912810UA4,TSRYS5802849,D,S,A,2024-06-03,3000000.00,4.626327,99.97606
08:01:12,912810UA4,TSRYS5802849,D,S,T,2024-06-03,1000000.00,4.637464,99.796773
08:01:12,912810UA4,TSRYS5802849,D,S,T,2024-06-03,1000000.00,4.637464,99.796773
08:01:12,912810UA4,TSRYS5802849,D,S,T,2024-06-03,1000000.00,4.637464,99.796773
08:01:12,912810UA4,TSRYS5802849,D,S,T,2024-06-03,1000000.00,4.637464,99.796773
08:01:12,912810UA4,TSRYS5802849,D,S,T,2024-06-03,1000000.00,4.637464,99.796773
08:01:12,912810UA4,TSRYS5802849,D,S,T,2024-06-03,1000000.00,4.637464,99.796773
08:01:12,912810UA4,TSRYS5802849,D,S,T,2024-06-03,1000000.00,4.637464,99.796773
08:01:12,912810UA4,TSRYS5802849,D,S,T,2024-06-03,1000000.00,4.637464,99.796773
08:01:12,912810UA4,TSRYS5802849,D,S,T,2024-06-03,1000000.00,4.637464,99.796773
08:01:12,912810UA4,TSRYS5802849,D,S,T,2024-06-03,5000000.00,4.637464,99.796773
08:01:12,912810UA4,TSRYS5802849,D,S,T,2024-06-03,1000000.00,4.636492,99.812398
08:01:12,912810UA4,TSRYS5802849,D,S,T,2024-06-03,1000000.00,4.636492,99.812398
08:01:12,912810UA4,TSRYS5802849,D,S,T,2024-06-03,1000000.00,4.636492,99.812398
08:01:12,912810UA4,TSRYS5802849,D,S,T,2024-06-03,1000000.00,4.636492,99.812398
08:01:12,912810UA4,TSRYS5802849,D,S,T,2024-06-03,1000000.00,4.636492,99.812398
08:01:12,912810UA4,TSRYS5802849,D,S,C,2024-06-03,27000000.00,4.633572,99.859375
08:01:12,912810UA4,TSRYS5802849,D,S,C,2024-06-03,27000000.00,4.62775,99.953125
08:01:13,912810UA4,TSRYS5802849,D,S,T,2024-06-03,1000000.00,4.636486,99.8125
08:01:13,912810UA4,TSRYS5802849,D,S,T,2024-06-03,1000000.00,4.636364,99.814453125
08:01:13,912810UA4,TSRYS5802849,D,B,A,2024-06-03,2000000.00,4.637458,99.796875
08:01:13,912810UA4,TSRYS5802849,D,S,T,2024-06-03,1000000.00,4.636486,99.8125
08:01:13,912810UA4,TSRYS5802849,D,S,T,2024-06-03,1000000.00,4.636486,99.8125
08:01:13,912810UA4,TSRYS5802849,D,S,T,2024-06-03,1000000.00,4.636492,99.812398
08:01:13,912810UA4,TSRYS5802849,D,B,C,2024-06-03,3000000.00,4.614257,100.170875
08:01:13,912810UA4,TSRYS5802849,D,S,T,2024-06-03,1000000.00,4.612272,100.202973
08:01:13,912810UA4,TSRYS5802849,D,B,A,2024-06-03,1000000.00,4.612272,100.202973
08:01:13,912810UA4,TSRYS5802849,D,S,T,2024-06-03,1000000.00,4.614195,100.171875
08:01:13,912810UA4,TSRYS5802849,D,S,T,2024-06-03,2000000.00,4.614195,100.171875
08:01:13,912810UA4,TSRYS5802849,D,S,T,2024-06-03,1000000.00,4.634549,99.843648
08:01:13,912810UA4,TSRYS5802849,D,B,C,2024-06-03,10000000.00,4.611538,100.21484375
