tradeTime,cusip,issueSymbolIdentifier,priceType,reportingSideCode,contraPartyTypeCode,tradeDate,reportedTradeVolume,lastSaleYield,lastSalePrice
08:00:03,912810UC0,TSRYS5860825,D,S,D,2024-10-01,1000000.00,4.106246,102.45703125
08:00:03,912810UC0,TSRYS5860825,D,S,T,2024-10-01,1000000.00,4.106246,102.45703125
08:00:03,912810UC0,TSRYS5860825,D,S,D,2024-10-01,1000000.00,4.106246,102.45703125
08:00:03,912810UC0,TSRYS5860825,D,S,D,2024-10-01,1000000.00,4.106582,102.451171875
08:00:03,912810UC0,TSRYS5860825,D,S,T,2024-10-01,1000000.00,4.109275,102.404296875
08:00:03,912810UC0,TSRYS5860825,D,S,D,2024-10-01,1000000.00,4.109162,102.40625
08:00:03,912810UC0,TSRYS5860825,D,S,D,2024-10-01,1000000.00,4.111744,102.361328125
08:00:03,912810UC0,TSRYS5860825,D,S,D,2024-10-01,1000000.00,4.11006,102.390625
08:00:03,912810UC0,TSRYS5860825,D,S,T,2024-10-01,1000000.00,4.11006,102.390625
08:00:03,912810UC0,TSRYS5860825,D,S,D,2024-10-01,1000000.00,4.109836,102.39453125
08:00:03,912810UC0,TSRYS5860825,D,S,D,2024-10-01,1000000.00,4.11635,102.28125
08:00:03,912810UC0,TSRYS5860825,D,S,D,2024-10-01,1000000.00,4.119162,102.232421875
08:00:03,912810UC0,TSRYS5860825,D,S,D,2024-10-01,1000000.00,4.118712,102.240234375
08:00:03,912810UC0,TSRYS5860825,D,S,T,2024-10-01,1000000.00,4.118712,102.240234375
08:00:03,912810UC0,TSRYS5860825,D,S,D,2024-10-01,1000000.00,4.118599,102.2421875
08:00:03,912810UC0,TSRYS5860825,D,S,D,2024-10-01,1000000.00,4.118712,102.240234375
08:00:03,912810UC0,TSRYS5860825,D,S,T,2024-10-01,1000000.00,4.118712,102.240234375
08:00:03,912810UC0,TSRYS5860825,D,S,D,2024-10-01,1000000.00,4.118712,102.240234375
08:00:03,912810UC0,TSRYS5860825,D,S,D,2024-10-01,1000000.00,4.119274,102.23046875
08:00:03,912810UC0,TSRYS5860825,D,S,D,2024-10-01,1000000.00,4.119274,102.23046875
08:00:03,912810UC0,TSRYS5860825,D,S,D,2024-10-01,1000000.00,4.119274,102.23046875
08:00:03,912810UC0,TSRYS5860825,D,S,D,2024-10-01,1000000.00,4.119274,102.23046875
08:00:03,912810UC0,TSRYS5860825,D,S,D,2024-10-01,1000000.00,4.119274,102.23046875
08:00:03,912810UC0,TSRYS5860825,D,B,C,2024-10-01,1000000.00,4.100194,102.5625
08:00:03,912810UC0,TSRYS5860825,D,B,C,2024-10-01,1000000.00,4.100306,102.560546875
08:00:03,912810UC0,TSRYS5860825,D,S,T,2024-10-01,1000000.00,4.099747,102.5703125
08:00:03,912810UC0,TSRYS5860825,D,S,T,2024-10-01,1000000.00,4.099299,102.578125
08:00:03,912810UC0,TSRYS5860825,D,B,C,2024-10-01,1000000.00,4.096613,102.625
08:00:03,912810UC0,TSRYS5860825,D,B,C,2024-10-01,1000000.00,4.096277,102.630859375
08:00:03,912810UC0,TSRYS5860825,D,S,D,2024-10-01,1000000.00,4.096613,102.625
08:00:03,912810UC0,TSRYS5860825,D,B,C,2024-10-01,1000000.00,4.096613,102.625
08:00:03,912810UC0,TSRYS5860825,D,B,C,2024-10-01,1000000.00,4.09583,102.638671875
08:00:03,912810UC0,TSRYS5860825,D,B,C,2024-10-01,1000000.00,4.095382,102.646484375
08:00:03,912810UC0,TSRYS5860825,D,S,T,2024-10-01,1000000.00,4.095494,102.64453125
08:00:03,912810UC0,TSRYS5860825,D,S,T,2024-10-01,1000000.00,4.094488,102.662109375
08:00:03,912810UC0,TSRYS5860825,D,S,D,2024-10-01,1000000.00,4.098739,102.587890625
08:00:03,912810UC0,TSRYS5860825,D,S,T,2024-10-01,1000000.00,4.098739,102.587890625
08:00:03,912810UC0,TSRYS5860825,D,S,D,2024-10-01,1000000.00,4.098627,102.58984375
08:00:03,912810UC0,TSRYS5860825,D,S,D,2024-10-01,1000000.00,4.092587,102.6953125
08:00:03,912810UC0,TSRYS5860825,D,S,D,2024-10-01,1000000.00,4.091358,102.716796875
08:00:03,912810UC0,TSRYS5860825,D,S,T,2024-10-01,1000000.00,4.091358,102.716796875
08:00:03,912810UC0,TSRYS5860825,D,S,T,2024-10-01,1000000.00,4.078861,102.935546875
08:00:03,912810UC0,TSRYS5860825,D,S,T,2024-10-01,1000000.00,4.080421,102.908203125
08:00:03,912810UC0,TSRYS5860825,D,S,D,2024-10-01,1000000.00,4.074852,103.005859375
08:00:03,912810UC0,TSRYS5860825,D,S,D,2024-10-01,1000000.00,4.076522,102.9765625
08:00:03,912810UC0,TSRYS5860825,D,S,D,2024-10-01,1000000.00,4.076188,102.982421875
08:00:03,912810UC0,TSRYS5860825,D,S,D,2024-10-01,1000000.00,4.076188,102.982421875
08:00:03,912810UC0,TSRYS5860825,D,S,T,2024-10-01,1000000.00,4.076188,102.982421875
08:00:03,912810UC0,TSRYS5860825,D,S,D,2024-10-01,1000000.00,4.07719,102.96484375
08:00:03,912810UC0,TSRYS5860825,D,S,T,2024-10-01,1000000.00,4.07719,102.96484375
08:00:03,912810UC0,TSRYS5860825,D,S,D,2024-10-01,1000000.00,4.07875,102.9375
08:00:03,912810UC0,TSRYS5860825,D,S,T,2024-10-01,1000000.00,4.078861,102.935546875
08:00:03,912810UC0,TSRYS5860825,D,S,D,2024-10-01,1000000.00,4.069402,103.1015625
08:00:03,912810UC0,TSRYS5860825,D,S,T,2024-10-01,1000000.00,4.069402,103.1015625
08:00:03,912810UC0,TSRYS5860825,D,S,T,2024-10-01,1000000.00,4.069402,103.1015625
08:00:03,912810UC0,TSRYS5860825,D,S,T,2024-10-01,1000000.00,4.069402,103.1015625
08:00:03,912810UC0,TSRYS5860825,D,S,D,2024-10-01,1000000.00,4.069402,103.1015625
08:00:03,912810UC0,TSRYS5860825,D,S,T,2024-10-01,1000000.00,4.069402,103.1015625
08:00:03,912810UC0,TSRYS5860825,D,S,D,2024-10-01,1000000.00,4.069402,103.1015625
08:00:03,912810UC0,TSRYS5860825,D,S,T,2024-10-01,1000000.00,4.069402,103.1015625
08:00:03,912810UC0,TSRYS5860825,D,S,T,2024-10-01,1000000.00,4.069402,103.1015625
08:00:03,912810UC0,TSRYS5860825,D,B,C,2024-10-01,1000000.00,4.069847,103.09375
08:00:03,912810UC0,TSRYS5860825,D,S,T,2024-10-01,1000000.00,4.069402,103.1015625
08:00:03,912810UC0,TSRYS5860825,D,S,T,2024-10-01,1000000.00,4.069402,103.1015625
08:00:03,912810UC0,TSRYS5860825,D,S,D,2024-10-01,1000000.00,4.069402,103.1015625
08:00:03,912810UC0,TSRYS5860825,D,S,D,2024-10-01,1000000.00,4.069847,103.09375
08:00:03,912810UC0,TSRYS5860825,D,S,D,2024-10-01,1000000.00,4.070403,103.083984375
08:00:03,912810UC0,TSRYS5860825,D,B,C,2024-10-01,1000000.00,4.070847,103.076171875
08:00:03,912810UC0,TSRYS5860825,D,B,C,2024-10-01,1000000.00,4.070403,103.083984375
08:00:03,912810UC0,TSRYS5860825,D,S,T,2024-10-01,1000000.00,4.069402,103.1015625
08:00:03,912810UC0,TSRYS5860825,D,B,C,2024-10-01,1000000.00,4.069624,103.09765625
08:00:03,912810UC0,TSRYS5860825,D,S,T,2024-10-01,1000000.00,4.069402,103.1015625
08:00:03,912810UC0,TSRYS5860825,D,S,D,2024-10-01,1000000.00,4.069402,103.1015625
08:00:03,912810UC0,TSRYS5860825,D,B,C,2024-10-01,1000000.00,4.070847,103.076171875
08:00:03,912810UC0,TSRYS5860825,D,B,C,2024-10-01,1000000.00,4.070847,103.076171875
08:00:03,912810UC0,TSRYS5860825,D,B,C,2024-10-01,1000000.00,4.070847,103.076171875
08:00:03,912810UC0,TSRYS5860825,D,B,C,2024-10-01,1000000.00,4.070847,103.076171875
08:00:03,912810UC0,TSRYS5860825,D,B,C,2024-10-01,1000000.00,4.072071,103.0546875
08:00:03,912810UC0,TSRYS5860825,D,S,T,2024-10-01,1000000.00,4.071626,103.0625
08:00:03,912810UC0,TSRYS5860825,D,S,D,2024-10-01,1000000.00,4.070959,103.07421875
08:00:03,912810UC0,TSRYS5860825,D,S,D,2024-10-01,1000000.00,4.070736,103.078125
08:00:03,912810UC0,TSRYS5860825,D,S,D,2024-10-01,1000000.00,4.070736,103.078125
08:00:03,912810UC0,TSRYS5860825,D,S,D,2024-10-01,1000000.00,4.070736,103.078125
08:00:03,912810UC0,TSRYS5860825,D,S,D,2024-10-01,1000000.00,4.070736,103.078125
08:00:03,912810UC0,TSRYS5860825,D,S,D,2024-10-01,1000000.00,4.070514,103.08203125
08:00:03,912810UC0,TSRYS5860825,D,S,T,2024-10-01,1000000.00,4.070514,103.08203125
08:00:03,912810UC0,TSRYS5860825,D,S,D,2024-10-01,1000000.00,4.070514,103.08203125
08:00:03,912810UC0,TSRYS5860825,D,S,D,2024-10-01,1000000.00,4.070514,103.08203125
08:00:03,912810UC0,TSRYS5860825,D,S,D,2024-10-01,1000000.00,4.070514,103.08203125
08:00:03,912810UC0,TSRYS5860825,D,S,D,2024-10-01,1000000.00,4.069847,103.09375
08:00:03,912810UC0,TSRYS5860825,D,S,T,2024-10-01,1000000.00,4.069847,103.09375
08:00:03,912810UC0,TSRYS5860825,D,B,C,2024-10-01,1000000.00,4.069847,103.09375
08:00:03,912810UC0,TSRYS5860825,D,B,C,2024-10-01,1000000.00,4.069402,103.1015625
08:00:03,912810UC0,TSRYS5860825,D,B,C,2024-10-01,1000000.00,4.069847,103.09375
08:00:03,912810UC0,TSRYS5860825,D,B,C,2024-10-01,1000000.00,4.069847,103.09375
08:00:03,912810UC0,TSRYS5860825,D,B,C,2024-10-01,1000000.00,4.069847,103.09375
08:00:03,912810UC0,TSRYS5860825,D,B,C,2024-10-01,1000000.00,4.069847,103.09375
08:00:03,912810UC0,TSRYS5860825,D,B,C,2024-10-01,1000000.00,4.067513,103.134765625
08:00:03,912810UC0,TSRYS5860825,D,B,C,2024-10-01,1000000.00,4.068846,103.111328125
08:00:03,912810UC0,TSRYS5860825,D,B,C,2024-10-01,1000000.00,4.068402,103.119140625
08:00:03,912810UC0,TSRYS5860825,D,S,T,2024-10-01,1000000.00,4.068068,103.125
08:00:03,912810UC0,TSRYS5860825,D,B,C,2024-10-01,1000000.00,4.06818,103.123046875
08:00:03,912810UC0,TSRYS5860825,D,B,C,2024-10-01,1000000.00,4.067402,103.13671875
08:00:03,912810UC0,TSRYS5860825,D,B,C,2024-10-01,1000000.00,4.067846,103.12890625
08:00:03,912810UC0,TSRYS5860825,D,S,T,2024-10-01,1000000.00,4.067624,103.1328125
08:00:03,912810UC0,TSRYS5860825,D,B,C,2024-10-01,1000000.00,4.067513,103.134765625
08:00:03,912810UC0,TSRYS5860825,D,B,C,2024-10-01,1000000.00,4.067513,103.134765625
08:00:03,912810UC0,TSRYS5860825,D,S,T,2024-10-01,1000000.00,4.06818,103.123046875
08:00:03,912810UC0,TSRYS5860825,D,S,T,2024-10-01,1000000.00,4.067624,103.1328125
08:00:03,912810UC0,TSRYS5860825,D,S,D,2024-10-01,1000000.00,4.069291,103.103515625
08:00:05,912810UC0,TSRYS5860825,D,S,T,2024-10-01,1000000.00,4.087672,102.78125
08:00:08,912810UC0,TSRYS5860825,D,B,A,2024-10-01,500.00,4.113204,102.3359375
08:00:08,912810UC0,TSRYS5860825,D,B,A,2024-10-01,15000000.00,4.109611,102.3984375
08:00:08,912810UC0,TSRYS5860825,D,S,T,2024-10-01,1000000.00,4.11006,102.390625
08:00:08,912810UC0,TSRYS5860825,D,S,T,2024-10-01,1000000.00,4.11725,102.265625
08:00:08,912810UC0,TSRYS5860825,D,S,T,2024-10-01,1000000.00,4.11725,102.265625
08:00:09,912810UC0,TSRYS5860825,D,S,A,2024-10-01,20000000.00,4.11635,102.28125
08:00:09,912810UC0,TSRYS5860825,D,B,C,2024-10-01,1700000.00,4.110172,102.388671875
08:00:09,912810UC0,TSRYS5860825,D,B,A,2024-10-01,15000000.00,4.11006,102.390625
08:00:09,912810UC0,TSRYS5860825,D,S,A,2024-10-01,1000000.00,4.11006,102.390625
08:00:09,912810UC0,TSRYS5860825,D,B,A,2024-10-01,5000000.00,4.095047,102.65234375
08:00:09,912810UC0,TSRYS5860825,D,B,A,2024-10-01,2000000.00,4.099075,102.58203125
08:00:09,912810UC0,TSRYS5860825,D,S,A,2024-10-01,1000000.00,4.093928,102.671875
08:00:09,912810UC0,TSRYS5860825,D,B,A,2024-10-01,3000000.00,4.097508,102.609375
08:00:09,912810UC0,TSRYS5860825,D,B,A,2024-10-01,500000.00,4.098851,102.5859375
08:00:09,912810UC0,TSRYS5860825,D,B,A,2024-10-01,1000000.00,4.093928,102.671875
08:00:09,912810UC0,TSRYS5860825,D,S,A,2024-10-01,1000000.00,4.088118,102.7734375
08:00:09,912810UC0,TSRYS5860825,D,B,A,2024-10-01,1000000.00,4.081424,102.890625
08:00:09,912810UC0,TSRYS5860825,D,B,C,2024-10-01,1000000.00,4.079197,102.9296523438
08:00:09,912810UC0,TSRYS5860825,D,B,A,2024-10-01,3000000.00,4.080087,102.9140625
08:00:09,912810UC0,TSRYS5860825,D,S,T,2024-10-01,1000000.00,4.076077,102.984375
08:00:09,912810UC0,TSRYS5860825,D,B,C,2024-10-01,1000000.00,4.076162,102.982875
08:00:09,912810UC0,TSRYS5860825,D,B,A,2024-10-01,5000000.00,4.07719,102.96484375
08:00:09,912810UC0,TSRYS5860825,D,B,A,2024-10-01,10000000.00,4.078081,102.94921875
08:00:09,912810UC0,TSRYS5860825,D,B,C,2024-10-01,1100000.00,4.071292,103.068359375
08:00:09,912810UC0,TSRYS5860825,D,B,C,2024-10-01,10000000.00,4.069847,103.09375
08:00:09,912810UC0,TSRYS5860825,D,S,A,2024-10-01,750000.00,4.068958,103.109375
08:00:09,912810UC0,TSRYS5860825,D,S,T,2024-10-01,1000000.00,4.068513,103.1171875
08:00:09,912810UC0,TSRYS5860825,D,S,A,2024-10-01,500000.00,4.070514,103.08203125
08:00:09,912810UC0,TSRYS5860825,D,S,D,2024-10-01,1000000.00,4.110345,102.3856660635
08:00:09,912810UC0,TSRYS5860825,D,S,D,2024-10-01,1000000.00,4.110285,102.38671875
08:00:09,912810UC0,TSRYS5860825,D,S,D,2024-10-01,1000000.00,4.110285,102.38671875
08:00:09,912810UC0,TSRYS5860825,D,S,D,2024-10-01,1000000.00,4.110345,102.3856660635
08:00:09,912810UC0,TSRYS5860825,D,S,D,2024-10-01,1000000.00,4.118037,102.251953125
08:00:09,912810UC0,TSRYS5860825,D,S,D,2024-10-01,1000000.00,4.118983,102.2355208333
08:00:09,912810UC0,TSRYS5860825,D,S,D,2024-10-01,1000000.00,4.118983,102.2355208333
08:00:09,912810UC0,TSRYS5860825,D,S,D,2024-10-01,1000000.00,4.117259,102.26546875
08:00:09,912810UC0,TSRYS5860825,D,S,D,2024-10-01,1000000.00,4.117259,102.26546875
08:00:09,912810UC0,TSRYS5860825,D,S,C,2024-10-01,290000.00,4.071392,103.06640625
08:00:09,912810UC0,TSRYS5860825,D,S,C,2024-10-01,10000000.00,4.070514,103.08203125
08:00:09,912810UC0,TSRYS5860825,D,S,T,2024-10-01,1000000.00,4.068958,103.109375
08:00:09,912810UC0,TSRYS5860825,D,S,T,2024-10-01,1000000.00,4.068958,103.109375
08:00:09,912810UC0,TSRYS5860825,D,S,T,2024-10-01,1000000.00,4.068958,103.109375
08:00:09,912810UC0,TSRYS5860825,D,S,D,2024-10-01,1000000.00,4.069457,103.1005969101
08:00:09,912810UC0,TSRYS5860825,D,S,D,2024-10-01,1000000.00,4.069457,103.1005969101
08:00:09,912810UC0,TSRYS5860825,D,S,D,2024-10-01,1000000.00,4.069457,103.1005969101
08:00:09,912810UC0,TSRYS5860825,D,S,D,2024-10-01,1000000.00,4.069457,103.1005969101
08:00:09,912810UC0,TSRYS5860825,D,S,D,2024-10-01,1000000.00,4.070736,103.078125
08:00:09,912810UC0,TSRYS5860825,D,S,A,2024-10-01,5000000.00,4.071403,103.06640625
08:00:09,912810UC0,TSRYS5860825,D,S,T,2024-10-01,1000000.00,4.069847,103.09375
08:00:09,912810UC0,TSRYS5860825,D,S,T,2024-10-01,1000000.00,4.069847,103.09375
08:00:09,912810UC0,TSRYS5860825,D,S,T,2024-10-01,2000000.00,4.069847,103.09375
08:00:09,912810UC0,TSRYS5860825,D,S,T,2024-10-01,1000000.00,4.069847,103.09375
08:00:09,912810UC0,TSRYS5860825,D,S,T,2024-10-01,1000000.00,4.069847,103.09375
08:00:09,912810UC0,TSRYS5860825,D,S,T,2024-10-01,1000000.00,4.069847,103.09375
08:00:09,912810UC0,TSRYS5860825,D,S,D,2024-10-01,4000000.00,4.071626,103.0625
08:00:09,912810UC0,TSRYS5860825,D,S,D,2024-10-01,1000000.00,4.071626,103.0625
08:00:09,912810UC0,TSRYS5860825,D,S,D,2024-10-01,1000000.00,4.069847,103.09375
08:00:09,912810UC0,TSRYS5860825,D,S,D,2024-10-01,1000000.00,4.069847,103.09375
08:00:09,912810UC0,TSRYS5860825,D,S,D,2024-10-01,2000000.00,4.069847,103.09375
08:00:09,912810UC0,TSRYS5860825,D,S,D,2024-10-01,1000000.00,4.069847,103.09375
08:00:09,912810UC0,TSRYS5860825,D,S,D,2024-10-01,1000000.00,4.069847,103.09375
08:00:09,912810UC0,TSRYS5860825,D,S,D,2024-10-01,1000000.00,4.069847,103.09375
08:00:09,912810UC0,TSRYS5860825,D,S,T,2024-10-01,1000000.00,4.068068,103.125
08:00:09,912810UC0,TSRYS5860825,D,S,D,2024-10-01,1000000.00,4.068068,103.125
08:00:09,912810UC0,TSRYS5860825,D,S,D,2024-10-01,1000000.00,4.068068,103.125
08:00:09,912810UC0,TSRYS5860825,D,S,T,2024-10-01,1000000.00,4.068068,103.125
08:00:09,912810UC0,TSRYS5860825,D,S,D,2024-10-01,1000000.00,4.068402,103.119140625
08:00:09,912810UC0,TSRYS5860825,D,S,D,2024-10-01,5000000.00,4.068958,103.109375
08:00:09,912810UC0,TSRYS5860825,D,S,D,2024-10-01,1000000.00,4.068513,103.1171875
08:00:09,912810UC0,TSRYS5860825,D,S,T,2024-10-01,1000000.00,4.068068,103.125
08:00:09,912810UC0,TSRYS5860825,D,S,D,2024-10-01,1000000.00,4.068068,103.125
08:00:09,912810UC0,TSRYS5860825,D,S,D,2024-10-01,1000000.00,4.068068,103.125
08:00:09,912810UC0,TSRYS5860825,D,S,T,2024-10-01,1000000.00,4.068068,103.125
08:00:09,912810UC0,TSRYS5860825,D,S,D,2024-10-01,1000000.00,4.068068,103.125
08:00:09,912810UC0,TSRYS5860825,D,S,T,2024-10-01,1000000.00,4.068068,103.125
08:00:09,912810UC0,TSRYS5860825,D,S,T,2024-10-01,1000000.00,4.066291,103.15625
08:00:09,912810UC0,TSRYS5860825,D,S,T,2024-10-01,1000000.00,4.06618,103.158203125
08:00:09,912810UC0,TSRYS5860825,D,S,D,2024-10-01,1000000.00,4.066291,103.15625
08:00:09,912810UC0,TSRYS5860825,D,S,D,2024-10-01,1000000.00,4.06618,103.158203125
08:00:09,912810UC0,TSRYS5860825,D,S,T,2024-10-01,1000000.00,4.070736,103.078125
08:00:09,912810UC0,TSRYS5860825,D,S,D,2024-10-01,1000000.00,4.070736,103.078125
08:00:09,912810UC0,TSRYS5860825,D,S,T,2024-10-01,1000000.00,4.072516,103.046875
08:00:09,912810UC0,TSRYS5860825,D,S,T,2024-10-01,1000000.00,4.072516,103.046875
08:00:10,912810UC0,TSRYS5860825,D,S,T,2024-10-01,2000000.00,4.082316,102.875
08:00:11,912810UC0,TSRYS5860825,D,S,T,2024-10-01,1000000.00,4.076077,102.984375
08:00:11,912810UC0,TSRYS5860825,D,S,T,2024-10-01,1000000.00,4.071626,103.0625
08:00:11,912810UC0,TSRYS5860825,D,S,D,2024-10-01,1000000.00,4.107816,102.4296875
08:00:11,912810UC0,TSRYS5860825,D,S,T,2024-10-01,1000000.00,4.108377,102.419921875
08:00:11,912810UC0,TSRYS5860825,D,S,T,2024-10-01,1000000.00,4.11006,102.390625
08:00:11,912810UC0,TSRYS5860825,D,S,T,2024-10-01,1000000.00,4.11006,102.390625
08:00:11,912810UC0,TSRYS5860825,D,S,D,2024-10-01,1000000.00,4.108713,102.4140625
08:00:11,912810UC0,TSRYS5860825,D,S,T,2024-10-01,1000000.00,4.111295,102.369140625
08:00:11,912810UC0,TSRYS5860825,D,S,T,2024-10-01,1000000.00,4.109387,102.40234375
08:00:11,912810UC0,TSRYS5860825,D,S,T,2024-10-01,1000000.00,4.120849,102.203125
08:00:12,912810UC0,TSRYS5860825,D,S,T,2024-10-01,1000000.00,4.11725,102.265625
08:00:12,912810UC0,TSRYS5860825,D,S,D,2024-10-01,1000000.00,4.119049,102.234375
08:00:12,912810UC0,TSRYS5860825,D,S,D,2024-10-01,1000000.00,4.119049,102.234375
08:00:12,912810UC0,TSRYS5860825,D,S,D,2024-10-01,1000000.00,4.119499,102.2265625
08:00:12,912810UC0,TSRYS5860825,D,S,T,2024-10-01,2000000.00,4.119949,102.21875
08:00:12,912810UC0,TSRYS5860825,D,S,T,2024-10-01,1000000.00,4.070793,103.077125
08:00:12,912810UC0,TSRYS5860825,D,S,D,2024-10-01,1000000.00,4.118149,102.25
08:00:12,912810UC0,TSRYS5860825,D,S,T,2024-10-01,1000000.00,4.119274,102.23046875
08:00:12,912810UC0,TSRYS5860825,D,S,T,2024-10-01,1000000.00,4.097508,102.609375
08:00:12,912810UC0,TSRYS5860825,D,S,T,2024-10-01,1000000.00,4.088565,102.765625
08:00:12,912810UC0,TSRYS5860825,D,S,T,2024-10-01,1000000.00,4.087672,102.78125
08:00:12,912810UC0,TSRYS5860825,D,S,D,2024-10-01,1000000.00,4.089012,102.7578125
08:00:12,912810UC0,TSRYS5860825,D,S,T,2024-10-01,1000000.00,4.089235,102.75390625
08:00:12,912810UC0,TSRYS5860825,D,S,T,2024-10-01,1000000.00,4.084547,102.8359375
08:00:12,912810UC0,TSRYS5860825,D,S,T,2024-10-01,1000000.00,4.083208,102.859375
08:00:12,912810UC0,TSRYS5860825,D,S,T,2024-10-01,1000000.00,4.08031,102.91015625
08:00:12,912810UC0,TSRYS5860825,D,S,T,2024-10-01,1000000.00,4.074296,103.015625
08:00:12,912810UC0,TSRYS5860825,D,S,T,2024-10-01,1000000.00,4.07875,102.9375
08:00:12,912810UC0,TSRYS5860825,D,S,T,2024-10-01,1000000.00,4.06718,103.140625
08:00:12,912810UC0,TSRYS5860825,D,S,T,2024-10-01,1000000.00,4.06718,103.140625
08:00:12,912810UC0,TSRYS5860825,D,S,T,2024-10-01,1000000.00,4.070069,103.08984375
08:00:12,912810UC0,TSRYS5860825,D,S,T,2024-10-01,1000000.00,4.069847,103.09375
08:00:12,912810UC0,TSRYS5860825,D,S,T,2024-10-01,1000000.00,4.070736,103.078125
08:00:12,912810UC0,TSRYS5860825,D,S,D,2024-10-01,1000000.00,4.070736,103.078125
08:00:12,912810UC0,TSRYS5860825,D,S,T,2024-10-01,1000000.00,4.068958,103.109375
08:00:12,912810UC0,TSRYS5860825,D,S,T,2024-10-01,1000000.00,4.068958,103.109375
08:00:12,912810UC0,TSRYS5860825,D,S,T,2024-10-01,1000000.00,4.068402,103.119140625
08:00:12,912810UC0,TSRYS5860825,D,S,T,2024-10-01,1000000.00,4.068958,103.109375
08:00:12,912810UC0,TSRYS5860825,D,S,T,2024-10-01,1000000.00,4.068068,103.125
08:00:12,912810UC0,TSRYS5860825,D,S,D,2024-10-01,1000000.00,4.068513,103.1171875
08:00:12,912810UC0,TSRYS5860825,D,S,T,2024-10-01,1000000.00,4.068958,103.109375
08:00:12,912810UC0,TSRYS5860825,D,S,T,2024-10-01,1000000.00,4.071626,103.0625
08:00:13,912810UC0,TSRYS5860825,D,S,T,2024-10-01,1000000.00,4.071626,103.0625
08:00:16,912810UC0,TSRYS5860825,D,S,A,2024-10-01,2000000.00,4.096613,102.625
08:00:17,912810UC0,TSRYS5860825,D,S,D,2024-10-01,1000000.00,4.098403,102.59375
08:00:17,912810UC0,TSRYS5860825,D,S,D,2024-10-01,1000000.00,4.098179,102.59765625
08:00:17,912810UC0,TSRYS5860825,D,S,D,2024-10-01,1000000.00,4.098403,102.59375
08:00:17,912810UC0,TSRYS5860825,D,S,D,2024-10-01,1000000.00,4.097956,102.6015625
08:00:17,912810UC0,TSRYS5860825,D,S,D,2024-10-01,1000000.00,4.09762,102.607421875
08:00:17,912810UC0,TSRYS5860825,D,S,D,2024-10-01,1000000.00,4.096613,102.625
08:00:17,912810UC0,TSRYS5860825,D,S,D,2024-10-01,1000000.00,4.096613,102.625
08:00:17,912810UC0,TSRYS5860825,D,S,D,2024-10-01,1000000.00,4.096613,102.625
08:00:17,912810UC0,TSRYS5860825,D,S,D,2024-10-01,1000000.00,4.096613,102.625
08:00:19,912810UC0,TSRYS5860825,D,B,A,2024-10-01,2000000.00,4.10647,102.453125
08:00:20,912810UC0,TSRYS5860825,D,S,T,2024-10-01,1000000.00,4.11006,102.390625
08:00:21,912810UC0,TSRYS5860825,D,S,D,2024-10-01,1000000.00,4.096389,102.62890625
08:00:21,912810UC0,TSRYS5860825,D,S,D,2024-10-01,1000000.00,4.096613,102.625
08:00:21,912810UC0,TSRYS5860825,D,S,D,2024-10-01,1000000.00,4.096165,102.6328125
08:00:21,912810UC0,TSRYS5860825,D,S,D,2024-10-01,1000000.00,4.097508,102.609375
08:00:21,912810UC0,TSRYS5860825,D,S,D,2024-10-01,1000000.00,4.095047,102.65234375
08:00:21,912810UC0,TSRYS5860825,D,S,D,2024-10-01,1000000.00,4.095047,102.65234375
08:00:21,912810UC0,TSRYS5860825,D,S,D,2024-10-01,1000000.00,4.095047,102.65234375
08:00:21,912810UC0,TSRYS5860825,D,S,D,2024-10-01,1000000.00,4.094599,102.66015625
08:00:21,912810UC0,TSRYS5860825,D,S,D,2024-10-01,1000000.00,4.094599,102.66015625
08:00:21,912810UC0,TSRYS5860825,D,S,D,2024-10-01,1000000.00,4.094823,102.65625
08:00:21,912810UC0,TSRYS5860825,D,S,D,2024-10-01,1000000.00,4.094823,102.65625
08:00:21,912810UC0,TSRYS5860825,D,S,D,2024-10-01,1000000.00,4.094152,102.66796875
08:00:22,912810UC0,TSRYS5860825,D,S,T,2024-10-01,1000000.00,4.11006,102.390625
08:00:23,912810UC0,TSRYS5860825,D,S,T,2024-10-01,1000000.00,4.071626,103.0625
08:00:23,912810UC0,TSRYS5860825,D,S,T,2024-10-01,1000000.00,4.094823,102.65625
08:00:27,912810UC0,TSRYS5860825,D,S,T,2024-10-01,1000000.00,4.084101,102.84375
08:00:27,912810UC0,TSRYS5860825,D,S,T,2024-10-01,1000000.00,4.084101,102.84375
08:00:27,912810UC0,TSRYS5860825,D,S,T,2024-10-01,3000000.00,4.084101,102.84375
08:00:27,912810UC0,TSRYS5860825,D,S,T,2024-10-01,1000000.00,4.084101,102.84375
08:00:27,912810UC0,TSRYS5860825,D,S,T,2024-10-01,1000000.00,4.084101,102.84375
08:00:27,912810UC0,TSRYS5860825,D,S,T,2024-10-01,1000000.00,4.084101,102.84375
08:00:27,912810UC0,TSRYS5860825,D,S,T,2024-10-01,1000000.00,4.084101,102.84375
08:00:27,912810UC0,TSRYS5860825,D,S,T,2024-10-01,1000000.00,4.084101,102.84375
08:00:27,912810UC0,TSRYS5860825,D,S,T,2024-10-01,1000000.00,4.084101,102.84375
08:00:27,912810UC0,TSRYS5860825,D,S,T,2024-10-01,3000000.00,4.084101,102.84375
08:00:27,912810UC0,TSRYS5860825,D,S,T,2024-10-01,1000000.00,4.084101,102.84375
08:00:27,912810UC0,TSRYS5860825,D,S,T,2024-10-01,1000000.00,4.084101,102.84375
08:00:27,912810UC0,TSRYS5860825,D,S,T,2024-10-01,1000000.00,4.084101,102.84375
08:00:27,912810UC0,TSRYS5860825,D,S,T,2024-10-01,1000000.00,4.084101,102.84375
08:00:27,912810UC0,TSRYS5860825,D,S,T,2024-10-01,1000000.00,4.084101,102.84375
08:00:27,912810UC0,TSRYS5860825,D,S,T,2024-10-01,1000000.00,4.084101,102.84375
08:00:27,912810UC0,TSRYS5860825,D,S,T,2024-10-01,1000000.00,4.084101,102.84375
08:00:27,912810UC0,TSRYS5860825,D,S,T,2024-10-01,1000000.00,4.084101,102.84375
08:00:27,912810UC0,TSRYS5860825,D,S,T,2024-10-01,1000000.00,4.084101,102.84375
08:00:27,912810UC0,TSRYS5860825,D,S,T,2024-10-01,1000000.00,4.084101,102.84375
08:00:27,912810UC0,TSRYS5860825,D,S,T,2024-10-01,1000000.00,4.084101,102.84375
08:00:28,912810UC0,TSRYS5860825,D,B,C,2024-10-01,1000000.00,4.12175,102.1875
08:00:28,912810UC0,TSRYS5860825,D,S,D,2024-10-01,1000000.00,4.12175,102.1875
08:00:28,912810UC0,TSRYS5860825,D,S,D,2024-10-01,1000000.00,4.12175,102.1875
08:00:28,912810UC0,TSRYS5860825,D,B,C,2024-10-01,1000000.00,4.12175,102.1875
08:00:28,912810UC0,TSRYS5860825,D,S,D,2024-10-01,1000000.00,4.12175,102.1875
08:00:28,912810UC0,TSRYS5860825,D,B,C,2024-10-01,1000000.00,4.12175,102.1875
08:00:28,912810UC0,TSRYS5860825,D,S,D,2024-10-01,1000000.00,4.094823,102.65625
08:00:28,912810UC0,TSRYS5860825,D,B,C,2024-10-01,1000000.00,4.12175,102.1875
08:00:28,912810UC0,TSRYS5860825,D,S,D,2024-10-01,1000000.00,4.12175,102.1875
08:00:28,912810UC0,TSRYS5860825,D,B,C,2024-10-01,1000000.00,4.12175,102.1875
08:00:28,912810UC0,TSRYS5860825,D,S,D,2024-10-01,1000000.00,4.12175,102.1875
08:00:28,912810UC0,TSRYS5860825,D,S,D,2024-10-01,1000000.00,4.120849,102.203125
08:00:28,912810UC0,TSRYS5860825,D,B,C,2024-10-01,1000000.00,4.120849,102.203125
08:00:28,912810UC0,TSRYS5860825,D,S,T,2024-10-01,1000000.00,4.094823,102.65625
08:00:28,912810UC0,TSRYS5860825,D,S,T,2024-10-01,1000000.00,4.118149,102.25
08:00:28,912810UC0,TSRYS5860825,D,S,T,2024-10-01,1000000.00,4.097508,102.609375
08:00:28,912810UC0,TSRYS5860825,D,S,T,2024-10-01,1000000.00,4.083208,102.859375
08:00:28,912810UC0,TSRYS5860825,D,S,T,2024-10-01,1000000.00,4.079641,102.921875
08:00:28,912810UC0,TSRYS5860825,D,S,T,2024-10-01,1000000.00,4.070736,103.078125
08:00:29,912810UC0,TSRYS5860825,D,S,T,2024-10-01,2000000.00,4.094823,102.65625
08:00:29,912810UC0,TSRYS5860825,D,S,T,2024-10-01,1000000.00,4.094823,102.65625
08:00:29,912810UC0,TSRYS5860825,D,S,T,2024-10-01,1000000.00,4.108265,102.421875
08:00:29,912810UC0,TSRYS5860825,D,S,T,2024-10-01,1000000.00,4.108713,102.4140625
08:00:29,912810UC0,TSRYS5860825,D,S,T,2024-10-01,1000000.00,4.109387,102.40234375
08:00:29,912810UC0,TSRYS5860825,D,S,T,2024-10-01,1000000.00,4.117362,102.263671875
08:00:29,912810UC0,TSRYS5860825,D,S,T,2024-10-01,1000000.00,4.110621,102.380859375
08:00:29,912810UC0,TSRYS5860825,D,S,T,2024-10-01,1000000.00,4.094264,102.666015625
08:00:29,912810UC0,TSRYS5860825,D,S,D,2024-10-01,1000000.00,4.094152,102.66796875
08:00:29,912810UC0,TSRYS5860825,D,S,T,2024-10-01,1000000.00,4.07552,102.994140625
08:00:29,912810UC0,TSRYS5860825,D,S,T,2024-10-01,1000000.00,4.077079,102.966796875
08:00:29,912810UC0,TSRYS5860825,D,S,T,2024-10-01,1000000.00,4.078527,102.94140625
08:00:29,912810UC0,TSRYS5860825,D,S,D,2024-10-01,1000000.00,4.079418,102.92578125
08:00:29,912810UC0,TSRYS5860825,D,S,D,2024-10-01,1000000.00,4.067402,103.13671875
08:00:29,912810UC0,TSRYS5860825,D,S,T,2024-10-01,1000000.00,4.069847,103.09375
08:00:29,912810UC0,TSRYS5860825,D,S,D,2024-10-01,1000000.00,4.070959,103.07421875
08:00:29,912810UC0,TSRYS5860825,D,S,D,2024-10-01,1000000.00,4.070736,103.078125
08:00:29,912810UC0,TSRYS5860825,D,S,T,2024-10-01,1000000.00,4.069847,103.09375
08:00:29,912810UC0,TSRYS5860825,D,S,T,2024-10-01,1000000.00,4.067624,103.1328125
08:00:29,912810UC0,TSRYS5860825,D,S,T,2024-10-01,1000000.00,4.067624,103.1328125
08:00:29,912810UC0,TSRYS5860825,D,S,T,2024-10-01,1000000.00,4.067624,103.1328125
08:00:29,912810UC0,TSRYS5860825,D,S,T,2024-10-01,1000000.00,4.067735,103.130859375
08:00:29,912810UC0,TSRYS5860825,D,S,D,2024-10-01,1000000.00,4.066291,103.15625
08:00:29,912810UC0,TSRYS5860825,D,S,T,2024-10-01,1000000.00,4.094823,102.65625
08:00:29,912810UC0,TSRYS5860825,D,S,T,2024-10-01,1000000.00,4.094823,102.65625
08:00:29,912810UC0,TSRYS5860825,D,S,T,2024-10-01,2000000.00,4.094823,102.65625
08:00:29,912810UC0,TSRYS5860825,D,S,T,2024-10-01,1000000.00,4.094823,102.65625
08:00:30,912810UC0,TSRYS5860825,D,S,T,2024-10-01,1000000.00,4.094823,102.65625
08:00:30,912810UC0,TSRYS5860825,D,S,T,2024-10-01,1000000.00,4.113653,102.328125
08:00:30,912810UC0,TSRYS5860825,D,S,T,2024-10-01,1000000.00,4.11006,102.390625
08:00:30,912810UC0,TSRYS5860825,D,S,T,2024-10-01,1000000.00,4.11006,102.390625
08:00:30,912810UC0,TSRYS5860825,D,S,D,2024-10-01,1000000.00,4.107592,102.43359375
08:00:30,912810UC0,TSRYS5860825,D,S,T,2024-10-01,1000000.00,4.109162,102.40625
08:00:30,912810UC0,TSRYS5860825,D,S,T,2024-10-01,1000000.00,4.109162,102.40625
08:00:30,912810UC0,TSRYS5860825,D,S,T,2024-10-01,1000000.00,4.109162,102.40625
08:00:30,912810UC0,TSRYS5860825,D,S,T,2024-10-01,1000000.00,4.110958,102.375
08:00:30,912810UC0,TSRYS5860825,D,S,T,2024-10-01,1000000.00,4.111856,102.359375
08:00:30,912810UC0,TSRYS5860825,D,S,T,2024-10-01,1000000.00,4.118149,102.25
08:00:30,912810UC0,TSRYS5860825,D,S,T,2024-10-01,1000000.00,4.118149,102.25
08:00:30,912810UC0,TSRYS5860825,D,S,T,2024-10-01,1000000.00,4.118149,102.25
08:00:30,912810UC0,TSRYS5860825,D,S,T,2024-10-01,1000000.00,4.118149,102.25
08:00:30,912810UC0,TSRYS5860825,D,S,T,2024-10-01,1000000.00,4.117812,102.255859375
08:00:30,912810UC0,TSRYS5860825,D,S,T,2024-10-01,1000000.00,4.1177,102.2578125
08:00:30,912810UC0,TSRYS5860825,D,S,T,2024-10-01,1000000.00,4.118149,102.25
08:00:30,912810UC0,TSRYS5860825,D,S,T,2024-10-01,1000000.00,4.118149,102.25
08:00:30,912810UC0,TSRYS5860825,D,S,T,2024-10-01,3000000.00,4.119049,102.234375
08:00:30,912810UC0,TSRYS5860825,D,S,T,2024-10-01,1000000.00,4.119949,102.21875
08:00:30,912810UC0,TSRYS5860825,D,S,T,2024-10-01,1000000.00,4.120849,102.203125
08:00:30,912810UC0,TSRYS5860825,D,S,T,2024-10-01,1000000.00,4.119612,102.224609375
08:00:30,912810UC0,TSRYS5860825,D,S,T,2024-10-01,1000000.00,4.119724,102.22265625
08:00:30,912810UC0,TSRYS5860825,D,S,T,2024-10-01,1000000.00,4.120849,102.203125
08:00:30,912810UC0,TSRYS5860825,D,S,T,2024-10-01,1000000.00,4.120849,102.203125
08:00:30,912810UC0,TSRYS5860825,D,S,T,2024-10-01,1000000.00,4.120849,102.203125
08:00:30,912810UC0,TSRYS5860825,D,S,T,2024-10-01,1000000.00,4.120849,102.203125
08:00:30,912810UC0,TSRYS5860825,D,S,T,2024-10-01,1000000.00,4.120849,102.203125
08:00:30,912810UC0,TSRYS5860825,D,S,T,2024-10-01,1000000.00,4.123551,102.15625
08:00:30,912810UC0,TSRYS5860825,D,S,T,2024-10-01,1000000.00,4.119049,102.234375
08:00:30,912810UC0,TSRYS5860825,D,S,T,2024-10-01,1000000.00,4.110958,102.375
08:00:30,912810UC0,TSRYS5860825,D,S,T,2024-10-01,1000000.00,4.111183,102.37109375
08:00:30,912810UC0,TSRYS5860825,D,S,T,2024-10-01,1000000.00,4.110621,102.380859375
08:00:30,912810UC0,TSRYS5860825,D,S,T,2024-10-01,1000000.00,4.105012,102.478515625
08:00:30,912810UC0,TSRYS5860825,D,S,T,2024-10-01,1000000.00,4.102211,102.52734375
08:00:30,912810UC0,TSRYS5860825,D,S,T,2024-10-01,1000000.00,4.102211,102.52734375
08:00:30,912810UC0,TSRYS5860825,D,S,T,2024-10-01,1000000.00,4.099299,102.578125
08:00:30,912810UC0,TSRYS5860825,D,S,T,2024-10-01,1000000.00,4.099299,102.578125
08:00:30,912810UC0,TSRYS5860825,D,S,T,2024-10-01,1000000.00,4.099299,102.578125
08:00:30,912810UC0,TSRYS5860825,D,S,T,2024-10-01,1000000.00,4.09762,102.607421875
08:00:30,912810UC0,TSRYS5860825,D,S,T,2024-10-01,1000000.00,4.097508,102.609375
08:00:30,912810UC0,TSRYS5860825,D,S,T,2024-10-01,1000000.00,4.095382,102.646484375
08:00:30,912810UC0,TSRYS5860825,D,S,T,2024-10-01,1000000.00,4.094823,102.65625
08:00:30,912810UC0,TSRYS5860825,D,S,T,2024-10-01,1000000.00,4.095606,102.642578125
08:00:30,912810UC0,TSRYS5860825,D,S,T,2024-10-01,1000000.00,4.095718,102.640625
08:00:30,912810UC0,TSRYS5860825,D,S,T,2024-10-01,1000000.00,4.095718,102.640625
08:00:30,912810UC0,TSRYS5860825,D,S,T,2024-10-01,1000000.00,4.09706,102.6171875
08:00:30,912810UC0,TSRYS5860825,D,S,T,2024-10-01,1000000.00,4.098403,102.59375
08:00:30,912810UC0,TSRYS5860825,D,S,T,2024-10-01,1000000.00,4.10109,102.546875
08:00:30,912810UC0,TSRYS5860825,D,S,T,2024-10-01,1000000.00,4.10109,102.546875
08:00:30,912810UC0,TSRYS5860825,D,S,T,2024-10-01,1000000.00,4.10109,102.546875
08:00:30,912810UC0,TSRYS5860825,D,S,T,2024-10-01,1000000.00,4.100642,102.5546875
08:00:30,912810UC0,TSRYS5860825,D,S,T,2024-10-01,1000000.00,4.100754,102.552734375
08:00:30,912810UC0,TSRYS5860825,D,S,T,2024-10-01,1000000.00,4.096165,102.6328125
08:00:30,912810UC0,TSRYS5860825,D,S,T,2024-10-01,1000000.00,4.097844,102.603515625
08:00:31,912810UC0,TSRYS5860825,D,S,T,2024-10-01,1000000.00,4.093034,102.6875
08:00:31,912810UC0,TSRYS5860825,D,S,T,2024-10-01,1000000.00,4.094152,102.66796875
08:00:31,912810UC0,TSRYS5860825,D,S,T,2024-10-01,1000000.00,4.088565,102.765625
08:00:31,912810UC0,TSRYS5860825,D,S,T,2024-10-01,1000000.00,4.088565,102.765625
08:00:31,912810UC0,TSRYS5860825,D,S,T,2024-10-01,1000000.00,4.088565,102.765625
08:00:31,912810UC0,TSRYS5860825,D,S,T,2024-10-01,1000000.00,4.088565,102.765625
08:00:31,912810UC0,TSRYS5860825,D,S,T,2024-10-01,1000000.00,4.088565,102.765625
08:00:31,912810UC0,TSRYS5860825,D,S,T,2024-10-01,1000000.00,4.087672,102.78125
08:00:31,912810UC0,TSRYS5860825,D,S,T,2024-10-01,1000000.00,4.089458,102.75
08:00:31,912810UC0,TSRYS5860825,D,S,T,2024-10-01,1000000.00,4.089458,102.75
08:00:31,912810UC0,TSRYS5860825,D,S,D,2024-10-01,1000000.00,4.089682,102.74609375
08:00:31,912810UC0,TSRYS5860825,D,S,T,2024-10-01,1000000.00,4.090911,102.724609375
08:00:31,912810UC0,TSRYS5860825,D,S,T,2024-10-01,1000000.00,4.087672,102.78125
08:00:31,912810UC0,TSRYS5860825,D,S,T,2024-10-01,1000000.00,4.0889,102.759765625
08:00:31,912810UC0,TSRYS5860825,D,S,T,2024-10-01,1000000.00,4.086779,102.796875
08:00:31,912810UC0,TSRYS5860825,D,S,T,2024-10-01,2000000.00,4.083208,102.859375
08:00:31,912810UC0,TSRYS5860825,D,S,T,2024-10-01,1000000.00,4.083208,102.859375
08:00:31,912810UC0,TSRYS5860825,D,S,T,2024-10-01,1000000.00,4.083208,102.859375
08:00:31,912810UC0,TSRYS5860825,D,S,T,2024-10-01,1000000.00,4.082539,102.87109375
08:00:31,912810UC0,TSRYS5860825,D,S,T,2024-10-01,1000000.00,4.082428,102.873046875
08:00:31,912810UC0,TSRYS5860825,D,S,T,2024-10-01,1000000.00,4.082428,102.873046875
08:00:31,912810UC0,TSRYS5860825,D,S,T,2024-10-01,1000000.00,4.082428,102.873046875
08:00:31,912810UC0,TSRYS5860825,D,S,T,2024-10-01,1000000.00,4.082428,102.873046875
08:00:31,912810UC0,TSRYS5860825,D,S,T,2024-10-01,1000000.00,4.08332,102.857421875
08:00:31,912810UC0,TSRYS5860825,D,S,T,2024-10-01,1000000.00,4.079641,102.921875
08:00:31,912810UC0,TSRYS5860825,D,S,T,2024-10-01,1000000.00,4.079641,102.921875
08:00:31,912810UC0,TSRYS5860825,D,S,T,2024-10-01,1000000.00,4.075186,103.0
08:00:31,912810UC0,TSRYS5860825,D,S,T,2024-10-01,1000000.00,4.074296,103.015625
08:00:31,912810UC0,TSRYS5860825,D,S,T,2024-10-01,1000000.00,4.074185,103.017578125
08:00:31,912810UC0,TSRYS5860825,D,S,T,2024-10-01,1000000.00,4.074073,103.01953125
08:00:31,912810UC0,TSRYS5860825,D,S,T,2024-10-01,1000000.00,4.073962,103.021484375
08:00:31,912810UC0,TSRYS5860825,D,S,T,2024-10-01,1000000.00,4.073851,103.0234375
08:00:31,912810UC0,TSRYS5860825,D,S,T,2024-10-01,1000000.00,4.073628,103.02734375
08:00:31,912810UC0,TSRYS5860825,D,S,T,2024-10-01,1000000.00,4.073406,103.03125
08:00:31,912810UC0,TSRYS5860825,D,S,T,2024-10-01,1000000.00,4.073406,103.03125
08:00:31,912810UC0,TSRYS5860825,D,S,T,2024-10-01,1000000.00,4.073406,103.03125
08:00:31,912810UC0,TSRYS5860825,D,S,T,2024-10-01,1000000.00,4.073406,103.03125
08:00:31,912810UC0,TSRYS5860825,D,S,T,2024-10-01,1000000.00,4.073628,103.02734375
08:00:31,912810UC0,TSRYS5860825,D,S,T,2024-10-01,1000000.00,4.075186,103.0
08:00:31,912810UC0,TSRYS5860825,D,S,T,2024-10-01,1000000.00,4.074296,103.015625
08:00:31,912810UC0,TSRYS5860825,D,S,T,2024-10-01,1000000.00,4.07463,103.009765625
08:00:31,912810UC0,TSRYS5860825,D,S,D,2024-10-01,1000000.00,4.075632,102.9921875
08:00:31,912810UC0,TSRYS5860825,D,S,T,2024-10-01,1000000.00,4.077079,102.966796875
08:00:31,912810UC0,TSRYS5860825,D,S,T,2024-10-01,1000000.00,4.077524,102.958984375
08:00:31,912810UC0,TSRYS5860825,D,S,T,2024-10-01,1000000.00,4.077302,102.962890625
08:00:31,912810UC0,TSRYS5860825,D,S,T,2024-10-01,1000000.00,4.078416,102.943359375
08:00:31,912810UC0,TSRYS5860825,D,S,T,2024-10-01,1000000.00,4.07875,102.9375
08:00:31,912810UC0,TSRYS5860825,D,S,T,2024-10-01,1000000.00,4.079084,102.931640625
08:00:31,912810UC0,TSRYS5860825,D,S,T,2024-10-01,1000000.00,4.078861,102.935546875
08:00:31,912810UC0,TSRYS5860825,D,S,T,2024-10-01,1000000.00,4.07875,102.9375
08:00:31,912810UC0,TSRYS5860825,D,S,T,2024-10-01,1000000.00,4.07875,102.9375
08:00:31,912810UC0,TSRYS5860825,D,S,T,2024-10-01,1000000.00,4.07875,102.9375
08:00:31,912810UC0,TSRYS5860825,D,S,T,2024-10-01,1000000.00,4.079641,102.921875
08:00:31,912810UC0,TSRYS5860825,D,S,T,2024-10-01,1000000.00,4.079641,102.921875
08:00:31,912810UC0,TSRYS5860825,D,S,T,2024-10-01,1000000.00,4.079641,102.921875
08:00:31,912810UC0,TSRYS5860825,D,S,T,2024-10-01,1000000.00,4.079641,102.921875
08:00:31,912810UC0,TSRYS5860825,D,S,T,2024-10-01,1000000.00,4.078861,102.935546875
08:00:31,912810UC0,TSRYS5860825,D,S,T,2024-10-01,1000000.00,4.07875,102.9375
08:00:31,912810UC0,TSRYS5860825,D,S,T,2024-10-01,1000000.00,4.079641,102.921875
08:00:31,912810UC0,TSRYS5860825,D,S,T,2024-10-01,1000000.00,4.079641,102.921875
08:00:31,912810UC0,TSRYS5860825,D,S,T,2024-10-01,1000000.00,4.077859,102.953125
08:00:31,912810UC0,TSRYS5860825,D,S,T,2024-10-01,1000000.00,4.077859,102.953125
08:00:31,912810UC0,TSRYS5860825,D,S,T,2024-10-01,1000000.00,4.077859,102.953125
08:00:31,912810UC0,TSRYS5860825,D,S,T,2024-10-01,1000000.00,4.077859,102.953125
08:00:31,912810UC0,TSRYS5860825,D,S,T,2024-10-01,1000000.00,4.076522,102.9765625
08:00:31,912810UC0,TSRYS5860825,D,S,T,2024-10-01,1000000.00,4.076077,102.984375
08:00:31,912810UC0,TSRYS5860825,D,S,T,2024-10-01,1000000.00,4.076077,102.984375
08:00:31,912810UC0,TSRYS5860825,D,S,T,2024-10-01,1000000.00,4.076077,102.984375
08:00:31,912810UC0,TSRYS5860825,D,S,T,2024-10-01,1000000.00,4.076077,102.984375
08:00:31,912810UC0,TSRYS5860825,D,S,T,2024-10-01,1000000.00,4.076077,102.984375
08:00:31,912810UC0,TSRYS5860825,D,S,T,2024-10-01,1000000.00,4.076634,102.974609375
08:00:31,912810UC0,TSRYS5860825,D,S,T,2024-10-01,1000000.00,4.07875,102.9375
08:00:31,912810UC0,TSRYS5860825,D,S,T,2024-10-01,1000000.00,4.076188,102.982421875
08:00:31,912810UC0,TSRYS5860825,D,S,T,2024-10-01,1000000.00,4.076077,102.984375
08:00:31,912810UC0,TSRYS5860825,D,S,T,2024-10-01,1000000.00,4.076077,102.984375
08:00:31,912810UC0,TSRYS5860825,D,S,T,2024-10-01,1000000.00,4.072404,103.048828125
08:00:31,912810UC0,TSRYS5860825,D,S,D,2024-10-01,1000000.00,4.071403,103.06640625
08:00:31,912810UC0,TSRYS5860825,D,S,T,2024-10-01,1000000.00,4.071403,103.06640625
08:00:31,912810UC0,TSRYS5860825,D,S,T,2024-10-01,1000000.00,4.06718,103.140625
08:00:31,912810UC0,TSRYS5860825,D,S,T,2024-10-01,1000000.00,4.06718,103.140625
08:00:31,912810UC0,TSRYS5860825,D,S,T,2024-10-01,1000000.00,4.068958,103.109375
08:00:31,912810UC0,TSRYS5860825,D,S,T,2024-10-01,1000000.00,4.068958,103.109375
08:00:31,912810UC0,TSRYS5860825,D,S,T,2024-10-01,1000000.00,4.068958,103.109375
08:00:31,912810UC0,TSRYS5860825,D,S,T,2024-10-01,1000000.00,4.069069,103.107421875
08:00:31,912810UC0,TSRYS5860825,D,S,T,2024-10-01,1000000.00,4.069847,103.09375
08:00:31,912810UC0,TSRYS5860825,D,S,T,2024-10-01,1000000.00,4.069847,103.09375
08:00:31,912810UC0,TSRYS5860825,D,S,T,2024-10-01,1000000.00,4.070736,103.078125
08:00:31,912810UC0,TSRYS5860825,D,S,T,2024-10-01,1000000.00,4.068068,103.125
08:00:31,912810UC0,TSRYS5860825,D,S,T,2024-10-01,1000000.00,4.070291,103.0859375
08:00:31,912810UC0,TSRYS5860825,D,S,T,2024-10-01,1000000.00,4.070291,103.0859375
08:00:31,912810UC0,TSRYS5860825,D,S,T,2024-10-01,1000000.00,4.070291,103.0859375
08:00:31,912810UC0,TSRYS5860825,D,S,T,2024-10-01,1000000.00,4.070291,103.0859375
08:00:31,912810UC0,TSRYS5860825,D,S,T,2024-10-01,1000000.00,4.069513,103.099609375
08:00:31,912810UC0,TSRYS5860825,D,S,T,2024-10-01,1000000.00,4.070291,103.0859375
08:00:31,912810UC0,TSRYS5860825,D,S,T,2024-10-01,1000000.00,4.070847,103.076171875
08:00:31,912810UC0,TSRYS5860825,D,S,T,2024-10-01,1000000.00,4.072961,103.0390625
08:00:31,912810UC0,TSRYS5860825,D,S,T,2024-10-01,1000000.00,4.072071,103.0546875
08:00:31,912810UC0,TSRYS5860825,D,S,T,2024-10-01,1000000.00,4.071292,103.068359375
08:00:31,912810UC0,TSRYS5860825,D,S,T,2024-10-01,1000000.00,4.069402,103.1015625
08:00:31,912810UC0,TSRYS5860825,D,S,T,2024-10-01,1000000.00,4.069402,103.1015625
08:00:31,912810UC0,TSRYS5860825,D,S,T,2024-10-01,1000000.00,4.069513,103.099609375
08:00:31,912810UC0,TSRYS5860825,D,S,T,2024-10-01,1000000.00,4.069402,103.1015625
08:00:31,912810UC0,TSRYS5860825,D,S,T,2024-10-01,1000000.00,4.069402,103.1015625
08:00:31,912810UC0,TSRYS5860825,D,S,T,2024-10-01,1000000.00,4.070736,103.078125
08:00:31,912810UC0,TSRYS5860825,D,S,T,2024-10-01,1000000.00,4.070736,103.078125
08:00:31,912810UC0,TSRYS5860825,D,S,T,2024-10-01,1000000.00,4.070736,103.078125
08:00:31,912810UC0,TSRYS5860825,D,S,T,2024-10-01,1000000.00,4.066735,103.1484375
08:00:31,912810UC0,TSRYS5860825,D,S,T,2024-10-01,1000000.00,4.066846,103.146484375
08:00:31,912810UC0,TSRYS5860825,D,S,T,2024-10-01,1000000.00,4.067624,103.1328125
08:00:31,912810UC0,TSRYS5860825,D,S,D,2024-10-01,2000000.00,4.06718,103.140625
08:00:31,912810UC0,TSRYS5860825,D,S,T,2024-10-01,1000000.00,4.070291,103.0859375
08:00:31,912810UC0,TSRYS5860825,D,S,T,2024-10-01,1000000.00,4.071181,103.0703125
08:00:31,912810UC0,TSRYS5860825,D,S,T,2024-10-01,1000000.00,4.071181,103.0703125
08:00:31,912810UC0,TSRYS5860825,D,S,T,2024-10-01,1000000.00,4.070403,103.083984375
08:00:31,912810UC0,TSRYS5860825,D,S,T,2024-10-01,1000000.00,4.067291,103.138671875
08:00:31,912810UC0,TSRYS5860825,D,S,T,2024-10-01,1000000.00,4.067291,103.138671875
08:00:31,912810UC0,TSRYS5860825,D,S,T,2024-10-01,1000000.00,4.06718,103.140625
08:00:31,912810UC0,TSRYS5860825,D,S,T,2024-10-01,1000000.00,4.066957,103.14453125
08:00:31,912810UC0,TSRYS5860825,D,S,T,2024-10-01,1000000.00,4.067624,103.1328125
08:00:31,912810UC0,TSRYS5860825,D,S,T,2024-10-01,1000000.00,4.065624,103.16796875
08:00:31,912810UC0,TSRYS5860825,D,S,T,2024-10-01,1000000.00,4.065624,103.16796875
08:00:32,912810UC0,TSRYS5860825,D,S,T,2024-10-01,1000000.00,4.067735,103.130859375
08:00:32,912810UC0,TSRYS5860825,D,S,T,2024-10-01,1000000.00,4.067735,103.130859375
08:00:32,912810UC0,TSRYS5860825,D,S,T,2024-10-01,1000000.00,4.068624,103.115234375
08:00:32,912810UC0,TSRYS5860825,D,S,T,2024-10-01,1000000.00,4.067735,103.130859375
08:00:32,912810UC0,TSRYS5860825,D,S,T,2024-10-01,1000000.00,4.07196,103.056640625
08:00:32,912810UC0,TSRYS5860825,D,S,T,2024-10-01,1000000.00,4.07196,103.056640625
08:00:32,912810UC0,TSRYS5860825,D,S,T,2024-10-01,1000000.00,4.072516,103.046875
08:00:32,912810UC0,TSRYS5860825,D,S,T,2024-10-01,1000000.00,4.071626,103.0625
08:00:32,912810UC0,TSRYS5860825,D,S,D,2024-10-01,1000000.00,4.119049,102.234375
08:00:32,912810UC0,TSRYS5860825,D,S,D,2024-10-01,1000000.00,4.118824,102.23828125
08:00:32,912810UC0,TSRYS5860825,D,S,D,2024-10-01,1000000.00,4.118599,102.2421875
08:00:32,912810UC0,TSRYS5860825,D,S,D,2024-10-01,1000000.00,4.119724,102.22265625
08:00:32,912810UC0,TSRYS5860825,D,S,D,2024-10-01,1000000.00,4.119724,102.22265625
08:00:32,912810UC0,TSRYS5860825,D,S,D,2024-10-01,1000000.00,4.099299,102.578125
08:00:32,912810UC0,TSRYS5860825,D,S,D,2024-10-01,1000000.00,4.099299,102.578125
08:00:32,912810UC0,TSRYS5860825,D,S,D,2024-10-01,1000000.00,4.100642,102.5546875
08:00:32,912810UC0,TSRYS5860825,D,S,D,2024-10-01,1000000.00,4.093034,102.6875
08:00:32,912810UC0,TSRYS5860825,D,S,D,2024-10-01,1000000.00,4.093034,102.6875
08:00:32,912810UC0,TSRYS5860825,D,S,D,2024-10-01,1000000.00,4.09281,102.69140625
08:00:32,912810UC0,TSRYS5860825,D,S,D,2024-10-01,1000000.00,4.092587,102.6953125
08:00:32,912810UC0,TSRYS5860825,D,S,D,2024-10-01,1000000.00,4.088788,102.76171875
08:00:32,912810UC0,TSRYS5860825,D,S,D,2024-10-01,1000000.00,4.088118,102.7734375
08:00:32,912810UC0,TSRYS5860825,D,S,D,2024-10-01,1000000.00,4.088342,102.76953125
08:00:32,912810UC0,TSRYS5860825,D,S,D,2024-10-01,1000000.00,4.080087,102.9140625
08:00:32,912810UC0,TSRYS5860825,D,S,D,2024-10-01,1000000.00,4.074741,103.0078125
08:00:32,912810UC0,TSRYS5860825,D,S,D,2024-10-01,1000000.00,4.074741,103.0078125
08:00:32,912810UC0,TSRYS5860825,D,S,D,2024-10-01,1000000.00,4.074741,103.0078125
08:00:32,912810UC0,TSRYS5860825,D,S,D,2024-10-01,1000000.00,4.074964,103.00390625
08:00:32,912810UC0,TSRYS5860825,D,S,D,2024-10-01,1000000.00,4.074741,103.0078125
08:00:32,912810UC0,TSRYS5860825,D,S,D,2024-10-01,1000000.00,4.074741,103.0078125
08:00:32,912810UC0,TSRYS5860825,D,S,D,2024-10-01,1000000.00,4.074296,103.015625
08:00:32,912810UC0,TSRYS5860825,D,S,D,2024-10-01,1000000.00,4.073628,103.02734375
08:00:32,912810UC0,TSRYS5860825,D,S,D,2024-10-01,1000000.00,4.075186,103.0
08:00:32,912810UC0,TSRYS5860825,D,S,D,2024-10-01,1000000.00,4.0763,102.98046875
08:00:32,912810UC0,TSRYS5860825,D,S,D,2024-10-01,1000000.00,4.076968,102.96875
08:00:32,912810UC0,TSRYS5860825,D,S,D,2024-10-01,1000000.00,4.077413,102.9609375
08:00:32,912810UC0,TSRYS5860825,D,S,D,2024-10-01,1000000.00,4.078527,102.94140625
08:00:32,912810UC0,TSRYS5860825,D,S,D,2024-10-01,1000000.00,4.076077,102.984375
08:00:32,912810UC0,TSRYS5860825,D,S,D,2024-10-01,1000000.00,4.071626,103.0625
08:00:32,912810UC0,TSRYS5860825,D,S,D,2024-10-01,1000000.00,4.06718,103.140625
08:00:32,912810UC0,TSRYS5860825,D,S,D,2024-10-01,1000000.00,4.070514,103.08203125
08:00:32,912810UC0,TSRYS5860825,D,S,D,2024-10-01,1000000.00,4.070514,103.08203125
08:00:32,912810UC0,TSRYS5860825,D,S,D,2024-10-01,1000000.00,4.070291,103.0859375
08:00:32,912810UC0,TSRYS5860825,D,S,D,2024-10-01,1000000.00,4.070736,103.078125
08:00:32,912810UC0,TSRYS5860825,D,S,D,2024-10-01,1000000.00,4.070291,103.0859375
08:00:32,912810UC0,TSRYS5860825,D,S,D,2024-10-01,1000000.00,4.070291,103.0859375
08:00:32,912810UC0,TSRYS5860825,D,S,D,2024-10-01,1000000.00,4.070291,103.0859375
08:00:32,912810UC0,TSRYS5860825,D,S,D,2024-10-01,1000000.00,4.069624,103.09765625
08:00:32,912810UC0,TSRYS5860825,D,B,A,2024-10-01,250000.00,4.076968,102.96875
08:00:32,912810UC0,TSRYS5860825,D,S,D,2024-10-01,1000000.00,4.070291,103.0859375
08:00:32,912810UC0,TSRYS5860825,D,S,D,2024-10-01,1000000.00,4.070291,103.0859375
08:00:32,912810UC0,TSRYS5860825,D,S,D,2024-10-01,1000000.00,4.072071,103.0546875
08:00:32,912810UC0,TSRYS5860825,D,S,D,2024-10-01,1000000.00,4.070736,103.078125
08:00:32,912810UC0,TSRYS5860825,D,S,D,2024-10-01,1000000.00,4.070959,103.07421875
08:00:32,912810UC0,TSRYS5860825,D,S,D,2024-10-01,1000000.00,4.068958,103.109375
08:00:32,912810UC0,TSRYS5860825,D,S,D,2024-10-01,1000000.00,4.070291,103.0859375
08:00:32,912810UC0,TSRYS5860825,D,S,D,2024-10-01,1000000.00,4.070291,103.0859375
08:00:32,912810UC0,TSRYS5860825,D,S,D,2024-10-01,1000000.00,4.070514,103.08203125
08:00:32,912810UC0,TSRYS5860825,D,S,D,2024-10-01,1000000.00,4.070069,103.08984375
08:00:32,912810UC0,TSRYS5860825,D,S,D,2024-10-01,1000000.00,4.069624,103.09765625
08:00:32,912810UC0,TSRYS5860825,D,S,D,2024-10-01,1000000.00,4.070514,103.08203125
08:00:32,912810UC0,TSRYS5860825,D,S,D,2024-10-01,1000000.00,4.070291,103.0859375
08:00:32,912810UC0,TSRYS5860825,D,S,D,2024-10-01,1000000.00,4.072071,103.0546875
08:00:32,912810UC0,TSRYS5860825,D,S,D,2024-10-01,1000000.00,4.070291,103.0859375
08:00:32,912810UC0,TSRYS5860825,D,S,D,2024-10-01,1000000.00,4.069402,103.1015625
08:00:32,912810UC0,TSRYS5860825,D,S,D,2024-10-01,1000000.00,4.067846,103.12890625
08:00:32,912810UC0,TSRYS5860825,D,S,D,2024-10-01,1000000.00,4.068068,103.125
08:00:32,912810UC0,TSRYS5860825,D,S,D,2024-10-01,1000000.00,4.068513,103.1171875
08:00:32,912810UC0,TSRYS5860825,D,S,D,2024-10-01,1000000.00,4.068735,103.11328125
08:00:32,912810UC0,TSRYS5860825,D,S,D,2024-10-01,1000000.00,4.067624,103.1328125
08:00:32,912810UC0,TSRYS5860825,D,S,D,2024-10-01,1000000.00,4.067402,103.13671875
08:00:32,912810UC0,TSRYS5860825,D,S,D,2024-10-01,1000000.00,4.107255,102.439453125
08:00:32,912810UC0,TSRYS5860825,D,S,D,2024-10-01,1000000.00,4.107367,102.4375
08:00:32,912810UC0,TSRYS5860825,D,S,D,2024-10-01,1000000.00,4.107704,102.431640625
08:00:32,912810UC0,TSRYS5860825,D,S,D,2024-10-01,1000000.00,4.107704,102.431640625
08:00:32,912810UC0,TSRYS5860825,D,S,D,2024-10-01,1000000.00,4.105573,102.46875
08:00:32,912810UC0,TSRYS5860825,D,S,D,2024-10-01,1000000.00,4.105573,102.46875
08:00:32,912810UC0,TSRYS5860825,D,S,D,2024-10-01,1000000.00,4.109836,102.39453125
08:00:32,912810UC0,TSRYS5860825,D,S,D,2024-10-01,1000000.00,4.110285,102.38671875
08:00:32,912810UC0,TSRYS5860825,D,S,D,2024-10-01,1000000.00,4.110285,102.38671875
08:00:32,912810UC0,TSRYS5860825,D,S,D,2024-10-01,1000000.00,4.111744,102.361328125
08:00:32,912810UC0,TSRYS5860825,D,S,D,2024-10-01,1000000.00,4.111744,102.361328125
08:00:32,912810UC0,TSRYS5860825,D,S,D,2024-10-01,1000000.00,4.11006,102.390625
08:00:32,912810UC0,TSRYS5860825,D,S,D,2024-10-01,1000000.00,4.11006,102.390625
08:00:32,912810UC0,TSRYS5860825,D,S,D,2024-10-01,1000000.00,4.115226,102.30078125
08:00:32,912810UC0,TSRYS5860825,D,S,D,2024-10-01,1000000.00,4.115226,102.30078125
08:00:32,912810UC0,TSRYS5860825,D,S,D,2024-10-01,1000000.00,4.11635,102.28125
08:00:32,912810UC0,TSRYS5860825,D,S,D,2024-10-01,1000000.00,4.115451,102.296875
08:00:32,912810UC0,TSRYS5860825,D,S,D,2024-10-01,1000000.00,4.119049,102.234375
08:00:32,912810UC0,TSRYS5860825,D,S,D,2024-10-01,1000000.00,4.118824,102.23828125
08:00:32,912810UC0,TSRYS5860825,D,S,D,2024-10-01,1000000.00,4.118824,102.23828125
08:00:32,912810UC0,TSRYS5860825,D,S,D,2024-10-01,1000000.00,4.118937,102.236328125
08:00:32,912810UC0,TSRYS5860825,D,S,D,2024-10-01,1000000.00,4.119049,102.234375
08:00:32,912810UC0,TSRYS5860825,D,S,D,2024-10-01,1000000.00,4.118149,102.25
08:00:32,912810UC0,TSRYS5860825,D,S,D,2024-10-01,1000000.00,4.118037,102.251953125
08:00:32,912810UC0,TSRYS5860825,D,S,D,2024-10-01,1000000.00,4.118037,102.251953125
08:00:32,912810UC0,TSRYS5860825,D,S,D,2024-10-01,1000000.00,4.118599,102.2421875
08:00:32,912810UC0,TSRYS5860825,D,S,D,2024-10-01,1000000.00,4.118487,102.244140625
08:00:32,912810UC0,TSRYS5860825,D,S,D,2024-10-01,1000000.00,4.118487,102.244140625
08:00:32,912810UC0,TSRYS5860825,D,S,D,2024-10-01,1000000.00,4.118487,102.244140625
08:00:32,912810UC0,TSRYS5860825,D,S,D,2024-10-01,1000000.00,4.118937,102.236328125
08:00:32,912810UC0,TSRYS5860825,D,S,D,2024-10-01,1000000.00,4.119049,102.234375
08:00:32,912810UC0,TSRYS5860825,D,S,D,2024-10-01,1000000.00,4.119049,102.234375
08:00:32,912810UC0,TSRYS5860825,D,S,D,2024-10-01,1000000.00,4.119049,102.234375
08:00:32,912810UC0,TSRYS5860825,D,S,D,2024-10-01,1000000.00,4.119049,102.234375
08:00:32,912810UC0,TSRYS5860825,D,S,D,2024-10-01,1000000.00,4.119049,102.234375
08:00:32,912810UC0,TSRYS5860825,D,S,D,2024-10-01,1000000.00,4.113092,102.337890625
08:00:32,912810UC0,TSRYS5860825,D,S,D,2024-10-01,1000000.00,4.111744,102.361328125
08:00:32,912810UC0,TSRYS5860825,D,S,D,2024-10-01,1000000.00,4.111744,102.361328125
08:00:32,912810UC0,TSRYS5860825,D,S,D,2024-10-01,1000000.00,4.110285,102.38671875
08:00:32,912810UC0,TSRYS5860825,D,S,D,2024-10-01,1000000.00,4.110621,102.380859375
08:00:32,912810UC0,TSRYS5860825,D,S,D,2024-10-01,1000000.00,4.110621,102.380859375
08:00:32,912810UC0,TSRYS5860825,D,S,D,2024-10-01,1000000.00,4.110285,102.38671875
08:00:32,912810UC0,TSRYS5860825,D,S,D,2024-10-01,1000000.00,4.105012,102.478515625
08:00:32,912810UC0,TSRYS5860825,D,S,D,2024-10-01,1000000.00,4.099299,102.578125
08:00:32,912810UC0,TSRYS5860825,D,S,D,2024-10-01,1000000.00,4.099299,102.578125
08:00:32,912810UC0,TSRYS5860825,D,S,D,2024-10-01,1000000.00,4.099187,102.580078125
08:00:32,912810UC0,TSRYS5860825,D,S,D,2024-10-01,1000000.00,4.099187,102.580078125
08:00:32,912810UC0,TSRYS5860825,D,S,D,2024-10-01,1000000.00,4.099187,102.580078125
08:00:32,912810UC0,TSRYS5860825,D,S,D,2024-10-01,1000000.00,4.099187,102.580078125
08:00:32,912810UC0,TSRYS5860825,D,S,D,2024-10-01,1000000.00,4.096613,102.625
08:00:32,912810UC0,TSRYS5860825,D,S,D,2024-10-01,1000000.00,4.096613,102.625
08:00:32,912810UC0,TSRYS5860825,D,S,D,2024-10-01,1000000.00,4.096613,102.625
08:00:32,912810UC0,TSRYS5860825,D,S,D,2024-10-01,1000000.00,4.09527,102.6484375
08:00:32,912810UC0,TSRYS5860825,D,S,D,2024-10-01,1000000.00,4.09527,102.6484375
08:00:32,912810UC0,TSRYS5860825,D,S,D,2024-10-01,1000000.00,4.095159,102.650390625
08:00:32,912810UC0,TSRYS5860825,D,S,D,2024-10-01,1000000.00,4.095159,102.650390625
08:00:32,912810UC0,TSRYS5860825,D,S,D,2024-10-01,1000000.00,4.098851,102.5859375
08:00:32,912810UC0,TSRYS5860825,D,S,D,2024-10-01,1000000.00,4.098851,102.5859375
08:00:32,912810UC0,TSRYS5860825,D,S,D,2024-10-01,1000000.00,4.098851,102.5859375
08:00:32,912810UC0,TSRYS5860825,D,S,D,2024-10-01,1000000.00,4.099187,102.580078125
08:00:32,912810UC0,TSRYS5860825,D,S,D,2024-10-01,1000000.00,4.098851,102.5859375
08:00:32,912810UC0,TSRYS5860825,D,S,D,2024-10-01,1000000.00,4.099187,102.580078125
08:00:32,912810UC0,TSRYS5860825,D,S,D,2024-10-01,1000000.00,4.099187,102.580078125
08:00:32,912810UC0,TSRYS5860825,D,S,D,2024-10-01,1000000.00,4.099187,102.580078125
08:00:32,912810UC0,TSRYS5860825,D,S,D,2024-10-01,1000000.00,4.099187,102.580078125
08:00:32,912810UC0,TSRYS5860825,D,S,D,2024-10-01,1000000.00,4.099187,102.580078125
08:00:32,912810UC0,TSRYS5860825,D,S,D,2024-10-01,1000000.00,4.099187,102.580078125
08:00:32,912810UC0,TSRYS5860825,D,S,D,2024-10-01,1000000.00,4.098963,102.583984375
08:00:32,912810UC0,TSRYS5860825,D,S,D,2024-10-01,1000000.00,4.099299,102.578125
08:00:32,912810UC0,TSRYS5860825,D,S,D,2024-10-01,1000000.00,4.098403,102.59375
08:00:32,912810UC0,TSRYS5860825,D,S,D,2024-10-01,1000000.00,4.09706,102.6171875
08:00:32,912810UC0,TSRYS5860825,D,S,D,2024-10-01,1000000.00,4.097508,102.609375
08:00:32,912810UC0,TSRYS5860825,D,S,D,2024-10-01,1000000.00,4.097396,102.611328125
08:00:32,912810UC0,TSRYS5860825,D,S,D,2024-10-01,1000000.00,4.097284,102.61328125
08:00:32,912810UC0,TSRYS5860825,D,S,D,2024-10-01,1000000.00,4.09706,102.6171875
08:00:32,912810UC0,TSRYS5860825,D,S,D,2024-10-01,1000000.00,4.09706,102.6171875
08:00:32,912810UC0,TSRYS5860825,D,S,D,2024-10-01,1000000.00,4.097172,102.615234375
08:00:32,912810UC0,TSRYS5860825,D,S,D,2024-10-01,1000000.00,4.096836,102.62109375
08:00:32,912810UC0,TSRYS5860825,D,S,D,2024-10-01,1000000.00,4.096836,102.62109375
08:00:32,912810UC0,TSRYS5860825,D,S,D,2024-10-01,1000000.00,4.090799,102.7265625
08:00:32,912810UC0,TSRYS5860825,D,S,D,2024-10-01,1000000.00,4.090799,102.7265625
08:00:32,912810UC0,TSRYS5860825,D,S,D,2024-10-01,1000000.00,4.088007,102.775390625
08:00:32,912810UC0,TSRYS5860825,D,S,D,2024-10-01,1000000.00,4.088007,102.775390625
08:00:32,912810UC0,TSRYS5860825,D,S,D,2024-10-01,1000000.00,4.088007,102.775390625
08:00:32,912810UC0,TSRYS5860825,D,S,D,2024-10-01,1000000.00,4.087672,102.78125
08:00:32,912810UC0,TSRYS5860825,D,S,D,2024-10-01,1000000.00,4.087783,102.779296875
08:00:32,912810UC0,TSRYS5860825,D,S,D,2024-10-01,1000000.00,4.088007,102.775390625
08:00:32,912810UC0,TSRYS5860825,D,S,D,2024-10-01,1000000.00,4.089235,102.75390625
08:00:32,912810UC0,TSRYS5860825,D,S,D,2024-10-01,1000000.00,4.079307,102.927734375
08:00:32,912810UC0,TSRYS5860825,D,S,D,2024-10-01,1000000.00,4.080087,102.9140625
08:00:32,912810UC0,TSRYS5860825,D,S,D,2024-10-01,1000000.00,4.080087,102.9140625
08:00:32,912810UC0,TSRYS5860825,D,S,D,2024-10-01,1000000.00,4.079307,102.927734375
08:00:32,912810UC0,TSRYS5860825,D,S,D,2024-10-01,1000000.00,4.074852,103.005859375
08:00:32,912810UC0,TSRYS5860825,D,S,D,2024-10-01,1000000.00,4.075186,103.0
08:00:32,912810UC0,TSRYS5860825,D,S,D,2024-10-01,1000000.00,4.075186,103.0
08:00:32,912810UC0,TSRYS5860825,D,S,D,2024-10-01,1000000.00,4.07463,103.009765625
08:00:32,912810UC0,TSRYS5860825,D,S,D,2024-10-01,1000000.00,4.075186,103.0
08:00:32,912810UC0,TSRYS5860825,D,S,D,2024-10-01,1000000.00,4.075186,103.0
08:00:32,912810UC0,TSRYS5860825,D,S,D,2024-10-01,1000000.00,4.075632,102.9921875
08:00:32,912810UC0,TSRYS5860825,D,S,D,2024-10-01,1000000.00,4.075743,102.990234375
08:00:32,912810UC0,TSRYS5860825,D,S,D,2024-10-01,1000000.00,4.076522,102.9765625
08:00:32,912810UC0,TSRYS5860825,D,S,D,2024-10-01,1000000.00,4.076411,102.978515625
08:00:32,912810UC0,TSRYS5860825,D,S,D,2024-10-01,1000000.00,4.075966,102.986328125
08:00:32,912810UC0,TSRYS5860825,D,S,D,2024-10-01,1000000.00,4.075854,102.98828125
08:00:32,912810UC0,TSRYS5860825,D,S,D,2024-10-01,1000000.00,4.076188,102.982421875
08:00:32,912810UC0,TSRYS5860825,D,S,D,2024-10-01,1000000.00,4.076188,102.982421875
08:00:32,912810UC0,TSRYS5860825,D,S,D,2024-10-01,1000000.00,4.076188,102.982421875
08:00:32,912810UC0,TSRYS5860825,D,S,D,2024-10-01,1000000.00,4.076745,102.97265625
08:00:32,912810UC0,TSRYS5860825,D,S,D,2024-10-01,1000000.00,4.076745,102.97265625
08:00:32,912810UC0,TSRYS5860825,D,S,D,2024-10-01,1000000.00,4.076745,102.97265625
08:00:32,912810UC0,TSRYS5860825,D,S,D,2024-10-01,1000000.00,4.075075,103.001953125
08:00:32,912810UC0,TSRYS5860825,D,S,D,2024-10-01,1000000.00,4.076077,102.984375
08:00:32,912810UC0,TSRYS5860825,D,S,D,2024-10-01,1000000.00,4.076188,102.982421875
08:00:32,912810UC0,TSRYS5860825,D,S,D,2024-10-01,1000000.00,4.0763,102.98046875
08:00:32,912810UC0,TSRYS5860825,D,S,D,2024-10-01,1000000.00,4.078527,102.94140625
08:00:32,912810UC0,TSRYS5860825,D,S,D,2024-10-01,1000000.00,4.078527,102.94140625
08:00:32,912810UC0,TSRYS5860825,D,S,D,2024-10-01,1000000.00,4.078527,102.94140625
08:00:32,912810UC0,TSRYS5860825,D,S,D,2024-10-01,1000000.00,4.077636,102.95703125
08:00:32,912810UC0,TSRYS5860825,D,S,D,2024-10-01,1000000.00,4.077636,102.95703125
08:00:32,912810UC0,TSRYS5860825,D,S,D,2024-10-01,1000000.00,4.078861,102.935546875
08:00:32,912810UC0,TSRYS5860825,D,S,D,2024-10-01,1000000.00,4.094823,102.65625
08:00:32,912810UC0,TSRYS5860825,D,S,D,2024-10-01,1000000.00,4.072182,103.052734375
08:00:32,912810UC0,TSRYS5860825,D,S,D,2024-10-01,1000000.00,4.072182,103.052734375
08:00:32,912810UC0,TSRYS5860825,D,S,D,2024-10-01,1000000.00,4.070069,103.08984375
08:00:32,912810UC0,TSRYS5860825,D,S,D,2024-10-01,1000000.00,4.069402,103.1015625
08:00:32,912810UC0,TSRYS5860825,D,S,D,2024-10-01,1000000.00,4.069624,103.09765625
08:00:32,912810UC0,TSRYS5860825,D,S,D,2024-10-01,1000000.00,4.069624,103.09765625
08:00:32,912810UC0,TSRYS5860825,D,S,D,2024-10-01,1000000.00,4.069736,103.095703125
08:00:32,912810UC0,TSRYS5860825,D,S,D,2024-10-01,1000000.00,4.069736,103.095703125
08:00:32,912810UC0,TSRYS5860825,D,S,D,2024-10-01,1000000.00,4.069736,103.095703125
08:00:32,912810UC0,TSRYS5860825,D,S,D,2024-10-01,1000000.00,4.069513,103.099609375
08:00:32,912810UC0,TSRYS5860825,D,S,D,2024-10-01,1000000.00,4.069513,103.099609375
08:00:32,912810UC0,TSRYS5860825,D,S,D,2024-10-01,1000000.00,4.067846,103.12890625
08:00:32,912810UC0,TSRYS5860825,D,S,D,2024-10-01,1000000.00,4.070403,103.083984375
08:00:32,912810UC0,TSRYS5860825,D,S,D,2024-10-01,1000000.00,4.070514,103.08203125
08:00:32,912810UC0,TSRYS5860825,D,S,D,2024-10-01,1000000.00,4.070291,103.0859375
08:00:32,912810UC0,TSRYS5860825,D,S,D,2024-10-01,1000000.00,4.072071,103.0546875
08:00:32,912810UC0,TSRYS5860825,D,S,D,2024-10-01,1000000.00,4.070736,103.078125
08:00:32,912810UC0,TSRYS5860825,D,S,D,2024-10-01,1000000.00,4.070291,103.0859375
08:00:32,912810UC0,TSRYS5860825,D,S,D,2024-10-01,1000000.00,4.070069,103.08984375
08:00:32,912810UC0,TSRYS5860825,D,S,D,2024-10-01,1000000.00,4.070959,103.07421875
08:00:32,912810UC0,TSRYS5860825,D,S,D,2024-10-01,1000000.00,4.071292,103.068359375
08:00:32,912810UC0,TSRYS5860825,D,S,D,2024-10-01,1000000.00,4.070736,103.078125
08:00:32,912810UC0,TSRYS5860825,D,S,D,2024-10-01,1000000.00,4.070514,103.08203125
08:00:32,912810UC0,TSRYS5860825,D,S,T,2024-10-01,1000000.00,4.094823,102.65625
08:00:32,912810UC0,TSRYS5860825,D,S,D,2024-10-01,1000000.00,4.069624,103.09765625
08:00:32,912810UC0,TSRYS5860825,D,S,D,2024-10-01,1000000.00,4.068402,103.119140625
08:00:32,912810UC0,TSRYS5860825,D,S,D,2024-10-01,1000000.00,4.068402,103.119140625
08:00:32,912810UC0,TSRYS5860825,D,S,D,2024-10-01,1000000.00,4.068402,103.119140625
08:00:32,912810UC0,TSRYS5860825,D,S,D,2024-10-01,1000000.00,4.068291,103.12109375
08:00:32,912810UC0,TSRYS5860825,D,S,D,2024-10-01,1000000.00,4.068958,103.109375
08:00:32,912810UC0,TSRYS5860825,D,S,D,2024-10-01,1000000.00,4.067513,103.134765625
08:00:32,912810UC0,TSRYS5860825,D,S,D,2024-10-01,1000000.00,4.067291,103.138671875
08:00:32,912810UC0,TSRYS5860825,D,S,D,2024-10-01,1000000.00,4.067513,103.134765625
08:00:32,912810UC0,TSRYS5860825,D,S,D,2024-10-01,1000000.00,4.06818,103.123046875
08:00:32,912810UC0,TSRYS5860825,D,S,D,2024-10-01,1000000.00,4.069402,103.1015625
08:00:32,912810UC0,TSRYS5860825,D,S,D,2024-10-01,1000000.00,4.069291,103.103515625
08:00:32,912810UC0,TSRYS5860825,D,S,D,2024-10-01,1000000.00,4.069402,103.1015625
08:00:32,912810UC0,TSRYS5860825,D,S,D,2024-10-01,1000000.00,4.069402,103.1015625
08:00:32,912810UC0,TSRYS5860825,D,S,D,2024-10-01,1000000.00,4.069291,103.103515625
08:00:32,912810UC0,TSRYS5860825,D,S,D,2024-10-01,1000000.00,4.06918,103.10546875
08:00:32,912810UC0,TSRYS5860825,D,S,D,2024-10-01,1000000.00,4.069291,103.103515625
08:00:32,912810UC0,TSRYS5860825,D,S,T,2024-10-01,1000000.00,4.106358,102.455078125
08:00:32,912810UC0,TSRYS5860825,D,S,T,2024-10-01,1000000.00,4.106358,102.455078125
08:00:32,912810UC0,TSRYS5860825,D,S,T,2024-10-01,1000000.00,4.108265,102.421875
08:00:32,912810UC0,TSRYS5860825,D,S,T,2024-10-01,1000000.00,4.110285,102.38671875
08:00:32,912810UC0,TSRYS5860825,D,S,T,2024-10-01,1000000.00,4.11006,102.390625
08:00:32,912810UC0,TSRYS5860825,D,S,T,2024-10-01,1000000.00,4.119049,102.234375
08:00:32,912810UC0,TSRYS5860825,D,S,T,2024-10-01,1000000.00,4.118937,102.236328125
08:00:32,912810UC0,TSRYS5860825,D,S,T,2024-10-01,1000000.00,4.119049,102.234375
08:00:32,912810UC0,TSRYS5860825,D,S,T,2024-10-01,1000000.00,4.119049,102.234375
08:00:32,912810UC0,TSRYS5860825,D,S,T,2024-10-01,1000000.00,4.118937,102.236328125
08:00:32,912810UC0,TSRYS5860825,D,S,T,2024-10-01,1000000.00,4.118712,102.240234375
08:00:32,912810UC0,TSRYS5860825,D,S,T,2024-10-01,1000000.00,4.118487,102.244140625
08:00:33,912810UC0,TSRYS5860825,D,S,T,2024-10-01,2000000.00,4.099971,102.56640625
08:00:33,912810UC0,TSRYS5860825,D,S,T,2024-10-01,1000000.00,4.099299,102.578125
08:00:33,912810UC0,TSRYS5860825,D,S,T,2024-10-01,1000000.00,4.099187,102.580078125
08:00:33,912810UC0,TSRYS5860825,D,S,T,2024-10-01,1000000.00,4.099187,102.580078125
08:00:33,912810UC0,TSRYS5860825,D,S,T,2024-10-01,2000000.00,4.098291,102.595703125
08:00:33,912810UC0,TSRYS5860825,D,S,T,2024-10-01,1000000.00,4.09762,102.607421875
08:00:33,912810UC0,TSRYS5860825,D,S,T,2024-10-01,1000000.00,4.096613,102.625
08:00:33,912810UC0,TSRYS5860825,D,S,D,2024-10-01,1000000.00,4.095494,102.64453125
08:00:33,912810UC0,TSRYS5860825,D,S,T,2024-10-01,1000000.00,4.095494,102.64453125
08:00:33,912810UC0,TSRYS5860825,D,S,D,2024-10-01,1000000.00,4.095494,102.64453125
08:00:33,912810UC0,TSRYS5860825,D,S,D,2024-10-01,1000000.00,4.095494,102.64453125
08:00:33,912810UC0,TSRYS5860825,D,S,D,2024-10-01,1000000.00,4.095494,102.64453125
08:00:33,912810UC0,TSRYS5860825,D,S,D,2024-10-01,1000000.00,4.095494,102.64453125
08:00:33,912810UC0,TSRYS5860825,D,S,D,2024-10-01,1000000.00,4.09706,102.6171875
08:00:33,912810UC0,TSRYS5860825,D,S,D,2024-10-01,1000000.00,4.100642,102.5546875
08:00:33,912810UC0,TSRYS5860825,D,S,D,2024-10-01,1000000.00,4.096613,102.625
08:00:33,912810UC0,TSRYS5860825,D,S,D,2024-10-01,1000000.00,4.096613,102.625
08:00:33,912810UC0,TSRYS5860825,D,S,D,2024-10-01,1000000.00,4.096613,102.625
08:00:33,912810UC0,TSRYS5860825,D,S,T,2024-10-01,1000000.00,4.095047,102.65234375
08:00:33,912810UC0,TSRYS5860825,D,S,D,2024-10-01,1000000.00,4.095047,102.65234375
08:00:33,912810UC0,TSRYS5860825,D,S,T,2024-10-01,1000000.00,4.099187,102.580078125
08:00:33,912810UC0,TSRYS5860825,D,S,T,2024-10-01,1000000.00,4.098179,102.59765625
08:00:33,912810UC0,TSRYS5860825,D,S,T,2024-10-01,1000000.00,4.097956,102.6015625
08:00:33,912810UC0,TSRYS5860825,D,S,T,2024-10-01,1000000.00,4.09762,102.607421875
08:00:33,912810UC0,TSRYS5860825,D,S,T,2024-10-01,1000000.00,4.095159,102.650390625
08:00:33,912810UC0,TSRYS5860825,D,S,T,2024-10-01,1000000.00,4.095047,102.65234375
08:00:33,912810UC0,TSRYS5860825,D,S,T,2024-10-01,1000000.00,4.092587,102.6953125
08:00:33,912810UC0,TSRYS5860825,D,S,T,2024-10-01,1000000.00,4.082428,102.873046875
08:00:33,912810UC0,TSRYS5860825,D,S,T,2024-10-01,1000000.00,4.082428,102.873046875
08:00:33,912810UC0,TSRYS5860825,D,S,T,2024-10-01,1000000.00,4.082428,102.873046875
08:00:33,912810UC0,TSRYS5860825,D,S,T,2024-10-01,1000000.00,4.082428,102.873046875
08:00:33,912810UC0,TSRYS5860825,D,S,D,2024-10-01,1000000.00,4.079864,102.91796875
08:00:33,912810UC0,TSRYS5860825,D,S,D,2024-10-01,1000000.00,4.079864,102.91796875
08:00:33,912810UC0,TSRYS5860825,D,S,T,2024-10-01,1000000.00,4.080421,102.908203125
08:00:33,912810UC0,TSRYS5860825,D,S,D,2024-10-01,1000000.00,4.079864,102.91796875
08:00:33,912810UC0,TSRYS5860825,D,S,D,2024-10-01,1000000.00,4.074296,103.015625
08:00:33,912810UC0,TSRYS5860825,D,S,T,2024-10-01,2000000.00,4.073628,103.02734375
08:00:33,912810UC0,TSRYS5860825,D,S,T,2024-10-01,1000000.00,4.075186,103.0
08:00:33,912810UC0,TSRYS5860825,D,S,D,2024-10-01,1000000.00,4.075632,102.9921875
08:00:33,912810UC0,TSRYS5860825,D,S,T,2024-10-01,1000000.00,4.07552,102.994140625
08:00:33,912810UC0,TSRYS5860825,D,S,T,2024-10-01,1000000.00,4.076188,102.982421875
08:00:33,912810UC0,TSRYS5860825,D,S,T,2024-10-01,1000000.00,4.076188,102.982421875
08:00:33,912810UC0,TSRYS5860825,D,S,T,2024-10-01,1000000.00,4.077747,102.955078125
08:00:33,912810UC0,TSRYS5860825,D,S,T,2024-10-01,1000000.00,4.077636,102.95703125
08:00:33,912810UC0,TSRYS5860825,D,S,T,2024-10-01,1000000.00,4.078527,102.94140625
08:00:33,912810UC0,TSRYS5860825,D,S,T,2024-10-01,1000000.00,4.078527,102.94140625
08:00:33,912810UC0,TSRYS5860825,D,S,T,2024-10-01,1000000.00,4.076077,102.984375
08:00:33,912810UC0,TSRYS5860825,D,S,T,2024-10-01,1000000.00,4.075966,102.986328125
08:00:33,912810UC0,TSRYS5860825,D,S,T,2024-10-01,1000000.00,4.075854,102.98828125
08:00:33,912810UC0,TSRYS5860825,D,S,T,2024-10-01,1000000.00,4.076077,102.984375
08:00:33,912810UC0,TSRYS5860825,D,S,T,2024-10-01,1000000.00,4.075743,102.990234375
08:00:33,912810UC0,TSRYS5860825,D,S,T,2024-10-01,1000000.00,4.075632,102.9921875
08:00:33,912810UC0,TSRYS5860825,D,S,D,2024-10-01,1000000.00,4.075632,102.9921875
08:00:33,912810UC0,TSRYS5860825,D,S,D,2024-10-01,1000000.00,4.075632,102.9921875
08:00:33,912810UC0,TSRYS5860825,D,S,D,2024-10-01,1000000.00,4.075632,102.9921875
08:00:33,912810UC0,TSRYS5860825,D,S,D,2024-10-01,1000000.00,4.075632,102.9921875
08:00:33,912810UC0,TSRYS5860825,D,S,D,2024-10-01,1000000.00,4.07719,102.96484375
08:00:33,912810UC0,TSRYS5860825,D,S,D,2024-10-01,1000000.00,4.076077,102.984375
08:00:33,912810UC0,TSRYS5860825,D,S,D,2024-10-01,1000000.00,4.075632,102.9921875
08:00:33,912810UC0,TSRYS5860825,D,S,T,2024-10-01,1000000.00,4.071737,103.060546875
08:00:33,912810UC0,TSRYS5860825,D,S,T,2024-10-01,1000000.00,4.071737,103.060546875
08:00:33,912810UC0,TSRYS5860825,D,S,T,2024-10-01,1000000.00,4.071626,103.0625
08:00:33,912810UC0,TSRYS5860825,D,S,D,2024-10-01,1000000.00,4.071403,103.06640625
08:00:33,912810UC0,TSRYS5860825,D,S,D,2024-10-01,1000000.00,4.071403,103.06640625
08:00:33,912810UC0,TSRYS5860825,D,S,D,2024-10-01,1000000.00,4.071403,103.06640625
08:00:33,912810UC0,TSRYS5860825,D,S,D,2024-10-01,1000000.00,4.06718,103.140625
08:00:33,912810UC0,TSRYS5860825,D,S,D,2024-10-01,1000000.00,4.068735,103.11328125
08:00:33,912810UC0,TSRYS5860825,D,S,D,2024-10-01,1000000.00,4.068735,103.11328125
08:00:33,912810UC0,TSRYS5860825,D,S,D,2024-10-01,1000000.00,4.068735,103.11328125
08:00:33,912810UC0,TSRYS5860825,D,S,D,2024-10-01,1000000.00,4.068735,103.11328125
08:00:33,912810UC0,TSRYS5860825,D,S,D,2024-10-01,1000000.00,4.068735,103.11328125
08:00:33,912810UC0,TSRYS5860825,D,S,D,2024-10-01,1000000.00,4.070069,103.08984375
08:00:33,912810UC0,TSRYS5860825,D,S,T,2024-10-01,1000000.00,4.07107,103.072265625
08:00:33,912810UC0,TSRYS5860825,D,S,D,2024-10-01,1000000.00,4.072961,103.0390625
08:00:33,912810UC0,TSRYS5860825,D,S,T,2024-10-01,1000000.00,4.070069,103.08984375
08:00:33,912810UC0,TSRYS5860825,D,S,T,2024-10-01,1000000.00,4.070514,103.08203125
08:00:33,912810UC0,TSRYS5860825,D,S,D,2024-10-01,1000000.00,4.070069,103.08984375
08:00:33,912810UC0,TSRYS5860825,D,S,D,2024-10-01,1000000.00,4.071403,103.06640625
08:00:33,912810UC0,TSRYS5860825,D,S,T,2024-10-01,1000000.00,4.069513,103.099609375
08:00:33,912810UC0,TSRYS5860825,D,S,T,2024-10-01,1000000.00,4.067846,103.12890625
08:00:33,912810UC0,TSRYS5860825,D,S,T,2024-10-01,1000000.00,4.07018,103.087890625
08:00:33,912810UC0,TSRYS5860825,D,S,T,2024-10-01,1000000.00,4.07018,103.087890625
08:00:33,912810UC0,TSRYS5860825,D,S,T,2024-10-01,1000000.00,4.069402,103.1015625
08:00:33,912810UC0,TSRYS5860825,D,S,T,2024-10-01,1000000.00,4.069402,103.1015625
08:00:33,912810UC0,TSRYS5860825,D,S,T,2024-10-01,1000000.00,4.070291,103.0859375
08:00:33,912810UC0,TSRYS5860825,D,S,T,2024-10-01,1000000.00,4.069847,103.09375
08:00:33,912810UC0,TSRYS5860825,D,S,T,2024-10-01,1000000.00,4.070959,103.07421875
08:00:33,912810UC0,TSRYS5860825,D,S,T,2024-10-01,1000000.00,4.070514,103.08203125
08:00:33,912810UC0,TSRYS5860825,D,S,T,2024-10-01,1000000.00,4.070514,103.08203125
08:00:33,912810UC0,TSRYS5860825,D,S,T,2024-10-01,1000000.00,4.070291,103.0859375
08:00:33,912810UC0,TSRYS5860825,D,S,T,2024-10-01,1000000.00,4.066735,103.1484375
08:00:33,912810UC0,TSRYS5860825,D,S,T,2024-10-01,1000000.00,4.070403,103.083984375
08:00:33,912810UC0,TSRYS5860825,D,S,T,2024-10-01,1000000.00,4.070291,103.0859375
08:00:33,912810UC0,TSRYS5860825,D,S,T,2024-10-01,1000000.00,4.068068,103.125
08:00:33,912810UC0,TSRYS5860825,D,S,T,2024-10-01,2000000.00,4.067513,103.134765625
08:00:33,912810UC0,TSRYS5860825,D,S,T,2024-10-01,1000000.00,4.068291,103.12109375
08:00:33,912810UC0,TSRYS5860825,D,S,T,2024-10-01,1000000.00,4.068291,103.12109375
08:00:33,912810UC0,TSRYS5860825,D,S,T,2024-10-01,1000000.00,4.067402,103.13671875
08:00:33,912810UC0,TSRYS5860825,D,S,T,2024-10-01,1000000.00,4.068402,103.119140625
08:00:33,912810UC0,TSRYS5860825,D,S,T,2024-10-01,1000000.00,4.066291,103.15625
08:00:33,912810UC0,TSRYS5860825,D,S,T,2024-10-01,1000000.00,4.067513,103.134765625
08:00:33,912810UC0,TSRYS5860825,D,S,T,2024-10-01,1000000.00,4.067513,103.134765625
08:00:33,912810UC0,TSRYS5860825,D,S,T,2024-10-01,1000000.00,4.067291,103.138671875
08:00:33,912810UC0,TSRYS5860825,D,S,T,2024-10-01,1000000.00,4.067624,103.1328125
08:00:33,912810UC0,TSRYS5860825,D,S,T,2024-10-01,1000000.00,4.067624,103.1328125
08:00:33,912810UC0,TSRYS5860825,D,S,T,2024-10-01,1000000.00,4.06718,103.140625
08:00:33,912810UC0,TSRYS5860825,D,S,T,2024-10-01,1000000.00,4.067291,103.138671875
08:00:33,912810UC0,TSRYS5860825,D,S,T,2024-10-01,1000000.00,4.071848,103.05859375
08:00:33,912810UC0,TSRYS5860825,D,S,T,2024-10-01,1000000.00,4.071515,103.064453125
08:00:33,912810UC0,TSRYS5860825,D,S,T,2024-10-01,1000000.00,4.071848,103.05859375
08:00:33,912810UC0,TSRYS5860825,D,S,T,2024-10-01,1000000.00,4.072182,103.052734375
08:00:34,912810UC0,TSRYS5860825,D,S,T,2024-10-01,1000000.00,4.069847,103.09375
08:00:34,912810UC0,TSRYS5860825,D,S,D,2024-10-01,1000000.00,4.100642,102.5546875
08:00:36,912810UC0,TSRYS5860825,D,B,A,2024-10-01,5000.00,4.077413,102.9609375
08:00:38,912810UC0,TSRYS5860825,D,S,D,2024-10-01,1000000.00,4.097508,102.609375
08:00:38,912810UC0,TSRYS5860825,D,S,D,2024-10-01,2000000.00,4.093034,102.6875
08:00:39,912810UC0,TSRYS5860825,D,S,D,2024-10-01,18000000.00,4.109911,102.393229167
08:00:39,912810UC0,TSRYS5860825,D,S,D,2024-10-01,29000000.00,4.096314,102.630208333
08:00:40,912810UC0,TSRYS5860825,D,S,T,2024-10-01,1000000.00,4.069847,103.09375
08:00:40,912810UC0,TSRYS5860825,D,S,D,2024-10-01,1000000.00,4.111856,102.359375
08:00:40,912810UC0,TSRYS5860825,D,S,T,2024-10-01,1000000.00,4.111183,102.37109375
08:00:40,912810UC0,TSRYS5860825,D,S,D,2024-10-01,1000000.00,4.11006,102.390625
08:00:40,912810UC0,TSRYS5860825,D,S,D,2024-10-01,1000000.00,4.110285,102.38671875
08:00:40,912810UC0,TSRYS5860825,D,S,D,2024-10-01,1000000.00,4.110285,102.38671875
08:00:40,912810UC0,TSRYS5860825,D,S,D,2024-10-01,1000000.00,4.084458,102.8375
08:00:40,912810UC0,TSRYS5860825,D,S,D,2024-10-01,1000000.00,4.11006,102.390625
08:00:40,912810UC0,TSRYS5860825,D,S,D,2024-10-01,14000000.00,4.076745,102.97265625
08:00:40,912810UC0,TSRYS5860825,D,S,D,2024-10-01,1000000.00,4.109162,102.40625
08:00:40,912810UC0,TSRYS5860825,D,S,D,2024-10-01,1000000.00,4.07875,102.9375
08:00:40,912810UC0,TSRYS5860825,D,S,D,2024-10-01,1000000.00,4.109836,102.39453125
08:00:40,912810UC0,TSRYS5860825,D,S,D,2024-10-01,1000000.00,4.11006,102.390625
08:00:41,912810UC0,TSRYS5860825,D,S,D,2024-10-01,1000000.00,4.118149,102.25
08:00:41,912810UC0,TSRYS5860825,D,S,C,2024-10-01,7000000.00,4.070291,103.0859375
08:00:42,912810UC0,TSRYS5860825,D,S,A,2024-10-01,2000000.00,4.119049,102.234375
08:00:42,912810UC0,TSRYS5860825,D,S,D,2024-10-01,1000000.00,4.069291,103.103515625
08:00:42,912810UC0,TSRYS5860825,D,B,A,2024-10-01,1140000.00,4.069847,103.09375
08:00:42,912810UC0,TSRYS5860825,D,S,T,2024-10-01,1000000.00,4.094823,102.65625
08:00:42,912810UC0,TSRYS5860825,D,S,D,2024-10-01,1000000.00,4.093928,102.671875
08:00:42,912810UC0,TSRYS5860825,D,S,D,2024-10-01,1000000.00,4.096836,102.62109375
08:00:43,912810UC0,TSRYS5860825,D,S,T,2024-10-01,1000000.00,4.101987,102.53125
08:00:43,912810UC0,TSRYS5860825,D,S,D,2024-10-01,1000000.00,4.097508,102.609375
08:00:43,912810UC0,TSRYS5860825,D,S,D,2024-10-01,1000000.00,4.096613,102.625
08:00:43,912810UC0,TSRYS5860825,D,S,D,2024-10-01,1000000.00,4.096613,102.625
08:00:43,912810UC0,TSRYS5860825,D,S,T,2024-10-01,1000000.00,4.096613,102.625
08:00:43,912810UC0,TSRYS5860825,D,S,T,2024-10-01,1000000.00,4.096613,102.625
08:00:43,912810UC0,TSRYS5860825,D,S,T,2024-10-01,1000000.00,4.095718,102.640625
08:00:43,912810UC0,TSRYS5860825,D,S,T,2024-10-01,1000000.00,4.097508,102.609375
08:00:43,912810UC0,TSRYS5860825,D,S,T,2024-10-01,1000000.00,4.097284,102.61328125
08:00:43,912810UC0,TSRYS5860825,D,S,D,2024-10-01,1000000.00,4.096165,102.6328125
08:00:43,912810UC0,TSRYS5860825,D,S,T,2024-10-01,1000000.00,4.095718,102.640625
08:00:43,912810UC0,TSRYS5860825,D,S,T,2024-10-01,1000000.00,4.097508,102.609375
08:00:43,912810UC0,TSRYS5860825,D,S,D,2024-10-01,1000000.00,4.099747,102.5703125
08:00:43,912810UC0,TSRYS5860825,D,S,D,2024-10-01,1000000.00,4.100194,102.5625
08:00:44,912810UC0,TSRYS5860825,D,S,D,2024-10-01,1000000.00,4.096836,102.62109375
08:00:44,912810UC0,TSRYS5860825,D,S,D,2024-10-01,1000000.00,4.070959,103.07421875
08:00:44,912810UC0,TSRYS5860825,D,S,D,2024-10-01,899000.00,4.068958,103.109375
08:00:44,912810UC0,TSRYS5860825,D,S,D,2024-10-01,894000.00,4.06918,103.10546875
08:00:44,912810UC0,TSRYS5860825,D,S,D,2024-10-01,962000.00,4.06918,103.10546875
08:00:44,912810UC0,TSRYS5860825,D,S,D,2024-10-01,871000.00,4.068291,103.12109375
08:00:44,912810UC0,TSRYS5860825,D,S,D,2024-10-01,932000.00,4.067846,103.12890625
08:00:44,912810UC0,TSRYS5860825,D,S,D,2024-10-01,910000.00,4.067402,103.13671875
08:00:44,912810UC0,TSRYS5860825,D,S,D,2024-10-01,877000.00,4.066735,103.1484375
08:00:44,912810UC0,TSRYS5860825,D,S,D,2024-10-01,814000.00,4.066957,103.14453125
08:00:44,912810UC0,TSRYS5860825,D,S,D,2024-10-01,893000.00,4.06718,103.140625
08:00:44,912810UC0,TSRYS5860825,D,S,D,2024-10-01,1000000.00,4.071626,103.0625
08:00:45,912810UC0,TSRYS5860825,D,S,T,2024-10-01,1000000.00,4.089458,102.75
08:00:45,912810UC0,TSRYS5860825,D,S,D,2024-10-01,1000000.00,4.089682,102.74609375
08:00:45,912810UC0,TSRYS5860825,D,S,T,2024-10-01,1000000.00,4.085886,102.8125
08:00:45,912810UC0,TSRYS5860825,D,S,D,2024-10-01,2000000.00,4.087002,102.79296875
08:00:45,912810UC0,TSRYS5860825,D,S,T,2024-10-01,1000000.00,4.105573,102.46875
08:00:45,912810UC0,TSRYS5860825,D,S,D,2024-10-01,1000000.00,4.110285,102.38671875
08:00:46,912810UC0,TSRYS5860825,D,S,D,2024-10-01,1000000.00,4.111183,102.37109375
08:00:46,912810UC0,TSRYS5860825,D,S,T,2024-10-01,2000000.00,4.109162,102.40625
08:00:46,912810UC0,TSRYS5860825,D,S,T,2024-10-01,3000000.00,4.109162,102.40625
08:00:46,912810UC0,TSRYS5860825,D,S,D,2024-10-01,1000000.00,4.108265,102.421875
08:00:46,912810UC0,TSRYS5860825,D,S,D,2024-10-01,1000000.00,4.109836,102.39453125
08:00:46,912810UC0,TSRYS5860825,D,S,D,2024-10-01,1000000.00,4.11006,102.390625
08:00:46,912810UC0,TSRYS5860825,D,S,D,2024-10-01,1000000.00,4.11006,102.390625
08:00:46,912810UC0,TSRYS5860825,D,S,D,2024-10-01,1000000.00,4.118149,102.25
08:00:46,912810UC0,TSRYS5860825,D,S,D,2024-10-01,10000000.00,4.070291,103.0859375
08:00:47,912810UC0,TSRYS5860825,D,B,C,2024-10-01,5000000.00,4.067202,103.140225
08:00:47,912810UC0,TSRYS5860825,D,S,C,2024-10-01,13000000.00,4.066069,103.16015625
08:00:47,912810UC0,TSRYS5860825,D,S,D,2024-10-01,20000000.00,4.068859,103.111111111
08:00:47,912810UC0,TSRYS5860825,D,S,D,2024-10-01,1000000.00,4.11725,102.265625
08:00:48,912810UC0,TSRYS5860825,D,B,A,2024-10-01,5850000.00,4.09527,102.6484375
08:00:48,912810UC0,TSRYS5860825,D,S,T,2024-10-01,1000000.00,4.094823,102.65625
08:00:48,912810UC0,TSRYS5860825,D,S,T,2024-10-01,1000000.00,4.095159,102.650390625
08:00:48,912810UC0,TSRYS5860825,D,S,D,2024-10-01,1000000.00,4.098179,102.59765625
08:00:48,912810UC0,TSRYS5860825,D,S,D,2024-10-01,1000000.00,4.098179,102.59765625
08:00:48,912810UC0,TSRYS5860825,D,S,D,2024-10-01,1000000.00,4.099523,102.57421875
08:00:48,912810UC0,TSRYS5860825,D,S,T,2024-10-01,1000000.00,4.098403,102.59375
08:00:48,912810UC0,TSRYS5860825,D,S,D,2024-10-01,1000000.00,4.06918,103.10546875
08:00:48,912810UC0,TSRYS5860825,D,S,T,2024-10-01,1000000.00,4.097508,102.609375
08:00:48,912810UC0,TSRYS5860825,D,S,D,2024-10-01,1000000.00,4.096613,102.625
08:00:48,912810UC0,TSRYS5860825,D,S,D,2024-10-01,2000000.00,4.096613,102.625
08:00:48,912810UC0,TSRYS5860825,D,S,D,2024-10-01,1000000.00,4.069847,103.09375
08:00:48,912810UC0,TSRYS5860825,D,S,D,2024-10-01,1000000.00,4.06918,103.10546875
08:00:48,912810UC0,TSRYS5860825,D,S,T,2024-10-01,1000000.00,4.096613,102.625
08:00:48,912810UC0,TSRYS5860825,D,S,T,2024-10-01,1000000.00,4.07018,103.087890625
08:00:49,912810UC0,TSRYS5860825,D,S,T,2024-10-01,1000000.00,4.097508,102.609375
08:00:49,912810UC0,TSRYS5860825,D,S,D,2024-10-01,1000000.00,4.097508,102.609375
08:00:49,912810UC0,TSRYS5860825,D,S,T,2024-10-01,1000000.00,4.097508,102.609375
08:00:49,912810UC0,TSRYS5860825,D,S,D,2024-10-01,1000000.00,4.096613,102.625
08:00:49,912810UC0,TSRYS5860825,D,S,D,2024-10-01,2000000.00,4.09527,102.6484375
08:00:49,912810UC0,TSRYS5860825,D,S,D,2024-10-01,1000000.00,4.095494,102.64453125
08:00:49,912810UC0,TSRYS5860825,D,S,D,2024-10-01,2000000.00,4.096165,102.6328125
08:00:49,912810UC0,TSRYS5860825,D,S,T,2024-10-01,1000000.00,4.097508,102.609375
08:00:49,912810UC0,TSRYS5860825,D,S,T,2024-10-01,1000000.00,4.097508,102.609375
08:00:49,912810UC0,TSRYS5860825,D,S,T,2024-10-01,1000000.00,4.098627,102.58984375
08:00:49,912810UC0,TSRYS5860825,D,S,T,2024-10-01,1000000.00,4.098403,102.59375
08:00:49,912810UC0,TSRYS5860825,D,S,T,2024-10-01,1000000.00,4.098403,102.59375
08:00:49,912810UC0,TSRYS5860825,D,S,T,2024-10-01,1000000.00,4.098403,102.59375
08:00:49,912810UC0,TSRYS5860825,D,S,D,2024-10-01,1000000.00,4.100194,102.5625
08:00:49,912810UC0,TSRYS5860825,D,S,D,2024-10-01,1000000.00,4.099523,102.57421875
08:00:49,912810UC0,TSRYS5860825,D,S,T,2024-10-01,1000000.00,4.069847,103.09375
08:00:49,912810UC0,TSRYS5860825,D,S,D,2024-10-01,1000000.00,4.06718,103.140625
08:00:49,912810UC0,TSRYS5860825,D,S,D,2024-10-01,1000000.00,4.06718,103.140625
08:00:49,912810UC0,TSRYS5860825,D,S,D,2024-10-01,1000000.00,4.06718,103.140625
08:00:49,912810UC0,TSRYS5860825,D,S,D,2024-10-01,1000000.00,4.06718,103.140625
08:00:49,912810UC0,TSRYS5860825,D,S,T,2024-10-01,1000000.00,4.098403,102.59375
08:00:49,912810UC0,TSRYS5860825,D,S,D,2024-10-01,1000000.00,4.06718,103.140625
08:00:49,912810UC0,TSRYS5860825,D,S,D,2024-10-01,1000000.00,4.06718,103.140625
08:00:49,912810UC0,TSRYS5860825,D,S,T,2024-10-01,1000000.00,4.099971,102.56640625
08:00:49,912810UC0,TSRYS5860825,D,S,D,2024-10-01,1000000.00,4.112356,102.350694444
08:00:49,912810UC0,TSRYS5860825,D,S,D,2024-10-01,1000000.00,4.097508,102.609375
08:00:49,912810UC0,TSRYS5860825,D,S,D,2024-10-01,1000000.00,4.070069,103.08984375
08:00:50,912810UC0,TSRYS5860825,D,S,D,2024-10-01,11000000.00,4.093258,102.68359375
08:00:50,912810UC0,TSRYS5860825,D,S,D,2024-10-01,11000000.00,4.083704,102.850694444
08:00:50,912810UC0,TSRYS5860825,D,S,T,2024-10-01,1000000.00,4.094823,102.65625
08:00:51,912810UC0,TSRYS5860825,D,S,D,2024-10-01,26000000.00,4.077324,102.9625
08:00:51,912810UC0,TSRYS5860825,D,S,D,2024-10-01,1000000.00,4.071403,103.06640625
08:00:51,912810UC0,TSRYS5860825,D,S,D,2024-10-01,4000000.00,4.07875,102.9375
08:00:51,912810UC0,TSRYS5860825,D,S,D,2024-10-01,1000000.00,4.07875,102.9375
08:00:51,912810UC0,TSRYS5860825,D,S,T,2024-10-01,1000000.00,4.08332,102.857421875
08:00:51,912810UC0,TSRYS5860825,D,S,T,2024-10-01,1000000.00,4.083208,102.859375
08:00:51,912810UC0,TSRYS5860825,D,S,T,2024-10-01,1000000.00,4.082316,102.875
08:00:51,912810UC0,TSRYS5860825,D,S,T,2024-10-01,1000000.00,4.07875,102.9375
08:00:51,912810UC0,TSRYS5860825,D,S,T,2024-10-01,1000000.00,4.079641,102.921875
08:00:51,912810UC0,TSRYS5860825,D,S,T,2024-10-01,1000000.00,4.07875,102.9375
08:00:51,912810UC0,TSRYS5860825,D,S,T,2024-10-01,1000000.00,4.079641,102.921875
08:00:51,912810UC0,TSRYS5860825,D,S,A,2024-10-01,10000000.00,4.073628,103.02734375
08:00:52,912810UC0,TSRYS5860825,D,S,T,2024-10-01,1000000.00,4.076968,102.96875
08:00:52,912810UC0,TSRYS5860825,D,S,D,2024-10-01,1000000.00,4.07719,102.96484375
08:00:52,912810UC0,TSRYS5860825,D,S,T,2024-10-01,1000000.00,4.077636,102.95703125
08:00:52,912810UC0,TSRYS5860825,D,S,D,2024-10-01,1000000.00,4.078527,102.94140625
08:00:52,912810UC0,TSRYS5860825,D,S,D,2024-10-01,1000000.00,4.07875,102.9375
08:00:52,912810UC0,TSRYS5860825,D,S,D,2024-10-01,1000000.00,4.07875,102.9375
08:00:52,912810UC0,TSRYS5860825,D,S,D,2024-10-01,1000000.00,4.07875,102.9375
08:00:52,912810UC0,TSRYS5860825,D,S,D,2024-10-01,1000000.00,4.07875,102.9375
08:00:52,912810UC0,TSRYS5860825,D,S,D,2024-10-01,1000000.00,4.078527,102.94140625
08:00:52,912810UC0,TSRYS5860825,D,S,D,2024-10-01,1000000.00,4.078527,102.94140625
08:00:52,912810UC0,TSRYS5860825,D,S,D,2024-10-01,1000000.00,4.078527,102.94140625
08:00:52,912810UC0,TSRYS5860825,D,S,D,2024-10-01,1000000.00,4.078527,102.94140625
08:00:52,912810UC0,TSRYS5860825,D,S,D,2024-10-01,1000000.00,4.079195,102.9296875
08:00:52,912810UC0,TSRYS5860825,D,S,D,2024-10-01,1000000.00,4.079195,102.9296875
08:00:52,912810UC0,TSRYS5860825,D,S,D,2024-10-01,1000000.00,4.079195,102.9296875
08:00:52,912810UC0,TSRYS5860825,D,S,T,2024-10-01,1000000.00,4.078527,102.94140625
08:00:52,912810UC0,TSRYS5860825,D,S,D,2024-10-01,1000000.00,4.079641,102.921875
08:00:52,912810UC0,TSRYS5860825,D,S,T,2024-10-01,1000000.00,4.07875,102.9375
08:00:52,912810UC0,TSRYS5860825,D,S,T,2024-10-01,1000000.00,4.07875,102.9375
08:00:52,912810UC0,TSRYS5860825,D,S,T,2024-10-01,1000000.00,4.10804,102.42578125
08:00:52,912810UC0,TSRYS5860825,D,S,T,2024-10-01,1000000.00,4.10804,102.42578125
08:00:52,912810UC0,TSRYS5860825,D,S,T,2024-10-01,1000000.00,4.107704,102.431640625
08:00:52,912810UC0,TSRYS5860825,D,S,T,2024-10-01,1000000.00,4.107816,102.4296875
08:00:52,912810UC0,TSRYS5860825,D,S,D,2024-10-01,29000000.00,4.075854,102.98828125
08:00:52,912810UC0,TSRYS5860825,D,S,T,2024-10-01,1000000.00,4.107928,102.427734375
08:00:53,912810UC0,TSRYS5860825,D,S,T,2024-10-01,3000000.00,4.07875,102.9375
08:00:53,912810UC0,TSRYS5860825,D,S,D,2024-10-01,1000000.00,4.079195,102.9296875
08:00:53,912810UC0,TSRYS5860825,D,S,T,2024-10-01,1000000.00,4.079641,102.921875
08:00:53,912810UC0,TSRYS5860825,D,S,T,2024-10-01,1000000.00,4.10804,102.42578125
08:00:53,912810UC0,TSRYS5860825,D,S,T,2024-10-01,1000000.00,4.108265,102.421875
08:00:53,912810UC0,TSRYS5860825,D,S,T,2024-10-01,1000000.00,4.108489,102.41796875
08:00:53,912810UC0,TSRYS5860825,D,S,T,2024-10-01,1000000.00,4.108271,102.421773
08:00:53,912810UC0,TSRYS5860825,D,S,T,2024-10-01,1000000.00,4.10804,102.42578125
08:00:53,912810UC0,TSRYS5860825,D,S,T,2024-10-01,1000000.00,4.108271,102.421773
08:00:53,912810UC0,TSRYS5860825,D,S,T,2024-10-01,1000000.00,4.108271,102.421773
08:00:54,912810UC0,TSRYS5860825,D,S,D,2024-10-01,1000000.00,4.069847,103.09375
08:00:54,912810UC0,TSRYS5860825,D,S,T,2024-10-01,1000000.00,4.077859,102.953125
08:00:55,912810UC0,TSRYS5860825,D,S,T,2024-10-01,1000000.00,4.076968,102.96875
08:00:55,912810UC0,TSRYS5860825,D,S,T,2024-10-01,1000000.00,4.07018,103.087890625
08:00:56,912810UC0,TSRYS5860825,D,B,C,2024-10-01,1000000.00,4.069402,103.1015625
08:00:56,912810UC0,TSRYS5860825,D,S,D,2024-10-01,1000000.00,4.069402,103.1015625
08:00:57,912810UC0,TSRYS5860825,D,S,A,2024-10-01,10000000.00,4.070959,103.07421875
08:00:57,912810UC0,TSRYS5860825,D,S,T,2024-10-01,1000000.00,4.071626,103.0625
08:00:57,912810UC0,TSRYS5860825,D,S,D,2024-10-01,1000000.00,4.070069,103.08984375
08:00:58,912810UC0,TSRYS5860825,D,S,C,2024-10-01,4000.00,4.069824,103.09415
08:00:58,912810UC0,TSRYS5860825,D,S,T,2024-10-01,1000000.00,4.068958,103.109375
08:00:59,912810UC0,TSRYS5860825,D,S,D,2024-10-01,1000000.00,4.069624,103.09765625
08:00:59,912810UC0,TSRYS5860825,D,S,D,2024-10-01,1000000.00,4.068735,103.11328125
08:00:59,912810UC0,TSRYS5860825,D,S,D,2024-10-01,1000000.00,4.068291,103.12109375
08:00:59,912810UC0,TSRYS5860825,D,S,T,2024-10-01,1000000.00,4.066291,103.15625
08:00:59,912810UC0,TSRYS5860825,D,S,T,2024-10-01,1000000.00,4.068068,103.125
08:00:59,912810UC0,TSRYS5860825,D,S,T,2024-10-01,1000000.00,4.068068,103.125
08:00:59,912810UC0,TSRYS5860825,D,S,T,2024-10-01,1000000.00,4.068068,103.125
08:01:00,912810UC0,TSRYS5860825,D,S,D,2024-10-01,1000000.00,4.112755,102.34375
08:01:00,912810UC0,TSRYS5860825,D,S,D,2024-10-01,1000000.00,4.06718,103.140625
08:01:00,912810UC0,TSRYS5860825,D,S,D,2024-10-01,1000000.00,4.06718,103.140625
08:01:00,912810UC0,TSRYS5860825,D,S,D,2024-10-01,1000000.00,4.06718,103.140625
08:01:00,912810UC0,TSRYS5860825,D,S,D,2024-10-01,1000000.00,4.06718,103.140625
08:01:00,912810UC0,TSRYS5860825,D,S,D,2024-10-01,1000000.00,4.06718,103.140625
08:01:00,912810UC0,TSRYS5860825,D,S,D,2024-10-01,3000000.00,4.06718,103.140625
08:01:00,912810UC0,TSRYS5860825,D,S,D,2024-10-01,11000000.00,4.068449,103.118303571
08:01:00,912810UC0,TSRYS5860825,D,S,C,2024-10-01,5000000.00,4.070514,103.08203125
08:01:00,912810UC0,TSRYS5860825,D,S,D,2024-10-01,1000000.00,4.071848,103.05859375
08:01:00,912810UC0,TSRYS5860825,D,S,D,2024-10-01,2000000.00,4.073183,103.03515625
08:01:00,912810UC0,TSRYS5860825,D,S,D,2024-10-01,1000000.00,4.069847,103.09375
08:01:00,912810UC0,TSRYS5860825,D,S,D,2024-10-01,1000000.00,4.069847,103.09375
08:01:01,912810UC0,TSRYS5860825,D,S,T,2024-10-01,1000000.00,4.070291,103.0859375
08:01:01,912810UC0,TSRYS5860825,D,S,D,2024-10-01,1000000.00,4.072738,103.04296875
08:01:01,912810UC0,TSRYS5860825,D,S,T,2024-10-01,1000000.00,4.112755,102.34375
08:01:02,912810UC0,TSRYS5860825,D,S,D,2024-10-01,1000000.00,4.069847,103.09375
08:01:02,912810UC0,TSRYS5860825,D,S,D,2024-10-01,1000000.00,4.069847,103.09375
08:01:02,912810UC0,TSRYS5860825,D,S,T,2024-10-01,1000000.00,4.069958,103.091796875
08:01:02,912810UC0,TSRYS5860825,D,S,T,2024-10-01,1000000.00,4.069958,103.091796875
08:01:02,912810UC0,TSRYS5860825,D,S,T,2024-10-01,1000000.00,4.069958,103.091796875
08:01:02,912810UC0,TSRYS5860825,D,S,T,2024-10-01,1000000.00,4.116688,102.275390625
08:01:02,912810UC0,TSRYS5860825,D,S,T,2024-10-01,2000000.00,4.066291,103.15625
08:01:02,912810UC0,TSRYS5860825,D,S,D,2024-10-01,13000000.00,4.066069,103.16015625
08:01:02,912810UC0,TSRYS5860825,D,S,T,2024-10-01,1000000.00,4.068958,103.109375
08:01:02,912810UC0,TSRYS5860825,D,S,D,2024-10-01,1000000.00,4.070069,103.08984375
08:01:02,912810UC0,TSRYS5860825,D,S,T,2024-10-01,1000000.00,4.069847,103.09375
08:01:03,912810UC0,TSRYS5860825,D,S,T,2024-10-01,1000000.00,4.069069,103.107421875
08:01:03,912810UC0,TSRYS5860825,D,S,T,2024-10-01,1000000.00,4.068068,103.125
08:01:03,912810UC0,TSRYS5860825,D,S,D,2024-10-01,1000000.00,4.112193,102.353515625
08:01:04,912810UC0,TSRYS5860825,D,S,T,2024-10-01,1000000.00,4.066291,103.15625
08:01:04,912810UC0,TSRYS5860825,D,S,T,2024-10-01,1000000.00,4.081432,102.890495
08:01:04,912810UC0,TSRYS5860825,D,S,T,2024-10-01,1000000.00,4.081432,102.890495
08:01:04,912810UC0,TSRYS5860825,D,S,D,2024-10-01,1000000.00,4.068291,103.12109375
08:01:04,912810UC0,TSRYS5860825,D,S,D,2024-10-01,1000000.00,4.068735,103.11328125
08:01:04,912810UC0,TSRYS5860825,D,S,C,2024-10-01,1000000.00,4.11006,102.390825
08:01:04,912810UC0,TSRYS5860825,D,S,D,2024-10-01,1000000.00,4.068291,103.12109375
08:01:05,912810UC0,TSRYS5860825,D,S,T,2024-10-01,1000000.00,4.06718,103.140625
08:01:05,912810UC0,TSRYS5860825,D,S,T,2024-10-01,1000000.00,4.06718,103.140625
08:01:05,912810UC0,TSRYS5860825,D,S,D,2024-10-01,1000000.00,4.106358,102.455078125
08:01:05,912810UC0,TSRYS5860825,D,S,T,2024-10-01,1000000.00,4.06718,103.140625
08:01:05,912810UC0,TSRYS5860825,D,S,T,2024-10-01,1000000.00,4.06718,103.140625
08:01:05,912810UC0,TSRYS5860825,D,S,T,2024-10-01,1000000.00,4.06718,103.140625
08:01:05,912810UC0,TSRYS5860825,D,S,T,2024-10-01,1000000.00,4.06718,103.140625
08:01:05,912810UC0,TSRYS5860825,D,S,T,2024-10-01,1000000.00,4.069069,103.107421875
08:01:05,912810UC0,TSRYS5860825,D,S,D,2024-10-01,1000000.00,4.069402,103.1015625
08:01:05,912810UC0,TSRYS5860825,D,S,D,2024-10-01,1000000.00,4.069847,103.09375
08:01:05,912810UC0,TSRYS5860825,D,S,D,2024-10-01,1000000.00,4.069402,103.1015625
08:01:05,912810UC0,TSRYS5860825,D,S,T,2024-10-01,1000000.00,4.069847,103.09375
08:01:05,912810UC0,TSRYS5860825,D,S,D,2024-10-01,5000000.00,4.070514,103.08203125
08:01:05,912810UC0,TSRYS5860825,D,S,D,2024-10-01,814000.00,4.072738,103.04296875
08:01:05,912810UC0,TSRYS5860825,D,S,D,2024-10-01,932000.00,4.071848,103.05859375
08:01:05,912810UC0,TSRYS5860825,D,S,D,2024-10-01,1000000.00,4.106358,102.455078125
08:01:05,912810UC0,TSRYS5860825,D,S,T,2024-10-01,1000000.00,4.072516,103.046875
08:01:06,912810UC0,TSRYS5860825,D,B,A,2024-10-01,5000000.00,4.091469,102.71484375
08:01:06,912810UC0,TSRYS5860825,D,S,D,2024-10-01,1000000.00,4.087672,102.78125
08:01:06,912810UC0,TSRYS5860825,D,S,D,2024-10-01,1000000.00,4.108265,102.421875
08:01:06,912810UC0,TSRYS5860825,D,B,A,2024-10-01,5000000.00,4.088118,102.7734375
08:01:06,912810UC0,TSRYS5860825,D,S,D,2024-10-01,1000000.00,4.108377,102.419921875
08:01:06,912810UC0,TSRYS5860825,D,S,D,2024-10-01,1000000.00,4.108713,102.4140625
08:01:06,912810UC0,TSRYS5860825,D,S,D,2024-10-01,1000000.00,4.108489,102.41796875
08:01:06,912810UC0,TSRYS5860825,D,S,D,2024-10-01,1000000.00,4.087002,102.79296875
08:01:06,912810UC0,TSRYS5860825,D,S,T,2024-10-01,1000000.00,4.085886,102.8125
08:01:06,912810UC0,TSRYS5860825,D,S,T,2024-10-01,1000000.00,4.085886,102.8125
08:01:06,912810UC0,TSRYS5860825,D,S,T,2024-10-01,1000000.00,4.086779,102.796875
08:01:06,912810UC0,TSRYS5860825,D,S,D,2024-10-01,1000000.00,4.084101,102.84375
08:01:06,912810UC0,TSRYS5860825,D,S,D,2024-10-01,1000000.00,4.10804,102.42578125
08:01:06,912810UC0,TSRYS5860825,D,S,C,2024-10-01,1000000.00,4.107367,102.4375
08:01:06,912810UC0,TSRYS5860825,D,S,D,2024-10-01,1000000.00,4.106246,102.45703125
08:01:06,912810UC0,TSRYS5860825,D,S,T,2024-10-01,2000000.00,4.082316,102.875
08:01:06,912810UC0,TSRYS5860825,D,S,T,2024-10-01,3000000.00,4.083208,102.859375
08:01:06,912810UC0,TSRYS5860825,D,S,D,2024-10-01,1000000.00,4.105573,102.46875
08:01:06,912810UC0,TSRYS5860825,D,S,D,2024-10-01,11500000.00,4.069038,103.10796
08:01:06,912810UC0,TSRYS5860825,D,S,T,2024-10-01,1000000.00,4.07018,103.087890625
08:01:06,912810UC0,TSRYS5860825,D,S,T,2024-10-01,1000000.00,4.069402,103.1015625
08:01:06,912810UC0,TSRYS5860825,D,S,D,2024-10-01,1000000.00,4.108265,102.421875
08:01:06,912810UC0,TSRYS5860825,D,B,C,2024-10-01,1000000.00,4.108265,102.421675
08:01:06,912810UC0,TSRYS5860825,D,S,T,2024-10-01,1000000.00,4.083208,102.859375
08:01:06,912810UC0,TSRYS5860825,D,S,C,2024-10-01,1000000.00,4.109162,102.40625
08:01:06,912810UC0,TSRYS5860825,D,S,T,2024-10-01,1000000.00,4.074309,103.015398
08:01:06,912810UC0,TSRYS5860825,D,B,C,2024-10-01,1000000.00,4.109162,102.40605
08:01:06,912810UC0,TSRYS5860825,D,S,D,2024-10-01,1000000.00,4.109162,102.40625
08:01:06,912810UC0,TSRYS5860825,D,B,C,2024-10-01,1000000.00,4.109162,102.40605
08:01:06,912810UC0,TSRYS5860825,D,S,C,2024-10-01,1000000.00,4.109162,102.406425
08:01:06,912810UC0,TSRYS5860825,D,B,C,2024-10-01,1000000.00,4.109162,102.40605
08:01:07,912810UC0,TSRYS5860825,D,S,T,2024-10-01,1000000.00,4.074309,103.015398
08:01:07,912810UC0,TSRYS5860825,D,S,T,2024-10-01,1000000.00,4.068513,103.1171875
08:01:07,912810UC0,TSRYS5860825,D,S,T,2024-10-01,1000000.00,4.068958,103.109375
08:01:07,912810UC0,TSRYS5860825,D,S,T,2024-10-01,1000000.00,4.079641,102.921875
08:01:07,912810UC0,TSRYS5860825,D,B,A,2024-10-01,1000000.00,4.074309,103.015398
08:01:07,912810UC0,TSRYS5860825,D,S,T,2024-10-01,1000000.00,4.07875,102.9375
08:01:07,912810UC0,TSRYS5860825,D,S,D,2024-10-01,1000000.00,4.07875,102.9375
08:01:07,912810UC0,TSRYS5860825,D,S,D,2024-10-01,1000000.00,4.109162,102.40625
08:01:07,912810UC0,TSRYS5860825,D,B,A,2024-10-01,1000000.00,4.074309,103.015398
08:01:07,912810UC0,TSRYS5860825,D,S,D,2024-10-01,1000000.00,4.109275,102.404296875
08:01:07,912810UC0,TSRYS5860825,D,S,T,2024-10-01,1000000.00,4.080533,102.90625
08:01:07,912810UC0,TSRYS5860825,D,S,A,2024-10-01,8000000.00,4.076968,102.96875
08:01:07,912810UC0,TSRYS5860825,D,S,D,2024-10-01,1000000.00,4.110285,102.38671875
08:01:07,912810UC0,TSRYS5860825,D,S,D,2024-10-01,1000000.00,4.11006,102.390625
08:01:07,912810UC0,TSRYS5860825,D,S,T,2024-10-01,1000000.00,4.069847,103.09375
08:01:07,912810UC0,TSRYS5860825,D,S,D,2024-10-01,1000000.00,4.0763,102.98046875
08:01:07,912810UC0,TSRYS5860825,D,B,A,2024-10-01,1000000.00,4.070736,103.078125
08:01:07,912810UC0,TSRYS5860825,D,S,D,2024-10-01,1000000.00,4.078973,102.93359375
08:01:07,912810UC0,TSRYS5860825,D,S,D,2024-10-01,1000000.00,4.07875,102.9375
08:01:07,912810UC0,TSRYS5860825,D,S,D,2024-10-01,1000000.00,4.07875,102.9375
08:01:08,912810UC0,TSRYS5860825,D,S,D,2024-10-01,1000000.00,4.078973,102.93359375
08:01:08,912810UC0,TSRYS5860825,D,S,T,2024-10-01,1000000.00,4.07875,102.9375
08:01:08,912810UC0,TSRYS5860825,D,S,D,2024-10-01,1000000.00,4.078527,102.94140625
08:01:08,912810UC0,TSRYS5860825,D,S,D,2024-10-01,1000000.00,4.078527,102.94140625
08:01:08,912810UC0,TSRYS5860825,D,S,D,2024-10-01,1000000.00,4.078527,102.94140625
08:01:08,912810UC0,TSRYS5860825,D,S,D,2024-10-01,1000000.00,4.079195,102.9296875
08:01:08,912810UC0,TSRYS5860825,D,S,D,2024-10-01,1000000.00,4.111295,102.369140625
08:01:08,912810UC0,TSRYS5860825,D,S,T,2024-10-01,4000000.00,4.07875,102.9375
08:01:08,912810UC0,TSRYS5860825,D,S,T,2024-10-01,4000000.00,4.07875,102.9375
08:01:08,912810UC0,TSRYS5860825,D,S,T,2024-10-01,1000000.00,4.07875,102.9375
08:01:08,912810UC0,TSRYS5860825,D,S,T,2024-10-01,1000000.00,4.07875,102.9375
08:01:08,912810UC0,TSRYS5860825,D,S,T,2024-10-01,1000000.00,4.077859,102.953125
08:01:08,912810UC0,TSRYS5860825,D,S,T,2024-10-01,1000000.00,4.076968,102.96875
08:01:08,912810UC0,TSRYS5860825,D,B,A,2024-10-01,5000000.00,4.069624,103.09765625
08:01:08,912810UC0,TSRYS5860825,D,S,D,2024-10-01,1000000.00,4.06718,103.140625
08:01:08,912810UC0,TSRYS5860825,D,B,A,2024-10-01,17497447.00,4.09706,102.6171875
08:01:08,912810UC0,TSRYS5860825,D,S,D,2024-10-01,1000000.00,4.11006,102.390625
08:01:08,912810UC0,TSRYS5860825,D,S,D,2024-10-01,1000000.00,4.109387,102.40234375
08:01:09,912810UC0,TSRYS5860825,D,S,D,2024-10-01,1000000.00,4.073406,103.03125
08:01:10,912810UC0,TSRYS5860825,D,S,D,2024-10-01,1000000.00,4.110172,102.388671875
08:01:10,912810UC0,TSRYS5860825,D,S,D,2024-10-01,1000000.00,4.112755,102.34375
08:01:10,912810UC0,TSRYS5860825,D,S,D,2024-10-01,1000000.00,4.111856,102.359375
08:01:10,912810UC0,TSRYS5860825,D,S,D,2024-10-01,1000000.00,4.110958,102.375
08:01:10,912810UC0,TSRYS5860825,D,S,D,2024-10-01,1000000.00,4.11006,102.390625
08:01:10,912810UC0,TSRYS5860825,D,S,D,2024-10-01,1000000.00,4.109162,102.40625
08:01:10,912810UC0,TSRYS5860825,D,S,D,2024-10-01,1000000.00,4.108265,102.421875
08:01:10,912810UC0,TSRYS5860825,D,S,D,2024-10-01,1000000.00,4.107367,102.4375
08:01:10,912810UC0,TSRYS5860825,D,S,D,2024-10-01,1000000.00,4.10647,102.453125
08:01:10,912810UC0,TSRYS5860825,D,S,T,2024-10-01,1000000.00,4.096501,102.626953125
08:01:10,912810UC0,TSRYS5860825,D,S,T,2024-10-01,1000000.00,4.071639,103.062275
08:01:10,912810UC0,TSRYS5860825,D,S,D,2024-10-01,1000000.00,4.11725,102.265625
08:01:10,912810UC0,TSRYS5860825,D,S,T,2024-10-01,1000000.00,4.066304,103.156025
08:01:10,912810UC0,TSRYS5860825,D,S,T,2024-10-01,1000000.00,4.076077,102.984375
08:01:10,912810UC0,TSRYS5860825,D,S,D,2024-10-01,1000000.00,4.111632,102.36328125
08:01:10,912810UC0,TSRYS5860825,D,S,D,2024-10-01,1000000.00,4.110509,102.3828125
08:01:10,912810UC0,TSRYS5860825,D,S,D,2024-10-01,1000000.00,4.108265,102.421875
08:01:10,912810UC0,TSRYS5860825,D,S,D,2024-10-01,1000000.00,4.108265,102.421875
08:01:10,912810UC0,TSRYS5860825,D,S,T,2024-10-01,1000000.00,4.076968,102.96875
08:01:10,912810UC0,TSRYS5860825,D,S,T,2024-10-01,1000000.00,4.076968,102.96875
08:01:10,912810UC0,TSRYS5860825,D,S,T,2024-10-01,1000000.00,4.076968,102.96875
08:01:10,912810UC0,TSRYS5860825,D,S,D,2024-10-01,1000000.00,4.11006,102.390625
08:01:10,912810UC0,TSRYS5860825,D,S,D,2024-10-01,1000000.00,4.098403,102.59375
08:01:10,912810UC0,TSRYS5860825,D,B,C,2024-10-01,7700000.00,4.069847,103.09375
08:01:10,912810UC0,TSRYS5860825,D,S,D,2024-10-01,1000000.00,4.070291,103.0859375
08:01:10,912810UC0,TSRYS5860825,D,S,D,2024-10-01,1000000.00,4.110958,102.375
08:01:10,912810UC0,TSRYS5860825,D,S,D,2024-10-01,1000000.00,4.109162,102.40625
08:01:10,912810UC0,TSRYS5860825,D,S,D,2024-10-01,1000000.00,4.111856,102.359375
08:01:10,912810UC0,TSRYS5860825,D,S,D,2024-10-01,1000000.00,4.11006,102.390625
08:01:10,912810UC0,TSRYS5860825,D,S,C,2024-10-01,1000000.00,4.107592,102.43359375
08:01:10,912810UC0,TSRYS5860825,D,S,D,2024-10-01,1000000.00,4.108265,102.421875
08:01:10,912810UC0,TSRYS5860825,D,S,D,2024-10-01,1000000.00,4.106246,102.45703125
08:01:10,912810UC0,TSRYS5860825,D,S,D,2024-10-01,1000000.00,4.107367,102.4375
08:01:10,912810UC0,TSRYS5860825,D,S,D,2024-10-01,1000000.00,4.108713,102.4140625
08:01:10,912810UC0,TSRYS5860825,D,S,D,2024-10-01,1000000.00,4.107816,102.4296875
08:01:10,912810UC0,TSRYS5860825,D,S,D,2024-10-01,1000000.00,4.10647,102.453125
08:01:10,912810UC0,TSRYS5860825,D,S,D,2024-10-01,1000000.00,4.110285,102.38671875
08:01:10,912810UC0,TSRYS5860825,D,S,D,2024-10-01,1000000.00,4.110285,102.38671875
08:01:10,912810UC0,TSRYS5860825,D,S,D,2024-10-01,1000000.00,4.11006,102.390625
08:01:10,912810UC0,TSRYS5860825,D,S,D,2024-10-01,1000000.00,4.11006,102.390625
08:01:10,912810UC0,TSRYS5860825,D,S,D,2024-10-01,1000000.00,4.110285,102.38671875
08:01:10,912810UC0,TSRYS5860825,D,S,D,2024-10-01,1000000.00,4.109162,102.40625
08:01:10,912810UC0,TSRYS5860825,D,S,D,2024-10-01,1000000.00,4.111632,102.36328125
08:01:10,912810UC0,TSRYS5860825,D,S,D,2024-10-01,1000000.00,4.111183,102.37109375
08:01:10,912810UC0,TSRYS5860825,D,S,T,2024-10-01,1000000.00,4.069736,103.095703125
08:01:10,912810UC0,TSRYS5860825,D,S,T,2024-10-01,1000000.00,4.123557,102.156148
08:01:10,912810UC0,TSRYS5860825,D,S,D,2024-10-01,1000000.00,4.11725,102.265625
08:01:10,912810UC0,TSRYS5860825,D,S,D,2024-10-01,1000000.00,4.119499,102.2265625
08:01:10,912810UC0,TSRYS5860825,D,S,D,2024-10-01,1000000.00,4.099971,102.56640625
08:01:10,912810UC0,TSRYS5860825,D,S,D,2024-10-01,1000000.00,4.12175,102.1875
08:01:10,912810UC0,TSRYS5860825,D,S,T,2024-10-01,1000000.00,4.123557,102.156148
08:01:10,912810UC0,TSRYS5860825,D,S,D,2024-10-01,1000000.00,4.119499,102.2265625
08:01:10,912810UC0,TSRYS5860825,D,S,D,2024-10-01,1000000.00,4.097956,102.6015625
08:01:10,912810UC0,TSRYS5860825,D,S,D,2024-10-01,1000000.00,4.119724,102.22265625
08:01:10,912810UC0,TSRYS5860825,D,S,D,2024-10-01,1000000.00,4.110285,102.38671875
08:01:10,912810UC0,TSRYS5860825,D,S,D,2024-10-01,1000000.00,4.110509,102.3828125
08:01:10,912810UC0,TSRYS5860825,D,B,C,2024-10-01,1000000.00,4.099299,102.578125
08:01:10,912810UC0,TSRYS5860825,D,S,T,2024-10-01,1000000.00,4.123557,102.156148
08:01:10,912810UC0,TSRYS5860825,D,B,C,2024-10-01,1000000.00,4.099747,102.5703125
08:01:10,912810UC0,TSRYS5860825,D,S,D,2024-10-01,1000000.00,4.099299,102.578125
08:01:11,912810UC0,TSRYS5860825,D,S,D,2024-10-01,1000000.00,4.119724,102.22265625
08:01:11,912810UC0,TSRYS5860825,D,S,D,2024-10-01,1000000.00,4.099971,102.56640625
08:01:11,912810UC0,TSRYS5860825,D,B,C,2024-10-01,1000000.00,4.097956,102.6015625
08:01:11,912810UC0,TSRYS5860825,D,S,T,2024-10-01,2000000.00,4.123557,102.156148
08:01:11,912810UC0,TSRYS5860825,D,B,C,2024-10-01,1000000.00,4.097956,102.6015625
08:01:11,912810UC0,TSRYS5860825,D,S,T,2024-10-01,1000000.00,4.123551,102.15625
08:01:11,912810UC0,TSRYS5860825,D,B,C,2024-10-01,1000000.00,4.100194,102.5625
08:01:11,912810UC0,TSRYS5860825,D,B,C,2024-10-01,1000000.00,4.098403,102.59375
