tradeTime,cusip,issueSymbolIdentifier,priceType,reportingSideCode,contraPartyTypeCode,tradeDate,reportedTradeVolume,lastSaleYield,lastSalePrice
08:00:03,912810UA4,TSRYS5802849,D,S,T,2024-06-06,1000000.00,4.440463,103.037109375
08:00:03,912810UA4,TSRYS5802849,D,S,T,2024-06-06,1000000.00,4.439999,103.044921875
08:00:03,912810UA4,TSRYS5802849,D,S,T,2024-06-06,1000000.00,4.439999,103.044921875
08:00:03,912810UA4,TSRYS5802849,D,S,D,2024-06-06,1000000.00,4.439883,103.046875
08:00:03,912810UA4,TSRYS5802849,D,B,C,2024-06-06,1000000.00,4.437447,103.087890625
08:00:03,912810UA4,TSRYS5802849,D,S,T,2024-06-06,1000000.00,4.437099,103.09375
08:00:03,912810UA4,TSRYS5802849,D,B,C,2024-06-06,1000000.00,4.436288,103.107421875
08:00:03,912810UA4,TSRYS5802849,D,S,D,2024-06-06,1000000.00,4.434317,103.140625
08:00:03,912810UA4,TSRYS5802849,D,S,D,2024-06-06,1000000.00,4.434317,103.140625
08:00:03,912810UA4,TSRYS5802849,D,S,D,2024-06-06,1000000.00,4.434433,103.138671875
08:00:03,912810UA4,TSRYS5802849,D,S,D,2024-06-06,1000000.00,4.43536,103.123046875
08:00:03,912810UA4,TSRYS5802849,D,B,C,2024-06-06,1000000.00,4.43536,103.123046875
08:00:03,912810UA4,TSRYS5802849,D,S,D,2024-06-06,1000000.00,4.435592,103.119140625
08:00:03,912810UA4,TSRYS5802849,D,S,T,2024-06-06,1000000.00,4.435592,103.119140625
08:00:03,912810UA4,TSRYS5802849,D,B,C,2024-06-06,1000000.00,4.436751,103.099609375
08:00:03,912810UA4,TSRYS5802849,D,S,T,2024-06-06,1000000.00,4.436172,103.109375
08:00:03,912810UA4,TSRYS5802849,D,B,C,2024-06-06,1000000.00,4.43536,103.123046875
08:00:03,912810UA4,TSRYS5802849,D,S,T,2024-06-06,1000000.00,4.435013,103.12890625
08:00:03,912810UA4,TSRYS5802849,D,B,C,2024-06-06,1000000.00,4.434665,103.134765625
08:00:03,912810UA4,TSRYS5802849,D,B,C,2024-06-06,1000000.00,4.434897,103.130859375
08:00:03,912810UA4,TSRYS5802849,D,S,T,2024-06-06,1000000.00,4.434317,103.140625
08:00:03,912810UA4,TSRYS5802849,D,B,C,2024-06-06,1000000.00,4.43536,103.123046875
08:00:03,912810UA4,TSRYS5802849,D,S,T,2024-06-06,1000000.00,4.436172,103.109375
08:00:06,912810UA4,TSRYS5802849,D,S,T,2024-06-06,1000000.00,4.444062,102.9765625
08:00:06,912810UA4,TSRYS5802849,D,S,D,2024-06-06,1000000.00,4.439767,103.048828125
08:00:06,912810UA4,TSRYS5802849,D,S,D,2024-06-06,1000000.00,4.439767,103.048828125
08:00:06,912810UA4,TSRYS5802849,D,S,D,2024-06-06,1000000.00,4.439767,103.048828125
08:00:06,912810UA4,TSRYS5802849,D,S,D,2024-06-06,1000000.00,4.444759,102.96484375
08:00:06,912810UA4,TSRYS5802849,D,S,D,2024-06-06,1000000.00,4.442901,102.99609375
08:00:06,912810UA4,TSRYS5802849,D,S,D,2024-06-06,1000000.00,4.442901,102.99609375
08:00:06,912810UA4,TSRYS5802849,D,S,T,2024-06-06,1000000.00,4.450105,102.875
08:00:06,912810UA4,TSRYS5802849,D,S,D,2024-06-06,1000000.00,4.451268,102.85546875
08:00:06,912810UA4,TSRYS5802849,D,S,C,2024-06-06,1000000.00,4.45185,102.845703125
08:00:06,912810UA4,TSRYS5802849,D,S,D,2024-06-06,1000000.00,4.45057,102.8671875
08:00:06,912810UA4,TSRYS5802849,D,S,C,2024-06-06,1000000.00,4.451385,102.853515625
08:00:06,912810UA4,TSRYS5802849,D,S,T,2024-06-06,1000000.00,4.451501,102.8515625
08:00:06,912810UA4,TSRYS5802849,D,S,D,2024-06-06,1000000.00,4.45476,102.796875
08:00:06,912810UA4,TSRYS5802849,D,S,T,2024-06-06,1000000.00,4.451152,102.857421875
08:00:06,912810UA4,TSRYS5802849,D,S,D,2024-06-06,1000000.00,4.44174,103.015625
08:00:06,912810UA4,TSRYS5802849,D,S,T,2024-06-06,1000000.00,4.449059,102.892578125
08:00:06,912810UA4,TSRYS5802849,D,S,C,2024-06-06,1000000.00,4.451152,102.857421875
08:00:06,912810UA4,TSRYS5802849,D,S,C,2024-06-06,1000000.00,4.451385,102.853515625
08:00:06,912810UA4,TSRYS5802849,D,S,C,2024-06-06,1000000.00,4.45185,102.845703125
08:00:06,912810UA4,TSRYS5802849,D,S,C,2024-06-06,1000000.00,4.453829,102.8125
08:00:06,912810UA4,TSRYS5802849,D,S,D,2024-06-06,5000.00,4.455668,102.78165
08:00:06,912810UA4,TSRYS5802849,D,S,D,2024-06-06,5000.00,4.457531,102.7504
08:00:06,912810UA4,TSRYS5802849,D,S,D,2024-06-06,5000.00,4.457531,102.7504
08:00:06,912810UA4,TSRYS5802849,D,S,D,2024-06-06,5000.00,4.457531,102.7504
08:00:06,912810UA4,TSRYS5802849,D,S,D,2024-06-06,5000.00,4.457555,102.75
08:00:06,912810UA4,TSRYS5802849,D,S,D,2024-06-06,5000.00,4.458463,102.734775
08:00:06,912810UA4,TSRYS5802849,D,S,D,2024-06-06,5000.00,4.458463,102.734775
08:00:06,912810UA4,TSRYS5802849,D,S,D,2024-06-06,5000.00,4.458487,102.734375
08:00:06,912810UA4,TSRYS5802849,D,S,D,2024-06-06,4000.00,4.458487,102.734375
08:00:06,912810UA4,TSRYS5802849,D,S,C,2024-06-06,1000000.00,4.465368,102.619140625
08:00:06,912810UA4,TSRYS5802849,D,S,C,2024-06-06,1000000.00,4.465368,102.619140625
08:00:06,912810UA4,TSRYS5802849,D,S,C,2024-06-06,1000000.00,4.465718,102.61328125
08:00:06,912810UA4,TSRYS5802849,D,S,C,2024-06-06,1000000.00,4.464901,102.626953125
08:00:07,912810UA4,TSRYS5802849,D,S,T,2024-06-06,1000000.00,4.450105,102.875
08:00:09,912810UA4,TSRYS5802849,D,S,T,2024-06-06,1000000.00,4.450105,102.875
08:00:09,912810UA4,TSRYS5802849,D,S,D,2024-06-06,1000000.00,4.439201,103.05859375
08:00:09,912810UA4,TSRYS5802849,D,S,D,2024-06-06,1000000.00,4.439201,103.05859375
08:00:09,912810UA4,TSRYS5802849,D,S,D,2024-06-06,1000000.00,4.439201,103.05859375
08:00:09,912810UA4,TSRYS5802849,D,S,D,2024-06-06,2000000.00,4.433173,103.16016
08:00:10,912810UA4,TSRYS5802849,D,S,D,2024-06-06,1000000.00,4.450105,102.875
08:00:10,912810UA4,TSRYS5802849,D,S,D,2024-06-06,26000000.00,4.453829,102.8125
08:00:10,912810UA4,TSRYS5802849,D,S,D,2024-06-06,1000000.00,4.454527,102.80078125
08:00:10,912810UA4,TSRYS5802849,D,S,D,2024-06-06,1000000.00,4.450338,102.87109375
08:00:10,912810UA4,TSRYS5802849,D,S,D,2024-06-06,1000000.00,4.45057,102.8671875
08:00:10,912810UA4,TSRYS5802849,D,S,D,2024-06-06,1000000.00,4.449175,102.890625
08:00:10,912810UA4,TSRYS5802849,D,S,D,2024-06-06,26000000.00,4.450105,102.875
08:00:11,912810UA4,TSRYS5802849,D,S,D,2024-06-06,1000000.00,4.44871,102.8984375
08:00:11,912810UA4,TSRYS5802849,D,S,D,2024-06-06,1000000.00,4.448942,102.89453125
08:00:11,912810UA4,TSRYS5802849,D,S,A,2024-06-06,11000000.00,4.442668,103.0
08:00:11,912810UA4,TSRYS5802849,D,S,D,2024-06-06,1000000.00,4.435244,103.125
08:00:11,912810UA4,TSRYS5802849,D,S,D,2024-06-06,1000000.00,4.435708,103.1171875
08:00:11,912810UA4,TSRYS5802849,D,S,T,2024-06-06,1000000.00,4.440695,103.033203125
08:00:11,912810UA4,TSRYS5802849,D,S,D,2024-06-06,1000000.00,4.447315,102.921875
08:00:11,912810UA4,TSRYS5802849,D,S,T,2024-06-06,1000000.00,4.451036,102.859375
08:00:11,912810UA4,TSRYS5802849,D,S,T,2024-06-06,1000000.00,4.451036,102.859375
08:00:11,912810UA4,TSRYS5802849,D,S,T,2024-06-06,1000000.00,4.451036,102.859375
08:00:11,912810UA4,TSRYS5802849,D,S,T,2024-06-06,1000000.00,4.451036,102.859375
08:00:11,912810UA4,TSRYS5802849,D,S,T,2024-06-06,1000000.00,4.450919,102.861328125
08:00:11,912810UA4,TSRYS5802849,D,S,T,2024-06-06,1000000.00,4.445456,102.953125
08:00:11,912810UA4,TSRYS5802849,D,S,T,2024-06-06,1000000.00,4.446385,102.9375
08:00:11,912810UA4,TSRYS5802849,D,S,T,2024-06-06,1000000.00,4.444526,102.96875
08:00:11,912810UA4,TSRYS5802849,D,S,T,2024-06-06,1000000.00,4.44174,103.015625
08:00:11,912810UA4,TSRYS5802849,D,S,T,2024-06-06,1000000.00,4.438027,103.078125
08:00:12,912810UA4,TSRYS5802849,D,S,T,2024-06-06,1000000.00,4.450105,102.875
08:00:12,912810UA4,TSRYS5802849,D,S,T,2024-06-06,1000000.00,4.450338,102.87109375
08:00:12,912810UA4,TSRYS5802849,D,S,T,2024-06-06,1000000.00,4.451966,102.84375
08:00:12,912810UA4,TSRYS5802849,D,S,D,2024-06-06,1000000.00,4.451501,102.8515625
08:00:12,912810UA4,TSRYS5802849,D,S,T,2024-06-06,1000000.00,4.451501,102.8515625
08:00:12,912810UA4,TSRYS5802849,D,S,T,2024-06-06,1000000.00,4.454411,102.802734375
08:00:12,912810UA4,TSRYS5802849,D,S,D,2024-06-06,1000000.00,4.450105,102.875
08:00:12,912810UA4,TSRYS5802849,D,S,D,2024-06-06,1000000.00,4.451501,102.8515625
08:00:12,912810UA4,TSRYS5802849,D,S,T,2024-06-06,1000000.00,4.446385,102.9375
08:00:12,912810UA4,TSRYS5802849,D,S,T,2024-06-06,1000000.00,4.446385,102.9375
08:00:12,912810UA4,TSRYS5802849,D,S,T,2024-06-06,1000000.00,4.446385,102.9375
08:00:12,912810UA4,TSRYS5802849,D,S,T,2024-06-06,1000000.00,4.448826,102.896484375
08:00:12,912810UA4,TSRYS5802849,D,S,T,2024-06-06,1000000.00,4.447199,102.923828125
08:00:12,912810UA4,TSRYS5802849,D,S,T,2024-06-06,1000000.00,4.448245,102.90625
08:00:12,912810UA4,TSRYS5802849,D,S,T,2024-06-06,1000000.00,4.450105,102.875
08:00:12,912810UA4,TSRYS5802849,D,S,D,2024-06-06,1000000.00,4.454294,102.8046875
08:00:12,912810UA4,TSRYS5802849,D,S,D,2024-06-06,1000000.00,4.454294,102.8046875
08:00:12,912810UA4,TSRYS5802849,D,S,T,2024-06-06,1000000.00,4.454294,102.8046875
08:00:12,912810UA4,TSRYS5802849,D,S,T,2024-06-06,1000000.00,4.456623,102.765625
08:00:12,912810UA4,TSRYS5802849,D,S,T,2024-06-06,1000000.00,4.457089,102.7578125
08:00:12,912810UA4,TSRYS5802849,D,S,T,2024-06-06,1000000.00,4.457089,102.7578125
08:00:12,912810UA4,TSRYS5802849,D,S,T,2024-06-06,1000000.00,4.458487,102.734375
08:00:12,912810UA4,TSRYS5802849,D,S,T,2024-06-06,1000000.00,4.464084,102.640625
08:00:13,912810UA4,TSRYS5802849,D,S,D,2024-06-06,1000000.00,4.437331,103.08984375
08:00:13,912810UA4,TSRYS5802849,D,S,D,2024-06-06,1000000.00,4.438027,103.078125
08:00:13,912810UA4,TSRYS5802849,D,S,D,2024-06-06,1000000.00,4.438027,103.078125
08:00:14,912810UA4,TSRYS5802849,D,S,D,2024-06-06,1000000.00,4.448129,102.908203125
08:00:14,912810UA4,TSRYS5802849,D,S,D,2024-06-06,1000000.00,4.438027,103.078125
08:00:14,912810UA4,TSRYS5802849,D,S,D,2024-06-06,1000000.00,4.461285,102.6875
08:00:14,912810UA4,TSRYS5802849,D,S,D,2024-06-06,1000000.00,4.438027,103.078125
08:00:14,912810UA4,TSRYS5802849,D,S,D,2024-06-06,1000000.00,4.437331,103.08984375
08:00:15,912810UA4,TSRYS5802849,D,S,D,2024-06-06,1000000.00,4.445688,102.94921875
08:00:15,912810UA4,TSRYS5802849,D,S,T,2024-06-06,1000000.00,4.443597,102.984375
08:00:15,912810UA4,TSRYS5802849,D,S,D,2024-06-06,1000000.00,4.437331,103.08984375
08:00:16,912810UA4,TSRYS5802849,D,S,T,2024-06-06,1000000.00,4.461285,102.6875
08:00:17,912810UA4,TSRYS5802849,D,S,D,2024-06-06,1000000.00,4.436172,103.109375
08:00:17,912810UA4,TSRYS5802849,D,S,D,2024-06-06,1000000.00,4.436172,103.109375
08:00:18,912810UA4,TSRYS5802849,D,S,D,2024-06-06,1000000.00,4.436172,103.109375
08:00:18,912810UA4,TSRYS5802849,D,S,D,2024-06-06,1000000.00,4.435476,103.12109375
08:00:18,912810UA4,TSRYS5802849,D,S,D,2024-06-06,1000000.00,4.435708,103.1171875
08:00:19,912810UA4,TSRYS5802849,D,S,D,2024-06-06,1000000.00,4.444526,102.96875
08:00:19,912810UA4,TSRYS5802849,D,S,D,2024-06-06,1000000.00,4.444526,102.96875
08:00:19,912810UA4,TSRYS5802849,D,S,T,2024-06-06,1000000.00,4.44174,103.015625
08:00:21,912810UA4,TSRYS5802849,D,S,T,2024-06-06,1000000.00,4.441856,103.013671875
08:00:21,912810UA4,TSRYS5802849,D,S,D,2024-06-06,1000000.00,4.44174,103.015625
08:00:22,912810UA4,TSRYS5802849,D,S,T,2024-06-06,1000000.00,4.441624,103.017578125
08:00:22,912810UA4,TSRYS5802849,D,S,T,2024-06-06,1000000.00,4.441624,103.017578125
08:00:22,912810UA4,TSRYS5802849,D,S,T,2024-06-06,1000000.00,4.44174,103.015625
08:00:23,912810UA4,TSRYS5802849,D,S,T,2024-06-06,1000000.00,4.441972,103.01171875
08:00:23,912810UA4,TSRYS5802849,D,S,C,2024-06-06,2000000.00,4.433173,103.16016
08:00:23,912810UA4,TSRYS5802849,D,S,T,2024-06-06,1000000.00,4.442436,103.00390625
08:00:24,912810UA4,TSRYS5802849,D,S,T,2024-06-06,1000000.00,4.445804,102.947265625
08:00:24,912810UA4,TSRYS5802849,D,S,T,2024-06-06,1000000.00,4.446153,102.94140625
08:00:25,912810UA4,TSRYS5802849,D,S,T,2024-06-06,1000000.00,4.44871,102.8984375
08:00:25,912810UA4,TSRYS5802849,D,S,T,2024-06-06,1000000.00,4.448245,102.90625
08:00:25,912810UA4,TSRYS5802849,D,S,T,2024-06-06,1000000.00,4.448245,102.90625
08:00:26,912810UA4,TSRYS5802849,D,S,T,2024-06-06,1000000.00,4.446269,102.939453125
08:00:27,912810UA4,TSRYS5802849,D,S,D,2024-06-06,1000000.00,4.444062,102.9765625
08:00:27,912810UA4,TSRYS5802849,D,S,D,2024-06-06,1000000.00,4.450803,102.86328125
08:00:28,912810UA4,TSRYS5802849,D,S,T,2024-06-06,1000000.00,4.446385,102.9375
08:00:28,912810UA4,TSRYS5802849,D,S,T,2024-06-06,1000000.00,4.446385,102.9375
08:00:28,912810UA4,TSRYS5802849,D,S,T,2024-06-06,1000000.00,4.446385,102.9375
08:00:28,912810UA4,TSRYS5802849,D,S,C,2024-06-06,1000000.00,4.445456,102.953125
08:00:28,912810UA4,TSRYS5802849,D,S,C,2024-06-06,4000000.00,4.445456,102.953125
08:00:28,912810UA4,TSRYS5802849,D,S,C,2024-06-06,1000000.00,4.444526,102.96875
08:00:28,912810UA4,TSRYS5802849,D,S,C,2024-06-06,1000000.00,4.444526,102.96875
08:00:28,912810UA4,TSRYS5802849,D,S,C,2024-06-06,1000000.00,4.444526,102.96875
08:00:28,912810UA4,TSRYS5802849,D,S,C,2024-06-06,1000000.00,4.444526,102.96875
08:00:28,912810UA4,TSRYS5802849,D,B,C,2024-06-06,1000000.00,4.445456,102.953125
08:00:28,912810UA4,TSRYS5802849,D,S,D,2024-06-06,1000000.00,4.445456,102.953125
08:00:28,912810UA4,TSRYS5802849,D,S,D,2024-06-06,1000000.00,4.445456,102.953125
08:00:28,912810UA4,TSRYS5802849,D,B,C,2024-06-06,1000000.00,4.445456,102.953125
08:00:28,912810UA4,TSRYS5802849,D,B,C,2024-06-06,3000000.00,4.445456,102.953125
08:00:28,912810UA4,TSRYS5802849,D,S,D,2024-06-06,1000000.00,4.445456,102.953125
08:00:28,912810UA4,TSRYS5802849,D,B,C,2024-06-06,1000000.00,4.445456,102.953125
08:00:28,912810UA4,TSRYS5802849,D,S,D,2024-06-06,9000000.00,4.445456,102.953125
08:00:28,912810UA4,TSRYS5802849,D,B,C,2024-06-06,9000000.00,4.445456,102.953125
08:00:28,912810UA4,TSRYS5802849,D,S,D,2024-06-06,3000000.00,4.445456,102.953125
08:00:29,912810UA4,TSRYS5802849,D,S,C,2024-06-06,3000000.00,4.449849,102.87930625
08:00:29,912810UA4,TSRYS5802849,D,S,D,2024-06-06,1000000.00,4.445456,102.953125
08:00:29,912810UA4,TSRYS5802849,D,B,C,2024-06-06,1000000.00,4.445456,102.953125
08:00:29,912810UA4,TSRYS5802849,D,S,D,2024-06-06,1000000.00,4.445456,102.953125
08:00:29,912810UA4,TSRYS5802849,D,B,C,2024-06-06,1000000.00,4.445456,102.953125
08:00:29,912810UA4,TSRYS5802849,D,S,C,2024-06-06,1000.00,4.450081,102.8754
08:00:30,912810UA4,TSRYS5802849,D,S,T,2024-06-06,1000000.00,4.438027,103.078125
08:00:30,912810UA4,TSRYS5802849,D,S,T,2024-06-06,1000000.00,4.437099,103.09375
08:00:30,912810UA4,TSRYS5802849,D,S,T,2024-06-06,1000000.00,4.437099,103.09375
08:00:30,912810UA4,TSRYS5802849,D,S,T,2024-06-06,1000000.00,4.437099,103.09375
08:00:30,912810UA4,TSRYS5802849,D,S,T,2024-06-06,1000000.00,4.437099,103.09375
08:00:30,912810UA4,TSRYS5802849,D,S,T,2024-06-06,1000000.00,4.437099,103.09375
08:00:30,912810UA4,TSRYS5802849,D,S,T,2024-06-06,1000000.00,4.437099,103.09375
08:00:30,912810UA4,TSRYS5802849,D,S,T,2024-06-06,1000000.00,4.437099,103.09375
08:00:30,912810UA4,TSRYS5802849,D,S,T,2024-06-06,1000000.00,4.437099,103.09375
08:00:30,912810UA4,TSRYS5802849,D,S,T,2024-06-06,1000000.00,4.437099,103.09375
08:00:30,912810UA4,TSRYS5802849,D,S,T,2024-06-06,1000000.00,4.437099,103.09375
08:00:30,912810UA4,TSRYS5802849,D,S,T,2024-06-06,1000000.00,4.437099,103.09375
08:00:30,912810UA4,TSRYS5802849,D,S,T,2024-06-06,1000000.00,4.437099,103.09375
08:00:30,912810UA4,TSRYS5802849,D,S,T,2024-06-06,1000000.00,4.437099,103.09375
08:00:30,912810UA4,TSRYS5802849,D,S,T,2024-06-06,1000000.00,4.438027,103.078125
08:00:30,912810UA4,TSRYS5802849,D,S,T,2024-06-06,1000000.00,4.438027,103.078125
08:00:30,912810UA4,TSRYS5802849,D,S,T,2024-06-06,1000000.00,4.438027,103.078125
08:00:30,912810UA4,TSRYS5802849,D,S,T,2024-06-06,1000000.00,4.438027,103.078125
08:00:30,912810UA4,TSRYS5802849,D,S,T,2024-06-06,1000000.00,4.438027,103.078125
08:00:30,912810UA4,TSRYS5802849,D,S,T,2024-06-06,1000000.00,4.438027,103.078125
08:00:30,912810UA4,TSRYS5802849,D,S,T,2024-06-06,1000000.00,4.438027,103.078125
08:00:30,912810UA4,TSRYS5802849,D,S,T,2024-06-06,1000000.00,4.438027,103.078125
08:00:30,912810UA4,TSRYS5802849,D,S,T,2024-06-06,1000000.00,4.438027,103.078125
08:00:30,912810UA4,TSRYS5802849,D,S,T,2024-06-06,1000000.00,4.437099,103.09375
08:00:30,912810UA4,TSRYS5802849,D,S,T,2024-06-06,1000000.00,4.437099,103.09375
08:00:30,912810UA4,TSRYS5802849,D,S,T,2024-06-06,1000000.00,4.440811,103.03125
08:00:30,912810UA4,TSRYS5802849,D,S,T,2024-06-06,2000000.00,4.445456,102.953125
08:00:30,912810UA4,TSRYS5802849,D,S,T,2024-06-06,1000000.00,4.445456,102.953125
08:00:30,912810UA4,TSRYS5802849,D,S,T,2024-06-06,1000000.00,4.444178,102.974609375
08:00:30,912810UA4,TSRYS5802849,D,S,T,2024-06-06,1000000.00,4.444294,102.97265625
08:00:30,912810UA4,TSRYS5802849,D,S,T,2024-06-06,1000000.00,4.444526,102.96875
08:00:30,912810UA4,TSRYS5802849,D,S,T,2024-06-06,1000000.00,4.450919,102.861328125
08:00:30,912810UA4,TSRYS5802849,D,S,T,2024-06-06,1000000.00,4.452083,102.841796875
08:00:30,912810UA4,TSRYS5802849,D,S,T,2024-06-06,1000000.00,4.451966,102.84375
08:00:30,912810UA4,TSRYS5802849,D,S,T,2024-06-06,1000000.00,4.445456,102.953125
08:00:30,912810UA4,TSRYS5802849,D,S,T,2024-06-06,1000000.00,4.446385,102.9375
08:00:30,912810UA4,TSRYS5802849,D,S,T,2024-06-06,1000000.00,4.446385,102.9375
08:00:30,912810UA4,TSRYS5802849,D,S,T,2024-06-06,1000000.00,4.440811,103.03125
08:00:30,912810UA4,TSRYS5802849,D,S,T,2024-06-06,1000000.00,4.440811,103.03125
08:00:30,912810UA4,TSRYS5802849,D,S,T,2024-06-06,1000000.00,4.440811,103.03125
08:00:30,912810UA4,TSRYS5802849,D,S,T,2024-06-06,1000000.00,4.440811,103.03125
08:00:30,912810UA4,TSRYS5802849,D,S,T,2024-06-06,1000000.00,4.440811,103.03125
08:00:30,912810UA4,TSRYS5802849,D,S,T,2024-06-06,1000000.00,4.440811,103.03125
08:00:30,912810UA4,TSRYS5802849,D,S,T,2024-06-06,1000000.00,4.443597,102.984375
08:00:30,912810UA4,TSRYS5802849,D,S,T,2024-06-06,1000000.00,4.443597,102.984375
08:00:30,912810UA4,TSRYS5802849,D,S,T,2024-06-06,1000000.00,4.442668,103.0
08:00:30,912810UA4,TSRYS5802849,D,S,T,2024-06-06,1000000.00,4.443597,102.984375
08:00:30,912810UA4,TSRYS5802849,D,S,T,2024-06-06,1000000.00,4.443597,102.984375
08:00:30,912810UA4,TSRYS5802849,D,S,T,2024-06-06,1000000.00,4.443597,102.984375
08:00:30,912810UA4,TSRYS5802849,D,S,T,2024-06-06,1000000.00,4.445456,102.953125
08:00:30,912810UA4,TSRYS5802849,D,S,T,2024-06-06,1000000.00,4.443597,102.984375
08:00:30,912810UA4,TSRYS5802849,D,S,T,2024-06-06,1000000.00,4.443597,102.984375
08:00:30,912810UA4,TSRYS5802849,D,S,T,2024-06-06,1000000.00,4.44174,103.015625
08:00:30,912810UA4,TSRYS5802849,D,S,T,2024-06-06,1000000.00,4.44174,103.015625
08:00:30,912810UA4,TSRYS5802849,D,S,T,2024-06-06,1000000.00,4.44174,103.015625
08:00:30,912810UA4,TSRYS5802849,D,S,T,2024-06-06,1000000.00,4.44174,103.015625
08:00:30,912810UA4,TSRYS5802849,D,S,T,2024-06-06,1000000.00,4.44174,103.015625
08:00:30,912810UA4,TSRYS5802849,D,S,T,2024-06-06,1000000.00,4.44174,103.015625
08:00:30,912810UA4,TSRYS5802849,D,S,T,2024-06-06,1000000.00,4.44174,103.015625
08:00:30,912810UA4,TSRYS5802849,D,S,T,2024-06-06,1000000.00,4.44174,103.015625
08:00:30,912810UA4,TSRYS5802849,D,S,T,2024-06-06,1000000.00,4.44174,103.015625
08:00:30,912810UA4,TSRYS5802849,D,S,T,2024-06-06,1000000.00,4.438027,103.078125
08:00:33,912810UA4,TSRYS5802849,D,S,T,2024-06-06,1000000.00,4.438027,103.078125
08:00:33,912810UA4,TSRYS5802849,D,S,T,2024-06-06,1000000.00,4.438955,103.0625
08:00:33,912810UA4,TSRYS5802849,D,S,T,2024-06-06,1000000.00,4.438955,103.0625
08:00:33,912810UA4,TSRYS5802849,D,S,T,2024-06-06,1000000.00,4.440811,103.03125
08:00:33,912810UA4,TSRYS5802849,D,S,T,2024-06-06,1000000.00,4.440811,103.03125
08:00:33,912810UA4,TSRYS5802849,D,S,T,2024-06-06,1000000.00,4.443597,102.984375
08:00:33,912810UA4,TSRYS5802849,D,S,T,2024-06-06,1000000.00,4.439883,103.046875
08:00:33,912810UA4,TSRYS5802849,D,S,T,2024-06-06,1000000.00,4.443946,102.978515625
08:00:33,912810UA4,TSRYS5802849,D,S,T,2024-06-06,1000000.00,4.445456,102.953125
08:00:33,912810UA4,TSRYS5802849,D,S,T,2024-06-06,1000000.00,4.448245,102.90625
08:00:33,912810UA4,TSRYS5802849,D,S,T,2024-06-06,1000000.00,4.445456,102.953125
08:00:33,912810UA4,TSRYS5802849,D,S,T,2024-06-06,1000000.00,4.449756,102.880859375
08:00:33,912810UA4,TSRYS5802849,D,S,T,2024-06-06,1000000.00,4.449175,102.890625
08:00:33,912810UA4,TSRYS5802849,D,S,T,2024-06-06,1000000.00,4.447315,102.921875
08:00:33,912810UA4,TSRYS5802849,D,S,T,2024-06-06,1000000.00,4.447315,102.921875
08:00:33,912810UA4,TSRYS5802849,D,S,T,2024-06-06,1000000.00,4.447315,102.921875
08:00:33,912810UA4,TSRYS5802849,D,S,T,2024-06-06,1000000.00,4.447315,102.921875
08:00:33,912810UA4,TSRYS5802849,D,S,T,2024-06-06,1000000.00,4.448245,102.90625
08:00:33,912810UA4,TSRYS5802849,D,S,T,2024-06-06,1000000.00,4.449175,102.890625
08:00:33,912810UA4,TSRYS5802849,D,S,T,2024-06-06,1000000.00,4.449524,102.884765625
08:00:33,912810UA4,TSRYS5802849,D,S,T,2024-06-06,1000000.00,4.449407,102.88671875
08:00:33,912810UA4,TSRYS5802849,D,S,T,2024-06-06,1000000.00,4.451966,102.84375
08:00:33,912810UA4,TSRYS5802849,D,S,T,2024-06-06,1000000.00,4.451966,102.84375
08:00:33,912810UA4,TSRYS5802849,D,S,T,2024-06-06,1000000.00,4.451966,102.84375
08:00:33,912810UA4,TSRYS5802849,D,S,T,2024-06-06,1000000.00,4.448245,102.90625
08:00:33,912810UA4,TSRYS5802849,D,S,T,2024-06-06,1000000.00,4.448245,102.90625
08:00:33,912810UA4,TSRYS5802849,D,S,T,2024-06-06,1000000.00,4.448245,102.90625
08:00:33,912810UA4,TSRYS5802849,D,S,T,2024-06-06,1000000.00,4.448245,102.90625
08:00:33,912810UA4,TSRYS5802849,D,S,T,2024-06-06,1000000.00,4.450105,102.875
08:00:33,912810UA4,TSRYS5802849,D,S,T,2024-06-06,1000000.00,4.449175,102.890625
08:00:33,912810UA4,TSRYS5802849,D,S,T,2024-06-06,1000000.00,4.449175,102.890625
08:00:33,912810UA4,TSRYS5802849,D,S,T,2024-06-06,1000000.00,4.450105,102.875
08:00:33,912810UA4,TSRYS5802849,D,S,T,2024-06-06,1000000.00,4.45057,102.8671875
08:00:33,912810UA4,TSRYS5802849,D,S,T,2024-06-06,1000000.00,4.450454,102.869140625
08:00:33,912810UA4,TSRYS5802849,D,S,T,2024-06-06,1000000.00,4.450338,102.87109375
08:00:33,912810UA4,TSRYS5802849,D,S,T,2024-06-06,1000000.00,4.450222,102.873046875
08:00:33,912810UA4,TSRYS5802849,D,S,T,2024-06-06,1000000.00,4.450105,102.875
08:00:33,912810UA4,TSRYS5802849,D,S,T,2024-06-06,1000000.00,4.451966,102.84375
08:00:33,912810UA4,TSRYS5802849,D,S,T,2024-06-06,2000000.00,4.451966,102.84375
08:00:33,912810UA4,TSRYS5802849,D,S,T,2024-06-06,1000000.00,4.451966,102.84375
08:00:33,912810UA4,TSRYS5802849,D,S,T,2024-06-06,1000000.00,4.453829,102.8125
08:00:33,912810UA4,TSRYS5802849,D,S,T,2024-06-06,1000000.00,4.453829,102.8125
08:00:33,912810UA4,TSRYS5802849,D,S,T,2024-06-06,1000000.00,4.453829,102.8125
08:00:33,912810UA4,TSRYS5802849,D,S,T,2024-06-06,1000000.00,4.45476,102.796875
08:00:33,912810UA4,TSRYS5802849,D,S,T,2024-06-06,1000000.00,4.45476,102.796875
08:00:33,912810UA4,TSRYS5802849,D,S,T,2024-06-06,1000000.00,4.45476,102.796875
08:00:33,912810UA4,TSRYS5802849,D,S,T,2024-06-06,1000000.00,4.452897,102.828125
08:00:33,912810UA4,TSRYS5802849,D,S,T,2024-06-06,1000000.00,4.451966,102.84375
08:00:33,912810UA4,TSRYS5802849,D,S,T,2024-06-06,1000000.00,4.450105,102.875
08:00:33,912810UA4,TSRYS5802849,D,S,T,2024-06-06,1000000.00,4.451036,102.859375
08:00:33,912810UA4,TSRYS5802849,D,S,T,2024-06-06,1000000.00,4.450454,102.869140625
08:00:33,912810UA4,TSRYS5802849,D,S,T,2024-06-06,1000000.00,4.451966,102.84375
08:00:33,912810UA4,TSRYS5802849,D,S,T,2024-06-06,1000000.00,4.451966,102.84375
08:00:33,912810UA4,TSRYS5802849,D,S,T,2024-06-06,1000000.00,4.451966,102.84375
08:00:33,912810UA4,TSRYS5802849,D,S,T,2024-06-06,1000000.00,4.451966,102.84375
08:00:33,912810UA4,TSRYS5802849,D,S,T,2024-06-06,1000000.00,4.453479,102.818359375
08:00:33,912810UA4,TSRYS5802849,D,S,T,2024-06-06,1000000.00,4.444526,102.96875
08:00:33,912810UA4,TSRYS5802849,D,S,T,2024-06-06,1000000.00,4.442668,103.0
08:00:33,912810UA4,TSRYS5802849,D,S,T,2024-06-06,1000000.00,4.44174,103.015625
08:00:33,912810UA4,TSRYS5802849,D,S,T,2024-06-06,1000000.00,4.44174,103.015625
08:00:33,912810UA4,TSRYS5802849,D,S,T,2024-06-06,1000000.00,4.44174,103.015625
08:00:33,912810UA4,TSRYS5802849,D,S,T,2024-06-06,1000000.00,4.442668,103.0
08:00:33,912810UA4,TSRYS5802849,D,S,T,2024-06-06,1000000.00,4.442668,103.0
08:00:33,912810UA4,TSRYS5802849,D,S,T,2024-06-06,1000000.00,4.439883,103.046875
08:00:33,912810UA4,TSRYS5802849,D,S,T,2024-06-06,1000000.00,4.438955,103.0625
08:00:33,912810UA4,TSRYS5802849,D,S,T,2024-06-06,1000000.00,4.438955,103.0625
08:00:33,912810UA4,TSRYS5802849,D,S,T,2024-06-06,1000000.00,4.440811,103.03125
08:00:33,912810UA4,TSRYS5802849,D,S,T,2024-06-06,1000000.00,4.440811,103.03125
08:00:33,912810UA4,TSRYS5802849,D,S,T,2024-06-06,1000000.00,4.440811,103.03125
08:00:33,912810UA4,TSRYS5802849,D,S,T,2024-06-06,1000000.00,4.440811,103.03125
08:00:33,912810UA4,TSRYS5802849,D,S,T,2024-06-06,1000000.00,4.44174,103.015625
08:00:33,912810UA4,TSRYS5802849,D,S,T,2024-06-06,1000000.00,4.445456,102.953125
08:00:33,912810UA4,TSRYS5802849,D,S,T,2024-06-06,1000000.00,4.445572,102.951171875
08:00:33,912810UA4,TSRYS5802849,D,S,T,2024-06-06,1000000.00,4.447315,102.921875
08:00:33,912810UA4,TSRYS5802849,D,S,T,2024-06-06,1000000.00,4.446618,102.93359375
08:00:33,912810UA4,TSRYS5802849,D,S,T,2024-06-06,1000000.00,4.446501,102.935546875
08:00:33,912810UA4,TSRYS5802849,D,S,T,2024-06-06,1000000.00,4.446385,102.9375
08:00:33,912810UA4,TSRYS5802849,D,S,T,2024-06-06,1000000.00,4.446385,102.9375
08:00:33,912810UA4,TSRYS5802849,D,S,T,2024-06-06,2000000.00,4.446385,102.9375
08:00:33,912810UA4,TSRYS5802849,D,S,T,2024-06-06,1000000.00,4.446385,102.9375
08:00:33,912810UA4,TSRYS5802849,D,S,T,2024-06-06,1000000.00,4.447315,102.921875
08:00:33,912810UA4,TSRYS5802849,D,S,T,2024-06-06,1000000.00,4.446385,102.9375
08:00:33,912810UA4,TSRYS5802849,D,S,T,2024-06-06,1000000.00,4.447315,102.921875
08:00:33,912810UA4,TSRYS5802849,D,S,T,2024-06-06,1000000.00,4.447315,102.921875
08:00:33,912810UA4,TSRYS5802849,D,S,T,2024-06-06,1000000.00,4.448361,102.904296875
08:00:33,912810UA4,TSRYS5802849,D,S,T,2024-06-06,1000000.00,4.448245,102.90625
08:00:33,912810UA4,TSRYS5802849,D,S,D,2024-06-06,1000000.00,4.448477,102.90234375
08:00:33,912810UA4,TSRYS5802849,D,S,T,2024-06-06,1000000.00,4.44685,102.9296875
08:00:33,912810UA4,TSRYS5802849,D,S,T,2024-06-06,1000000.00,4.446385,102.9375
08:00:33,912810UA4,TSRYS5802849,D,S,T,2024-06-06,1000000.00,4.447431,102.919921875
08:00:33,912810UA4,TSRYS5802849,D,S,T,2024-06-06,1000000.00,4.448942,102.89453125
08:00:33,912810UA4,TSRYS5802849,D,S,T,2024-06-06,1000000.00,4.449175,102.890625
08:00:33,912810UA4,TSRYS5802849,D,S,T,2024-06-06,1000000.00,4.449175,102.890625
08:00:33,912810UA4,TSRYS5802849,D,S,T,2024-06-06,3000000.00,4.449175,102.890625
08:00:33,912810UA4,TSRYS5802849,D,S,T,2024-06-06,1000000.00,4.449175,102.890625
08:00:33,912810UA4,TSRYS5802849,D,S,T,2024-06-06,1000000.00,4.451036,102.859375
08:00:33,912810UA4,TSRYS5802849,D,S,T,2024-06-06,1000000.00,4.453829,102.8125
08:00:33,912810UA4,TSRYS5802849,D,S,T,2024-06-06,1000000.00,4.453829,102.8125
08:00:33,912810UA4,TSRYS5802849,D,S,T,2024-06-06,1000000.00,4.453596,102.81640625
08:00:33,912810UA4,TSRYS5802849,D,S,T,2024-06-06,1000000.00,4.456623,102.765625
08:00:33,912810UA4,TSRYS5802849,D,S,T,2024-06-06,1000000.00,4.455691,102.78125
08:00:33,912810UA4,TSRYS5802849,D,S,T,2024-06-06,1000000.00,4.45476,102.796875
08:00:33,912810UA4,TSRYS5802849,D,S,T,2024-06-06,1000000.00,4.455691,102.78125
08:00:33,912810UA4,TSRYS5802849,D,S,T,2024-06-06,1000000.00,4.455691,102.78125
08:00:33,912810UA4,TSRYS5802849,D,S,T,2024-06-06,1000000.00,4.455109,102.791015625
08:00:33,912810UA4,TSRYS5802849,D,S,T,2024-06-06,1000000.00,4.454876,102.794921875
08:00:33,912810UA4,TSRYS5802849,D,S,T,2024-06-06,1000000.00,4.454993,102.79296875
08:00:33,912810UA4,TSRYS5802849,D,S,T,2024-06-06,1000000.00,4.45476,102.796875
08:00:33,912810UA4,TSRYS5802849,D,S,T,2024-06-06,1000000.00,4.455691,102.78125
08:00:33,912810UA4,TSRYS5802849,D,S,T,2024-06-06,1000000.00,4.455691,102.78125
08:00:33,912810UA4,TSRYS5802849,D,S,T,2024-06-06,1000000.00,4.455691,102.78125
08:00:33,912810UA4,TSRYS5802849,D,S,T,2024-06-06,1000000.00,4.455691,102.78125
08:00:33,912810UA4,TSRYS5802849,D,S,T,2024-06-06,1000000.00,4.455691,102.78125
08:00:33,912810UA4,TSRYS5802849,D,S,T,2024-06-06,1000000.00,4.455691,102.78125
08:00:33,912810UA4,TSRYS5802849,D,S,T,2024-06-06,1000000.00,4.455691,102.78125
08:00:33,912810UA4,TSRYS5802849,D,S,T,2024-06-06,1000000.00,4.455691,102.78125
08:00:33,912810UA4,TSRYS5802849,D,S,T,2024-06-06,1000000.00,4.455691,102.78125
08:00:33,912810UA4,TSRYS5802849,D,S,T,2024-06-06,1000000.00,4.455691,102.78125
08:00:33,912810UA4,TSRYS5802849,D,S,T,2024-06-06,1000000.00,4.457555,102.75
08:00:33,912810UA4,TSRYS5802849,D,S,T,2024-06-06,1000000.00,4.458487,102.734375
08:00:33,912810UA4,TSRYS5802849,D,S,T,2024-06-06,1000000.00,4.458487,102.734375
08:00:33,912810UA4,TSRYS5802849,D,S,T,2024-06-06,1000000.00,4.457555,102.75
08:00:33,912810UA4,TSRYS5802849,D,S,T,2024-06-06,1000000.00,4.462218,102.671875
08:00:33,912810UA4,TSRYS5802849,D,S,T,2024-06-06,1000000.00,4.462218,102.671875
08:00:33,912810UA4,TSRYS5802849,D,S,T,2024-06-06,1000000.00,4.463151,102.65625
08:00:33,912810UA4,TSRYS5802849,D,S,T,2024-06-06,1000000.00,4.463734,102.646484375
08:00:33,912810UA4,TSRYS5802849,D,S,T,2024-06-06,1000000.00,4.464668,102.630859375
08:00:33,912810UA4,TSRYS5802849,D,S,T,2024-06-06,1000000.00,4.464318,102.63671875
08:00:33,912810UA4,TSRYS5802849,D,S,T,2024-06-06,1000000.00,4.463734,102.646484375
08:00:33,912810UA4,TSRYS5802849,D,S,T,2024-06-06,2000000.00,4.465018,102.625
08:00:33,912810UA4,TSRYS5802849,D,S,T,2024-06-06,1000000.00,4.465018,102.625
08:00:33,912810UA4,TSRYS5802849,D,S,T,2024-06-06,1000000.00,4.462218,102.671875
08:00:33,912810UA4,TSRYS5802849,D,S,T,2024-06-06,1000000.00,4.462218,102.671875
08:00:33,912810UA4,TSRYS5802849,D,S,T,2024-06-06,1000000.00,4.463151,102.65625
08:00:33,912810UA4,TSRYS5802849,D,S,T,2024-06-06,1000000.00,4.464084,102.640625
08:00:33,912810UA4,TSRYS5802849,D,S,T,2024-06-06,1000000.00,4.461285,102.6875
08:00:33,912810UA4,TSRYS5802849,D,S,D,2024-06-06,1000000.00,4.437331,103.08984375
08:00:33,912810UA4,TSRYS5802849,D,S,D,2024-06-06,1000000.00,4.436172,103.109375
08:00:33,912810UA4,TSRYS5802849,D,S,D,2024-06-06,1000000.00,4.444062,102.9765625
08:00:33,912810UA4,TSRYS5802849,D,S,D,2024-06-06,1000000.00,4.446385,102.9375
08:00:33,912810UA4,TSRYS5802849,D,S,D,2024-06-06,1000000.00,4.450803,102.86328125
08:00:33,912810UA4,TSRYS5802849,D,S,D,2024-06-06,1000000.00,4.451734,102.84765625
08:00:33,912810UA4,TSRYS5802849,D,S,D,2024-06-06,1000000.00,4.442436,103.00390625
08:00:33,912810UA4,TSRYS5802849,D,S,D,2024-06-06,1000000.00,4.444759,102.96484375
08:00:33,912810UA4,TSRYS5802849,D,S,D,2024-06-06,1000000.00,4.442668,103.0
08:00:33,912810UA4,TSRYS5802849,D,S,D,2024-06-06,1000000.00,4.442668,103.0
08:00:33,912810UA4,TSRYS5802849,D,S,D,2024-06-06,1000000.00,4.441972,103.01171875
08:00:33,912810UA4,TSRYS5802849,D,S,D,2024-06-06,1000000.00,4.441972,103.01171875
08:00:33,912810UA4,TSRYS5802849,D,S,D,2024-06-06,1000000.00,4.44778,102.9140625
08:00:33,912810UA4,TSRYS5802849,D,S,D,2024-06-06,1000000.00,4.44778,102.9140625
08:00:33,912810UA4,TSRYS5802849,D,S,D,2024-06-06,1000000.00,4.448477,102.90234375
08:00:33,912810UA4,TSRYS5802849,D,S,D,2024-06-06,1000000.00,4.445456,102.953125
08:00:33,912810UA4,TSRYS5802849,D,S,D,2024-06-06,1000000.00,4.44778,102.9140625
08:00:33,912810UA4,TSRYS5802849,D,S,D,2024-06-06,1000000.00,4.44778,102.9140625
08:00:33,912810UA4,TSRYS5802849,D,S,D,2024-06-06,1000000.00,4.447082,102.92578125
08:00:33,912810UA4,TSRYS5802849,D,S,D,2024-06-06,1000000.00,4.448245,102.90625
08:00:33,912810UA4,TSRYS5802849,D,S,D,2024-06-06,1000000.00,4.451036,102.859375
08:00:33,912810UA4,TSRYS5802849,D,S,D,2024-06-06,1000000.00,4.451501,102.8515625
08:00:33,912810UA4,TSRYS5802849,D,S,D,2024-06-06,1000000.00,4.451268,102.85546875
08:00:33,912810UA4,TSRYS5802849,D,S,D,2024-06-06,1000000.00,4.451966,102.84375
08:00:33,912810UA4,TSRYS5802849,D,S,D,2024-06-06,1000000.00,4.45313,102.82421875
08:00:33,912810UA4,TSRYS5802849,D,S,D,2024-06-06,1000000.00,4.44964,102.8828125
08:00:33,912810UA4,TSRYS5802849,D,S,D,2024-06-06,1000000.00,4.450105,102.875
08:00:33,912810UA4,TSRYS5802849,D,S,D,2024-06-06,1000000.00,4.44964,102.8828125
08:00:33,912810UA4,TSRYS5802849,D,S,D,2024-06-06,1000000.00,4.451966,102.84375
08:00:33,912810UA4,TSRYS5802849,D,S,D,2024-06-06,1000000.00,4.442204,103.0078125
08:00:33,912810UA4,TSRYS5802849,D,S,D,2024-06-06,1000000.00,4.442901,102.99609375
08:00:33,912810UA4,TSRYS5802849,D,S,D,2024-06-06,1000000.00,4.448942,102.89453125
08:00:33,912810UA4,TSRYS5802849,D,S,D,2024-06-06,1000000.00,4.451036,102.859375
08:00:33,912810UA4,TSRYS5802849,D,S,D,2024-06-06,1000000.00,4.451036,102.859375
08:00:33,912810UA4,TSRYS5802849,D,S,D,2024-06-06,1000000.00,4.452432,102.8359375
08:00:33,912810UA4,TSRYS5802849,D,S,D,2024-06-06,1000000.00,4.465018,102.625
08:00:33,912810UA4,TSRYS5802849,D,S,D,2024-06-06,1000000.00,4.464551,102.6328125
08:00:33,912810UA4,TSRYS5802849,D,S,D,2024-06-06,1000000.00,4.464084,102.640625
08:00:33,912810UA4,TSRYS5802849,D,S,D,2024-06-06,1000000.00,4.462918,102.66015625
08:00:33,912810UA4,TSRYS5802849,D,S,D,2024-06-06,1000000.00,4.462918,102.66015625
08:00:33,912810UA4,TSRYS5802849,D,S,D,2024-06-06,1000000.00,4.437447,103.087890625
08:00:33,912810UA4,TSRYS5802849,D,S,D,2024-06-06,1000000.00,4.435013,103.12890625
08:00:33,912810UA4,TSRYS5802849,D,S,D,2024-06-06,1000000.00,4.435013,103.12890625
08:00:33,912810UA4,TSRYS5802849,D,S,D,2024-06-06,1000000.00,4.43594,103.11328125
08:00:33,912810UA4,TSRYS5802849,D,S,D,2024-06-06,1000000.00,4.436519,103.103515625
08:00:33,912810UA4,TSRYS5802849,D,S,D,2024-06-06,1000000.00,4.436751,103.099609375
08:00:33,912810UA4,TSRYS5802849,D,S,D,2024-06-06,1000000.00,4.447315,102.921875
08:00:33,912810UA4,TSRYS5802849,D,S,D,2024-06-06,1000000.00,4.447315,102.921875
08:00:33,912810UA4,TSRYS5802849,D,S,D,2024-06-06,1000000.00,4.445456,102.953125
08:00:33,912810UA4,TSRYS5802849,D,S,D,2024-06-06,1000000.00,4.44592,102.9453125
08:00:33,912810UA4,TSRYS5802849,D,S,D,2024-06-06,1000000.00,4.442552,103.001953125
08:00:33,912810UA4,TSRYS5802849,D,S,D,2024-06-06,1000000.00,4.444759,102.96484375
08:00:33,912810UA4,TSRYS5802849,D,S,D,2024-06-06,1000000.00,4.44174,103.015625
08:00:33,912810UA4,TSRYS5802849,D,S,D,2024-06-06,1000000.00,4.447896,102.912109375
08:00:33,912810UA4,TSRYS5802849,D,S,D,2024-06-06,1000000.00,4.449175,102.890625
08:00:33,912810UA4,TSRYS5802849,D,S,D,2024-06-06,1000000.00,4.44871,102.8984375
08:00:34,912810UA4,TSRYS5802849,D,S,D,2024-06-06,1000000.00,4.451036,102.859375
08:00:34,912810UA4,TSRYS5802849,D,S,D,2024-06-06,1000000.00,4.451036,102.859375
08:00:34,912810UA4,TSRYS5802849,D,S,D,2024-06-06,1000000.00,4.45057,102.8671875
08:00:34,912810UA4,TSRYS5802849,D,S,D,2024-06-06,1000000.00,4.450454,102.869140625
08:00:34,912810UA4,TSRYS5802849,D,S,D,2024-06-06,1000000.00,4.450919,102.861328125
08:00:34,912810UA4,TSRYS5802849,D,S,D,2024-06-06,1000000.00,4.450919,102.861328125
08:00:34,912810UA4,TSRYS5802849,D,S,D,2024-06-06,1000000.00,4.450919,102.861328125
08:00:34,912810UA4,TSRYS5802849,D,S,D,2024-06-06,1000000.00,4.454643,102.798828125
08:00:34,912810UA4,TSRYS5802849,D,S,D,2024-06-06,1000000.00,4.45313,102.82421875
08:00:34,912810UA4,TSRYS5802849,D,S,D,2024-06-06,1000000.00,4.45313,102.82421875
08:00:34,912810UA4,TSRYS5802849,D,S,D,2024-06-06,1000000.00,4.452897,102.828125
08:00:34,912810UA4,TSRYS5802849,D,S,D,2024-06-06,1000000.00,4.44964,102.8828125
08:00:34,912810UA4,TSRYS5802849,D,S,D,2024-06-06,1000000.00,4.451501,102.8515625
08:00:34,912810UA4,TSRYS5802849,D,S,D,2024-06-06,1000000.00,4.443829,102.98046875
08:00:34,912810UA4,TSRYS5802849,D,S,D,2024-06-06,1000000.00,4.444294,102.97265625
08:00:34,912810UA4,TSRYS5802849,D,S,D,2024-06-06,2000000.00,4.442088,103.009765625
08:00:34,912810UA4,TSRYS5802849,D,S,D,2024-06-06,2000000.00,4.44174,103.015625
08:00:34,912810UA4,TSRYS5802849,D,S,D,2024-06-06,1000000.00,4.44174,103.015625
08:00:34,912810UA4,TSRYS5802849,D,S,D,2024-06-06,1000000.00,4.448477,102.90234375
08:00:34,912810UA4,TSRYS5802849,D,S,D,2024-06-06,1000000.00,4.448361,102.904296875
08:00:34,912810UA4,TSRYS5802849,D,S,D,2024-06-06,1000000.00,4.446734,102.931640625
08:00:34,912810UA4,TSRYS5802849,D,S,D,2024-06-06,1000000.00,4.446618,102.93359375
08:00:34,912810UA4,TSRYS5802849,D,S,D,2024-06-06,1000000.00,4.453712,102.814453125
08:00:34,912810UA4,TSRYS5802849,D,S,D,2024-06-06,1000000.00,4.454294,102.8046875
08:00:34,912810UA4,TSRYS5802849,D,S,D,2024-06-06,1000000.00,4.463618,102.6484375
08:00:34,912810UA4,TSRYS5802849,D,S,D,2024-06-06,1000000.00,4.463268,102.654296875
08:00:34,912810UA4,TSRYS5802849,D,S,D,2024-06-06,1000000.00,4.462918,102.66015625
08:00:34,912810UA4,TSRYS5802849,D,S,T,2024-06-06,1000000.00,4.439767,103.048828125
08:00:34,912810UA4,TSRYS5802849,D,S,T,2024-06-06,1000000.00,4.439767,103.048828125
08:00:34,912810UA4,TSRYS5802849,D,S,T,2024-06-06,1000000.00,4.439767,103.048828125
08:00:34,912810UA4,TSRYS5802849,D,S,T,2024-06-06,1000000.00,4.439767,103.048828125
08:00:34,912810UA4,TSRYS5802849,D,S,T,2024-06-06,1000000.00,4.439999,103.044921875
08:00:34,912810UA4,TSRYS5802849,D,S,T,2024-06-06,1000000.00,4.439999,103.044921875
08:00:34,912810UA4,TSRYS5802849,D,S,T,2024-06-06,1000000.00,4.43536,103.123046875
08:00:34,912810UA4,TSRYS5802849,D,S,T,2024-06-06,1000000.00,4.435824,103.115234375
08:00:34,912810UA4,TSRYS5802849,D,S,T,2024-06-06,1000000.00,4.436751,103.099609375
08:00:34,912810UA4,TSRYS5802849,D,S,T,2024-06-06,1000000.00,4.445107,102.958984375
08:00:34,912810UA4,TSRYS5802849,D,S,T,2024-06-06,1000000.00,4.444062,102.9765625
08:00:34,912810UA4,TSRYS5802849,D,S,T,2024-06-06,1000000.00,4.446385,102.9375
08:00:34,912810UA4,TSRYS5802849,D,S,T,2024-06-06,2000000.00,4.445456,102.953125
08:00:34,912810UA4,TSRYS5802849,D,S,T,2024-06-06,1000000.00,4.444526,102.96875
08:00:34,912810UA4,TSRYS5802849,D,S,T,2024-06-06,1000000.00,4.446618,102.93359375
08:00:34,912810UA4,TSRYS5802849,D,S,T,2024-06-06,1000000.00,4.439767,103.048828125
08:00:34,912810UA4,TSRYS5802849,D,S,T,2024-06-06,1000000.00,4.442552,103.001953125
08:00:34,912810UA4,TSRYS5802849,D,S,T,2024-06-06,1000000.00,4.444759,102.96484375
08:00:34,912810UA4,TSRYS5802849,D,S,T,2024-06-06,1000000.00,4.442784,102.998046875
08:00:34,912810UA4,TSRYS5802849,D,S,T,2024-06-06,1000000.00,4.441972,103.01171875
08:00:34,912810UA4,TSRYS5802849,D,S,T,2024-06-06,1000000.00,4.448594,102.900390625
08:00:34,912810UA4,TSRYS5802849,D,S,T,2024-06-06,1000000.00,4.448477,102.90234375
08:00:34,912810UA4,TSRYS5802849,D,S,T,2024-06-06,1000000.00,4.448477,102.90234375
08:00:34,912810UA4,TSRYS5802849,D,S,T,2024-06-06,1000000.00,4.447431,102.919921875
08:00:34,912810UA4,TSRYS5802849,D,S,T,2024-06-06,1000000.00,4.447315,102.921875
08:00:34,912810UA4,TSRYS5802849,D,S,T,2024-06-06,2000000.00,4.448826,102.896484375
08:00:34,912810UA4,TSRYS5802849,D,S,T,2024-06-06,1000000.00,4.450919,102.861328125
08:00:34,912810UA4,TSRYS5802849,D,S,T,2024-06-06,1000000.00,4.450919,102.861328125
08:00:34,912810UA4,TSRYS5802849,D,S,T,2024-06-06,1000000.00,4.450919,102.861328125
08:00:34,912810UA4,TSRYS5802849,D,S,T,2024-06-06,1000000.00,4.451501,102.8515625
08:00:34,912810UA4,TSRYS5802849,D,S,T,2024-06-06,1000000.00,4.451501,102.8515625
08:00:34,912810UA4,TSRYS5802849,D,S,T,2024-06-06,1000000.00,4.451501,102.8515625
08:00:34,912810UA4,TSRYS5802849,D,S,T,2024-06-06,1000000.00,4.45476,102.796875
08:00:34,912810UA4,TSRYS5802849,D,S,T,2024-06-06,1000000.00,4.449756,102.880859375
08:00:34,912810UA4,TSRYS5802849,D,S,T,2024-06-06,1000000.00,4.449756,102.880859375
08:00:34,912810UA4,TSRYS5802849,D,S,T,2024-06-06,1000000.00,4.450222,102.873046875
08:00:34,912810UA4,TSRYS5802849,D,S,T,2024-06-06,1000000.00,4.451966,102.84375
08:00:34,912810UA4,TSRYS5802849,D,S,T,2024-06-06,1000000.00,4.453479,102.818359375
08:00:34,912810UA4,TSRYS5802849,D,S,T,2024-06-06,1000000.00,4.442204,103.0078125
08:00:34,912810UA4,TSRYS5802849,D,S,T,2024-06-06,1000000.00,4.442901,102.99609375
08:00:34,912810UA4,TSRYS5802849,D,S,T,2024-06-06,1000000.00,4.439883,103.046875
08:00:34,912810UA4,TSRYS5802849,D,S,T,2024-06-06,1000000.00,4.449059,102.892578125
08:00:34,912810UA4,TSRYS5802849,D,S,T,2024-06-06,1000000.00,4.448245,102.90625
08:00:34,912810UA4,TSRYS5802849,D,S,T,2024-06-06,1000000.00,4.447431,102.919921875
08:00:34,912810UA4,TSRYS5802849,D,S,T,2024-06-06,1000000.00,4.449291,102.888671875
08:00:34,912810UA4,TSRYS5802849,D,S,T,2024-06-06,1000000.00,4.449175,102.890625
08:00:34,912810UA4,TSRYS5802849,D,S,T,2024-06-06,1000000.00,4.453712,102.814453125
08:00:34,912810UA4,TSRYS5802849,D,S,T,2024-06-06,1000000.00,4.455691,102.78125
08:00:34,912810UA4,TSRYS5802849,D,S,T,2024-06-06,1000000.00,4.455691,102.78125
08:00:34,912810UA4,TSRYS5802849,D,S,T,2024-06-06,1000000.00,4.455691,102.78125
08:00:34,912810UA4,TSRYS5802849,D,S,T,2024-06-06,1000000.00,4.455691,102.78125
08:00:34,912810UA4,TSRYS5802849,D,S,T,2024-06-06,1000000.00,4.457089,102.7578125
08:00:34,912810UA4,TSRYS5802849,D,S,T,2024-06-06,1000000.00,4.457322,102.75390625
08:00:34,912810UA4,TSRYS5802849,D,S,T,2024-06-06,1000000.00,4.457555,102.75
08:00:34,912810UA4,TSRYS5802849,D,S,T,2024-06-06,1000000.00,4.460352,102.703125
08:00:34,912810UA4,TSRYS5802849,D,S,T,2024-06-06,1000000.00,4.461751,102.6796875
08:00:34,912810UA4,TSRYS5802849,D,S,T,2024-06-06,1000000.00,4.463151,102.65625
08:00:34,912810UA4,TSRYS5802849,D,S,T,2024-06-06,1000000.00,4.463151,102.65625
08:00:34,912810UA4,TSRYS5802849,D,S,T,2024-06-06,1000000.00,4.464551,102.6328125
08:00:34,912810UA4,TSRYS5802849,D,S,T,2024-06-06,1000000.00,4.464201,102.638671875
08:00:34,912810UA4,TSRYS5802849,D,S,T,2024-06-06,1000000.00,4.464201,102.638671875
08:00:34,912810UA4,TSRYS5802849,D,S,T,2024-06-06,1000000.00,4.463618,102.6484375
08:00:34,912810UA4,TSRYS5802849,D,S,T,2024-06-06,1000000.00,4.463618,102.6484375
08:00:34,912810UA4,TSRYS5802849,D,S,T,2024-06-06,1000000.00,4.463618,102.6484375
08:00:34,912810UA4,TSRYS5802849,D,S,T,2024-06-06,1000000.00,4.464084,102.640625
08:00:34,912810UA4,TSRYS5802849,D,S,T,2024-06-06,1000000.00,4.463734,102.646484375
08:00:34,912810UA4,TSRYS5802849,D,S,T,2024-06-06,1000000.00,4.464084,102.640625
08:00:34,912810UA4,TSRYS5802849,D,S,T,2024-06-06,1000000.00,4.463734,102.646484375
08:00:34,912810UA4,TSRYS5802849,D,S,T,2024-06-06,1000000.00,4.463618,102.6484375
08:00:34,912810UA4,TSRYS5802849,D,S,T,2024-06-06,1000000.00,4.463151,102.65625
08:00:34,912810UA4,TSRYS5802849,D,S,T,2024-06-06,2000000.00,4.460819,102.6953125
08:00:34,912810UA4,TSRYS5802849,D,S,T,2024-06-06,1000000.00,4.461285,102.6875
08:00:34,912810UA4,TSRYS5802849,D,S,T,2024-06-06,1000000.00,4.449756,102.880859375
08:00:34,912810UA4,TSRYS5802849,D,S,D,2024-06-06,1000000.00,4.444526,102.96875
08:00:34,912810UA4,TSRYS5802849,D,B,C,2024-06-06,1000000.00,4.444526,102.96875
08:00:34,912810UA4,TSRYS5802849,D,S,D,2024-06-06,1000000.00,4.444526,102.96875
08:00:34,912810UA4,TSRYS5802849,D,B,C,2024-06-06,1000000.00,4.444526,102.96875
08:00:34,912810UA4,TSRYS5802849,D,B,C,2024-06-06,1000000.00,4.444526,102.96875
08:00:34,912810UA4,TSRYS5802849,D,S,D,2024-06-06,1000000.00,4.444526,102.96875
08:00:34,912810UA4,TSRYS5802849,D,S,D,2024-06-06,1000000.00,4.449175,102.890625
08:00:34,912810UA4,TSRYS5802849,D,S,T,2024-06-06,1000000.00,4.449407,102.88671875
08:00:34,912810UA4,TSRYS5802849,D,S,T,2024-06-06,1000000.00,4.441972,103.01171875
08:00:34,912810UA4,TSRYS5802849,D,S,T,2024-06-06,1000000.00,4.440463,103.037109375
08:00:34,912810UA4,TSRYS5802849,D,S,T,2024-06-06,1000000.00,4.44871,102.8984375
08:00:34,912810UA4,TSRYS5802849,D,S,D,2024-06-06,2000000.00,4.449873,102.87890625
08:00:37,912810UA4,TSRYS5802849,D,S,T,2024-06-06,1000000.00,4.448129,102.908203125
08:00:37,912810UA4,TSRYS5802849,D,S,D,2024-06-06,1000000.00,4.451036,102.859375
08:00:37,912810UA4,TSRYS5802849,D,S,D,2024-06-06,1000000.00,4.451036,102.859375
08:00:37,912810UA4,TSRYS5802849,D,S,T,2024-06-06,1000000.00,4.446385,102.9375
08:00:37,912810UA4,TSRYS5802849,D,S,T,2024-06-06,1000000.00,4.446385,102.9375
08:00:37,912810UA4,TSRYS5802849,D,S,T,2024-06-06,1000000.00,4.440811,103.03125
08:00:37,912810UA4,TSRYS5802849,D,S,T,2024-06-06,1000000.00,4.451966,102.84375
08:00:37,912810UA4,TSRYS5802849,D,S,T,2024-06-06,1000000.00,4.451966,102.84375
08:00:37,912810UA4,TSRYS5802849,D,S,T,2024-06-06,1000000.00,4.451966,102.84375
08:00:37,912810UA4,TSRYS5802849,D,S,T,2024-06-06,1000000.00,4.451966,102.84375
08:00:37,912810UA4,TSRYS5802849,D,S,T,2024-06-06,1000000.00,4.449175,102.890625
08:00:37,912810UA4,TSRYS5802849,D,S,T,2024-06-06,1000000.00,4.449175,102.890625
08:00:37,912810UA4,TSRYS5802849,D,S,T,2024-06-06,1000000.00,4.449175,102.890625
08:00:37,912810UA4,TSRYS5802849,D,S,T,2024-06-06,1000000.00,4.465018,102.625
08:00:37,912810UA4,TSRYS5802849,D,S,C,2024-06-06,1000000.00,4.442668,103.0
08:00:37,912810UA4,TSRYS5802849,D,S,C,2024-06-06,1000000.00,4.442668,103.0
08:00:37,912810UA4,TSRYS5802849,D,S,D,2024-06-06,1000000.00,4.445688,102.94921875
08:00:37,912810UA4,TSRYS5802849,D,S,D,2024-06-06,1000000.00,4.439883,103.046875
08:00:37,912810UA4,TSRYS5802849,D,S,D,2024-06-06,1000000.00,4.439883,103.046875
08:00:37,912810UA4,TSRYS5802849,D,S,T,2024-06-06,1000000.00,4.445456,102.953125
08:00:37,912810UA4,TSRYS5802849,D,S,D,2024-06-06,1000000.00,4.445456,102.953125
08:00:37,912810UA4,TSRYS5802849,D,S,D,2024-06-06,4000000.00,4.445456,102.953125
08:00:37,912810UA4,TSRYS5802849,D,S,T,2024-06-06,1000000.00,4.441275,103.0234375
08:00:37,912810UA4,TSRYS5802849,D,S,T,2024-06-06,1000000.00,4.450105,102.875
08:00:37,912810UA4,TSRYS5802849,D,S,T,2024-06-06,1000000.00,4.44778,102.9140625
08:00:37,912810UA4,TSRYS5802849,D,S,D,2024-06-06,1000000.00,4.449175,102.890625
08:00:37,912810UA4,TSRYS5802849,D,S,D,2024-06-06,1000000.00,4.453829,102.8125
08:00:37,912810UA4,TSRYS5802849,D,S,D,2024-06-06,1000000.00,4.453829,102.8125
08:00:37,912810UA4,TSRYS5802849,D,S,D,2024-06-06,1000000.00,4.453829,102.8125
08:00:37,912810UA4,TSRYS5802849,D,S,D,2024-06-06,1000000.00,4.453829,102.8125
08:00:37,912810UA4,TSRYS5802849,D,S,T,2024-06-06,1000000.00,4.45476,102.796875
08:00:37,912810UA4,TSRYS5802849,D,B,C,2024-06-06,27000000.00,4.448245,102.90625
08:00:37,912810UA4,TSRYS5802849,D,B,C,2024-06-06,16000000.00,4.451966,102.84375
08:00:37,912810UA4,TSRYS5802849,D,B,A,2024-06-06,2000000.00,4.446153,102.94140625
08:00:37,912810UA4,TSRYS5802849,D,S,D,2024-06-06,5000000.00,4.444168,102.97478
08:00:37,912810UA4,TSRYS5802849,D,S,D,2024-06-06,2000000.00,4.448138,102.90804
08:00:37,912810UA4,TSRYS5802849,D,B,C,2024-06-06,2000000.00,4.438723,103.06640625
08:00:37,912810UA4,TSRYS5802849,D,S,D,2024-06-06,1000000.00,4.44592,102.9453125
08:00:37,912810UA4,TSRYS5802849,D,S,D,2024-06-06,1000000.00,4.447315,102.921875
08:00:37,912810UA4,TSRYS5802849,D,B,C,2024-06-06,15000000.00,4.439336,103.05608
08:00:37,912810UA4,TSRYS5802849,D,B,A,2024-06-06,1000000.00,4.449407,102.88671875
08:00:37,912810UA4,TSRYS5802849,D,S,D,2024-06-06,1000000.00,4.448245,102.90625
08:00:37,912810UA4,TSRYS5802849,D,S,D,2024-06-06,1000000.00,4.448245,102.90625
08:00:37,912810UA4,TSRYS5802849,D,S,D,2024-06-06,1000000.00,4.449175,102.890625
08:00:37,912810UA4,TSRYS5802849,D,S,D,2024-06-06,1000000.00,4.449175,102.890625
08:00:37,912810UA4,TSRYS5802849,D,S,A,2024-06-06,5000000.00,4.451036,102.859375
08:00:37,912810UA4,TSRYS5802849,D,B,A,2024-06-06,10000000.00,4.451501,102.8515625
08:00:37,912810UA4,TSRYS5802849,D,S,C,2024-06-06,500000.00,4.451966,102.84375
08:00:37,912810UA4,TSRYS5802849,D,B,A,2024-06-06,500000.00,4.452199,102.83984375
08:00:37,912810UA4,TSRYS5802849,D,B,A,2024-06-06,400000.00,4.451036,102.859375
08:00:37,912810UA4,TSRYS5802849,D,B,A,2024-06-06,500000.00,4.45057,102.8671875
08:00:37,912810UA4,TSRYS5802849,D,B,A,2024-06-06,500000.00,4.44964,102.8828125
08:00:37,912810UA4,TSRYS5802849,D,B,C,2024-06-06,7000000.00,4.444642,102.966796875
08:00:37,912810UA4,TSRYS5802849,D,S,T,2024-06-06,1000000.00,4.44174,103.015625
08:00:37,912810UA4,TSRYS5802849,D,B,C,2024-06-06,7000000.00,4.442436,103.00390625
08:00:37,912810UA4,TSRYS5802849,D,S,T,2024-06-06,1000000.00,4.44174,103.015625
08:00:37,912810UA4,TSRYS5802849,D,B,A,2024-06-06,2000000.00,4.442204,103.0078125
08:00:37,912810UA4,TSRYS5802849,D,S,D,2024-06-06,1000000.00,4.440896,103.0298188308
08:00:37,912810UA4,TSRYS5802849,D,S,D,2024-06-06,1000000.00,4.44174,103.015625
08:00:37,912810UA4,TSRYS5802849,D,S,D,2024-06-06,1000000.00,4.44174,103.015625
08:00:37,912810UA4,TSRYS5802849,D,S,D,2024-06-06,1000000.00,4.44174,103.015625
08:00:37,912810UA4,TSRYS5802849,D,S,C,2024-06-06,150000.00,4.441002,103.02734375
08:00:37,912810UA4,TSRYS5802849,D,B,C,2024-06-06,5000000.00,4.440811,103.03125
08:00:37,912810UA4,TSRYS5802849,D,B,C,2024-06-06,6100000.00,4.443133,102.9921875
08:00:37,912810UA4,TSRYS5802849,D,S,T,2024-06-06,1000000.00,4.449175,102.890625
08:00:37,912810UA4,TSRYS5802849,D,S,T,2024-06-06,1000000.00,4.449175,102.890625
08:00:37,912810UA4,TSRYS5802849,D,S,T,2024-06-06,1000000.00,4.449175,102.890625
08:00:37,912810UA4,TSRYS5802849,D,S,T,2024-06-06,1000000.00,4.449175,102.890625
08:00:37,912810UA4,TSRYS5802849,D,S,T,2024-06-06,1000000.00,4.449175,102.890625
08:00:37,912810UA4,TSRYS5802849,D,S,T,2024-06-06,1000000.00,4.449175,102.890625
08:00:37,912810UA4,TSRYS5802849,D,S,T,2024-06-06,1000000.00,4.449175,102.890625
08:00:37,912810UA4,TSRYS5802849,D,S,T,2024-06-06,1000000.00,4.449175,102.890625
08:00:37,912810UA4,TSRYS5802849,D,S,D,2024-06-06,1000000.00,4.449175,102.890625
08:00:37,912810UA4,TSRYS5802849,D,S,D,2024-06-06,1000000.00,4.449175,102.890625
08:00:37,912810UA4,TSRYS5802849,D,S,D,2024-06-06,1000000.00,4.449175,102.890625
08:00:37,912810UA4,TSRYS5802849,D,S,D,2024-06-06,1000000.00,4.449175,102.890625
08:00:37,912810UA4,TSRYS5802849,D,S,D,2024-06-06,1000000.00,4.449175,102.890625
08:00:37,912810UA4,TSRYS5802849,D,S,D,2024-06-06,1000000.00,4.449175,102.890625
08:00:37,912810UA4,TSRYS5802849,D,S,D,2024-06-06,1000000.00,4.449175,102.890625
08:00:37,912810UA4,TSRYS5802849,D,S,D,2024-06-06,1000000.00,4.449175,102.890625
08:00:37,912810UA4,TSRYS5802849,D,S,T,2024-06-06,1000000.00,4.449175,102.890625
08:00:37,912810UA4,TSRYS5802849,D,S,D,2024-06-06,1000000.00,4.449175,102.890625
08:00:37,912810UA4,TSRYS5802849,D,S,D,2024-06-06,1000000.00,4.456263,102.7716604077
08:00:37,912810UA4,TSRYS5802849,D,S,T,2024-06-06,1000000.00,4.463151,102.65625
08:00:37,912810UA4,TSRYS5802849,D,S,T,2024-06-06,1000000.00,4.461285,102.6875
08:00:37,912810UA4,TSRYS5802849,D,S,D,2024-06-06,1000000.00,4.463151,102.65625
08:00:37,912810UA4,TSRYS5802849,D,S,T,2024-06-06,1000000.00,4.44964,102.8828125
08:00:37,912810UA4,TSRYS5802849,D,S,D,2024-06-06,1000000.00,4.449175,102.890625
08:00:37,912810UA4,TSRYS5802849,D,S,T,2024-06-06,1000000.00,4.448942,102.89453125
08:00:38,912810UA4,TSRYS5802849,D,S,D,2024-06-06,1000000.00,4.439883,103.046875
08:00:38,912810UA4,TSRYS5802849,D,S,T,2024-06-06,1000000.00,4.440347,103.0390625
08:00:38,912810UA4,TSRYS5802849,D,S,D,2024-06-06,1000000.00,4.439883,103.046875
08:00:38,912810UA4,TSRYS5802849,D,S,D,2024-06-06,1000000.00,4.439883,103.046875
08:00:38,912810UA4,TSRYS5802849,D,S,D,2024-06-06,1000000.00,4.439883,103.046875
08:00:38,912810UA4,TSRYS5802849,D,S,D,2024-06-06,1000000.00,4.438955,103.0625
08:00:38,912810UA4,TSRYS5802849,D,S,C,2024-06-06,590000.00,4.439419,103.0546875
08:00:38,912810UA4,TSRYS5802849,D,S,T,2024-06-06,1000000.00,4.440347,103.0390625
08:00:38,912810UA4,TSRYS5802849,D,S,T,2024-06-06,1000000.00,4.448826,102.896484375
08:00:38,912810UA4,TSRYS5802849,D,S,T,2024-06-06,1000000.00,4.441972,103.01171875
08:00:39,912810UA4,TSRYS5802849,D,S,D,2024-06-06,1000000.00,4.438955,103.0625
08:00:39,912810UA4,TSRYS5802849,D,S,D,2024-06-06,1000000.00,4.438955,103.0625
08:00:39,912810UA4,TSRYS5802849,D,S,D,2024-06-06,1000000.00,4.438955,103.0625
08:00:39,912810UA4,TSRYS5802849,D,S,D,2024-06-06,1000000.00,4.439187,103.05859375
08:00:39,912810UA4,TSRYS5802849,D,S,T,2024-06-06,1000000.00,4.439883,103.046875
08:00:39,912810UA4,TSRYS5802849,D,S,T,2024-06-06,1000000.00,4.439883,103.046875
08:00:39,912810UA4,TSRYS5802849,D,S,T,2024-06-06,1000000.00,4.439883,103.046875
08:00:39,912810UA4,TSRYS5802849,D,S,C,2024-06-06,26000000.00,4.453829,102.8125
08:00:39,912810UA4,TSRYS5802849,D,S,T,2024-06-06,1000000.00,4.438955,103.0625
08:00:39,912810UA4,TSRYS5802849,D,B,A,2024-06-06,2000000.00,4.437795,103.08203125
08:00:39,912810UA4,TSRYS5802849,D,B,A,2024-06-06,1000000.00,4.438259,103.07421875
08:00:39,912810UA4,TSRYS5802849,D,S,T,2024-06-06,1000000.00,4.439303,103.056640625
08:00:39,912810UA4,TSRYS5802849,D,B,A,2024-06-06,10000000.00,4.439651,103.05078125
08:00:39,912810UA4,TSRYS5802849,D,S,T,2024-06-06,1000000.00,4.437563,103.0859375
08:00:39,912810UA4,TSRYS5802849,D,S,T,2024-06-06,1000000.00,4.438955,103.0625
08:00:39,912810UA4,TSRYS5802849,D,S,T,2024-06-06,1000000.00,4.438955,103.0625
08:00:39,912810UA4,TSRYS5802849,D,S,T,2024-06-06,1000000.00,4.437099,103.09375
08:00:39,912810UA4,TSRYS5802849,D,S,T,2024-06-06,1000000.00,4.439187,103.05859375
08:00:39,912810UA4,TSRYS5802849,D,S,T,2024-06-06,1000000.00,4.437099,103.09375
08:00:39,912810UA4,TSRYS5802849,D,S,T,2024-06-06,1000000.00,4.437099,103.09375
08:00:39,912810UA4,TSRYS5802849,D,S,D,2024-06-06,31550000.00,4.449407,102.88671875
08:00:39,912810UA4,TSRYS5802849,D,S,A,2024-06-06,3000000.00,4.440347,103.0390625
08:00:39,912810UA4,TSRYS5802849,D,S,A,2024-06-06,10000000.00,4.449407,102.88671875
08:00:40,912810UA4,TSRYS5802849,D,S,T,2024-06-06,1000000.00,4.434317,103.140625
08:00:40,912810UA4,TSRYS5802849,D,S,T,2024-06-06,2000000.00,4.446385,102.9375
08:00:40,912810UA4,TSRYS5802849,D,S,A,2024-06-06,4000000.00,4.443829,102.98046875
08:00:40,912810UA4,TSRYS5802849,D,S,T,2024-06-06,1000000.00,4.460002,102.708984375
08:00:40,912810UA4,TSRYS5802849,D,S,T,2024-06-06,1000000.00,4.434317,103.140625
08:00:40,912810UA4,TSRYS5802849,D,S,T,2024-06-06,1000000.00,4.444991,102.9609375
08:00:40,912810UA4,TSRYS5802849,D,S,T,2024-06-06,1000000.00,4.445456,102.953125
08:00:40,912810UA4,TSRYS5802849,D,S,T,2024-06-06,1000000.00,4.445456,102.953125
08:00:40,912810UA4,TSRYS5802849,D,S,D,2024-06-06,30000000.00,4.44592,102.9453125
08:00:40,912810UA4,TSRYS5802849,D,S,D,2024-06-06,1000000.00,4.448245,102.90625
08:00:41,912810UA4,TSRYS5802849,D,S,D,2024-06-06,1000000.00,4.448245,102.90625
08:00:41,912810UA4,TSRYS5802849,D,S,T,2024-06-06,1000000.00,4.434317,103.140625
08:00:41,912810UA4,TSRYS5802849,D,S,D,2024-06-06,9000000.00,4.450477,102.86875
08:00:41,912810UA4,TSRYS5802849,D,S,D,2024-06-06,1000000.00,4.44174,103.015625
08:00:41,912810UA4,TSRYS5802849,D,B,C,2024-06-06,10000000.00,4.441984,103.01151875
08:00:41,912810UA4,TSRYS5802849,D,B,A,2024-06-06,10000000.00,4.451268,102.85546875
08:00:41,912810UA4,TSRYS5802849,D,S,D,2024-06-06,10000000.00,4.441984,103.01151875
08:00:41,912810UA4,TSRYS5802849,D,S,D,2024-06-06,10000000.00,4.442216,103.0076125
08:00:41,912810UA4,TSRYS5802849,D,B,C,2024-06-06,10000000.00,4.442448,103.00370625
08:00:41,912810UA4,TSRYS5802849,D,S,T,2024-06-06,1000000.00,4.450105,102.875
08:00:41,912810UA4,TSRYS5802849,D,S,D,2024-06-06,6400000.00,4.439895,103.046675
08:00:41,912810UA4,TSRYS5802849,D,S,T,2024-06-06,1000000.00,4.450105,102.875
08:00:41,912810UA4,TSRYS5802849,D,B,C,2024-06-06,6400000.00,4.439895,103.046675
08:00:41,912810UA4,TSRYS5802849,D,S,T,2024-06-06,1000000.00,4.450105,102.875
08:00:41,912810UA4,TSRYS5802849,D,S,T,2024-06-06,1000000.00,4.450105,102.875
08:00:41,912810UA4,TSRYS5802849,D,S,D,2024-06-06,1000000.00,4.44778,102.9140625
08:00:42,912810UA4,TSRYS5802849,D,S,D,2024-06-06,1000000.00,4.44778,102.9140625
08:00:42,912810UA4,TSRYS5802849,D,S,D,2024-06-06,1000000.00,4.449175,102.890625
08:00:42,912810UA4,TSRYS5802849,D,S,D,2024-06-06,1000000.00,4.449175,102.890625
08:00:42,912810UA4,TSRYS5802849,D,S,T,2024-06-06,1000000.00,4.449059,102.892578125
08:00:42,912810UA4,TSRYS5802849,D,S,C,2024-06-06,10000000.00,4.463839,102.64473125
08:00:43,912810UA4,TSRYS5802849,D,S,C,2024-06-06,2300000.00,4.462906,102.66035625
08:00:43,912810UA4,TSRYS5802849,D,S,T,2024-06-06,1000000.00,4.448942,102.89453125
08:00:43,912810UA4,TSRYS5802849,D,S,D,2024-06-06,1000000.00,4.439883,103.046875
08:00:43,912810UA4,TSRYS5802849,D,S,D,2024-06-06,1000000.00,4.439883,103.046875
08:00:43,912810UA4,TSRYS5802849,D,S,D,2024-06-06,1000000.00,4.439883,103.046875
08:00:43,912810UA4,TSRYS5802849,D,S,D,2024-06-06,1000000.00,4.439883,103.046875
08:00:43,912810UA4,TSRYS5802849,D,S,D,2024-06-06,1000000.00,4.438955,103.0625
08:00:43,912810UA4,TSRYS5802849,D,S,C,2024-06-06,1000000.00,4.445456,102.953125
08:00:43,912810UA4,TSRYS5802849,D,S,A,2024-06-06,1050000.00,4.44964,102.8828125
08:00:43,912810UA4,TSRYS5802849,D,S,D,2024-06-06,1000000.00,4.445456,102.953125
08:00:44,912810UA4,TSRYS5802849,D,S,A,2024-06-06,500000.00,4.453596,102.81640625
08:00:44,912810UA4,TSRYS5802849,D,S,A,2024-06-06,250000.00,4.45476,102.796875
08:00:44,912810UA4,TSRYS5802849,D,S,C,2024-06-06,26000000.00,4.450105,102.875
08:00:44,912810UA4,TSRYS5802849,D,S,T,2024-06-06,1000000.00,4.450687,102.865234375
08:00:44,912810UA4,TSRYS5802849,D,S,A,2024-06-06,5000000.00,4.449175,102.890625
08:00:44,912810UA4,TSRYS5802849,D,S,T,2024-06-06,3000000.00,4.451966,102.84375
08:00:44,912810UA4,TSRYS5802849,D,S,T,2024-06-06,2000000.00,4.451966,102.84375
08:00:44,912810UA4,TSRYS5802849,D,S,A,2024-06-06,5000000.00,4.45476,102.796875
08:00:44,912810UA4,TSRYS5802849,D,S,D,2024-06-06,1000000.00,4.44778,102.9140625
08:00:44,912810UA4,TSRYS5802849,D,S,D,2024-06-06,1000000.00,4.44778,102.9140625
08:00:45,912810UA4,TSRYS5802849,D,S,D,2024-06-06,1000000.00,4.447082,102.92578125
08:00:45,912810UA4,TSRYS5802849,D,S,D,2024-06-06,1000000.00,4.448245,102.90625
08:00:45,912810UA4,TSRYS5802849,D,B,A,2024-06-06,1000000.00,4.459886,102.7109375
08:00:45,912810UA4,TSRYS5802849,D,S,T,2024-06-06,1000000.00,4.44174,103.015625
08:00:45,912810UA4,TSRYS5802849,D,S,T,2024-06-06,1000000.00,4.44174,103.015625
08:00:45,912810UA4,TSRYS5802849,D,S,T,2024-06-06,1000000.00,4.44174,103.015625
08:00:45,912810UA4,TSRYS5802849,D,S,T,2024-06-06,1000000.00,4.44174,103.015625
08:00:45,912810UA4,TSRYS5802849,D,S,T,2024-06-06,1000000.00,4.44174,103.015625
08:00:45,912810UA4,TSRYS5802849,D,S,T,2024-06-06,1000000.00,4.44174,103.015625
08:00:45,912810UA4,TSRYS5802849,D,S,T,2024-06-06,1000000.00,4.44174,103.015625
08:00:45,912810UA4,TSRYS5802849,D,S,T,2024-06-06,1000000.00,4.44174,103.015625
08:00:45,912810UA4,TSRYS5802849,D,S,T,2024-06-06,1000000.00,4.44174,103.015625
08:00:45,912810UA4,TSRYS5802849,D,S,T,2024-06-06,2000000.00,4.440811,103.03125
08:00:45,912810UA4,TSRYS5802849,D,S,T,2024-06-06,3000000.00,4.440811,103.03125
08:00:45,912810UA4,TSRYS5802849,D,S,A,2024-06-06,10000000.00,4.438259,103.07421875
08:00:45,912810UA4,TSRYS5802849,D,B,A,2024-06-06,1250000.00,4.442901,102.99609375
08:00:45,912810UA4,TSRYS5802849,D,S,T,2024-06-06,3000000.00,4.443597,102.984375
08:00:45,912810UA4,TSRYS5802849,D,S,T,2024-06-06,1000000.00,4.445572,102.951171875
08:00:45,912810UA4,TSRYS5802849,D,S,T,2024-06-06,1000000.00,4.445572,102.951171875
08:00:45,912810UA4,TSRYS5802849,D,S,A,2024-06-06,420000.00,4.44685,102.9296875
08:00:46,912810UA4,TSRYS5802849,D,S,D,2024-06-06,1000000.00,4.448884,102.895507812
08:00:46,912810UA4,TSRYS5802849,D,B,C,2024-06-06,10000000.00,4.442216,103.0076125
08:00:46,912810UA4,TSRYS5802849,D,S,D,2024-06-06,10000000.00,4.442448,103.00370625
08:00:46,912810UA4,TSRYS5802849,D,S,T,2024-06-06,1000000.00,4.450454,102.869140625
08:00:46,912810UA4,TSRYS5802849,D,B,A,2024-06-06,5000000.00,4.444991,102.9609375
08:00:46,912810UA4,TSRYS5802849,D,S,T,2024-06-06,1000000.00,4.444526,102.96875
08:00:46,912810UA4,TSRYS5802849,D,S,T,2024-06-06,1000000.00,4.447315,102.921875
08:00:46,912810UA4,TSRYS5802849,D,S,T,2024-06-06,1000000.00,4.444526,102.96875
08:00:46,912810UA4,TSRYS5802849,D,S,T,2024-06-06,1000000.00,4.44441,102.970703125
08:00:46,912810UA4,TSRYS5802849,D,S,D,2024-06-06,1000000.00,4.447547,102.91796875
08:00:46,912810UA4,TSRYS5802849,D,S,T,2024-06-06,1000000.00,4.444759,102.96484375
08:00:46,912810UA4,TSRYS5802849,D,S,T,2024-06-06,1000000.00,4.444991,102.9609375
08:00:46,912810UA4,TSRYS5802849,D,S,T,2024-06-06,1000000.00,4.448826,102.896484375
08:00:47,912810UA4,TSRYS5802849,D,S,T,2024-06-06,1000000.00,4.444759,102.96484375
08:00:47,912810UA4,TSRYS5802849,D,S,D,2024-06-06,1000000.00,4.447315,102.921875
08:00:47,912810UA4,TSRYS5802849,D,S,T,2024-06-06,1000000.00,4.456041,102.775390625
08:00:47,912810UA4,TSRYS5802849,D,S,T,2024-06-06,1000000.00,4.456041,102.775390625
08:00:47,912810UA4,TSRYS5802849,D,S,T,2024-06-06,1000000.00,4.456041,102.775390625
08:00:47,912810UA4,TSRYS5802849,D,S,D,2024-06-06,10000000.00,4.463839,102.64473125
08:00:47,912810UA4,TSRYS5802849,D,B,C,2024-06-06,1000000.00,4.461751,102.6796875
08:00:48,912810UA4,TSRYS5802849,D,S,D,2024-06-06,1000000.00,4.450105,102.875
08:00:48,912810UA4,TSRYS5802849,D,S,T,2024-06-06,1000000.00,4.460352,102.703125
08:00:48,912810UA4,TSRYS5802849,D,S,T,2024-06-06,1000000.00,4.460352,102.703125
08:00:48,912810UA4,TSRYS5802849,D,S,T,2024-06-06,1000000.00,4.460352,102.703125
08:00:48,912810UA4,TSRYS5802849,D,S,D,2024-06-06,1000000.00,4.438955,103.0625
08:00:48,912810UA4,TSRYS5802849,D,S,D,2024-06-06,1000000.00,4.438955,103.0625
08:00:48,912810UA4,TSRYS5802849,D,S,D,2024-06-06,1000000.00,4.438955,103.0625
08:00:48,912810UA4,TSRYS5802849,D,S,D,2024-06-06,1000000.00,4.451036,102.859375
08:00:48,912810UA4,TSRYS5802849,D,S,D,2024-06-06,1000000.00,4.451036,102.859375
08:00:48,912810UA4,TSRYS5802849,D,S,D,2024-06-06,1000000.00,4.438955,103.0625
08:00:48,912810UA4,TSRYS5802849,D,S,D,2024-06-06,2000000.00,4.438955,103.0625
08:00:48,912810UA4,TSRYS5802849,D,S,T,2024-06-06,1000000.00,4.439883,103.046875
08:00:48,912810UA4,TSRYS5802849,D,S,T,2024-06-06,1000000.00,4.439883,103.046875
08:00:48,912810UA4,TSRYS5802849,D,S,D,2024-06-06,1000000.00,4.439883,103.046875
08:00:48,912810UA4,TSRYS5802849,D,S,T,2024-06-06,1000000.00,4.439883,103.046875
08:00:48,912810UA4,TSRYS5802849,D,S,T,2024-06-06,1000000.00,4.439883,103.046875
08:00:48,912810UA4,TSRYS5802849,D,S,T,2024-06-06,1000000.00,4.438955,103.0625
08:00:48,912810UA4,TSRYS5802849,D,S,D,2024-06-06,590000.00,4.439419,103.0546875
08:00:48,912810UA4,TSRYS5802849,D,S,T,2024-06-06,1000000.00,4.438027,103.078125
08:00:48,912810UA4,TSRYS5802849,D,S,T,2024-06-06,2000000.00,4.438027,103.078125
08:00:48,912810UA4,TSRYS5802849,D,S,T,2024-06-06,1000000.00,4.437099,103.09375
08:00:48,912810UA4,TSRYS5802849,D,S,T,2024-06-06,1000000.00,4.437099,103.09375
08:00:48,912810UA4,TSRYS5802849,D,S,A,2024-06-06,4000000.00,4.435244,103.125
08:00:48,912810UA4,TSRYS5802849,D,S,D,2024-06-06,4000000.00,4.436635,103.1015625
08:00:48,912810UA4,TSRYS5802849,D,S,A,2024-06-06,5000000.00,4.437331,103.08984375
08:00:48,912810UA4,TSRYS5802849,D,S,A,2024-06-06,1000000.00,4.45057,102.8671875
08:00:49,912810UA4,TSRYS5802849,D,S,T,2024-06-06,1000000.00,4.445688,102.94921875
08:00:49,912810UA4,TSRYS5802849,D,S,T,2024-06-06,1000000.00,4.445688,102.94921875
08:00:49,912810UA4,TSRYS5802849,D,S,T,2024-06-06,1000000.00,4.445688,102.94921875
08:00:49,912810UA4,TSRYS5802849,D,S,T,2024-06-06,1000000.00,4.446037,102.943359375
08:00:49,912810UA4,TSRYS5802849,D,S,T,2024-06-06,1000000.00,4.451734,102.84765625
08:00:49,912810UA4,TSRYS5802849,D,B,A,2024-06-06,10000000.00,4.439651,103.05078125
08:00:49,912810UA4,TSRYS5802849,D,S,T,2024-06-06,1000000.00,4.438027,103.078125
08:00:49,912810UA4,TSRYS5802849,D,S,T,2024-06-06,1000000.00,4.438027,103.078125
08:00:49,912810UA4,TSRYS5802849,D,S,T,2024-06-06,1000000.00,4.445456,102.953125
08:00:49,912810UA4,TSRYS5802849,D,S,T,2024-06-06,1000000.00,4.445456,102.953125
08:00:49,912810UA4,TSRYS5802849,D,S,T,2024-06-06,2000000.00,4.445107,102.958984375
08:00:49,912810UA4,TSRYS5802849,D,S,T,2024-06-06,1000000.00,4.444642,102.966796875
08:00:49,912810UA4,TSRYS5802849,D,S,T,2024-06-06,1000000.00,4.451734,102.84765625
08:00:50,912810UA4,TSRYS5802849,D,S,A,2024-06-06,1000000.00,4.44871,102.8984375
08:00:50,912810UA4,TSRYS5802849,D,S,T,2024-06-06,1000000.00,4.450105,102.875
08:00:50,912810UA4,TSRYS5802849,D,S,T,2024-06-06,1000000.00,4.450105,102.875
08:00:50,912810UA4,TSRYS5802849,D,S,T,2024-06-06,1000000.00,4.450105,102.875
08:00:50,912810UA4,TSRYS5802849,D,S,T,2024-06-06,2000000.00,4.450105,102.875
08:00:50,912810UA4,TSRYS5802849,D,S,T,2024-06-06,1000000.00,4.450105,102.875
08:00:51,912810UA4,TSRYS5802849,D,S,D,2024-06-06,1000000.00,4.451036,102.859375
08:00:51,912810UA4,TSRYS5802849,D,S,D,2024-06-06,1000000.00,4.451268,102.85546875
08:00:51,912810UA4,TSRYS5802849,D,S,D,2024-06-06,1000000.00,4.45476,102.796875
08:00:51,912810UA4,TSRYS5802849,D,S,D,2024-06-06,1000000.00,4.45476,102.796875
08:00:51,912810UA4,TSRYS5802849,D,S,D,2024-06-06,1000000.00,4.45476,102.796875
08:00:51,912810UA4,TSRYS5802849,D,S,D,2024-06-06,1000000.00,4.45476,102.796875
08:00:51,912810UA4,TSRYS5802849,D,S,D,2024-06-06,1000000.00,4.45476,102.796875
08:00:51,912810UA4,TSRYS5802849,D,S,D,2024-06-06,1000000.00,4.45476,102.796875
08:00:51,912810UA4,TSRYS5802849,D,S,D,2024-06-06,1000000.00,4.44964,102.8828125
08:00:51,912810UA4,TSRYS5802849,D,S,D,2024-06-06,1000000.00,4.450105,102.875
08:00:51,912810UA4,TSRYS5802849,D,S,D,2024-06-06,1000000.00,4.451966,102.84375
08:00:51,912810UA4,TSRYS5802849,D,S,D,2024-06-06,1000000.00,4.45476,102.796875
08:00:52,912810UA4,TSRYS5802849,D,S,C,2024-06-06,1000000.00,4.442204,103.0078125
08:00:52,912810UA4,TSRYS5802849,D,S,D,2024-06-06,1000000.00,4.44174,103.015625
08:00:52,912810UA4,TSRYS5802849,D,S,C,2024-06-06,1000000.00,4.442901,102.99609375
08:00:52,912810UA4,TSRYS5802849,D,S,D,2024-06-06,1000000.00,4.440811,103.03125
08:00:52,912810UA4,TSRYS5802849,D,B,C,2024-06-06,1000000.00,4.445456,102.953125
08:00:52,912810UA4,TSRYS5802849,D,S,D,2024-06-06,1000000.00,4.445456,102.953125
08:00:52,912810UA4,TSRYS5802849,D,S,T,2024-06-06,1000000.00,4.451617,102.849609375
08:00:53,912810UA4,TSRYS5802849,D,S,T,2024-06-06,1000000.00,4.45185,102.845703125
08:00:53,912810UA4,TSRYS5802849,D,B,A,2024-06-06,2000000.00,4.443597,102.984375
08:00:53,912810UA4,TSRYS5802849,D,S,A,2024-06-06,500000.00,4.44174,103.015625
08:00:53,912810UA4,TSRYS5802849,D,B,A,2024-06-06,500000.00,4.443597,102.984375
08:00:53,912810UA4,TSRYS5802849,D,S,T,2024-06-06,1000000.00,4.45476,102.796875
08:00:53,912810UA4,TSRYS5802849,D,S,D,2024-06-06,3000000.00,4.451966,102.84375
08:00:53,912810UA4,TSRYS5802849,D,S,D,2024-06-06,3000000.00,4.451966,102.84375
08:00:53,912810UA4,TSRYS5802849,D,S,T,2024-06-06,1000000.00,4.45476,102.796875
08:00:53,912810UA4,TSRYS5802849,D,S,T,2024-06-06,1000000.00,4.451617,102.849609375
08:00:53,912810UA4,TSRYS5802849,D,S,D,2024-06-06,1000000.00,4.448942,102.89453125
08:00:54,912810UA4,TSRYS5802849,D,S,D,2024-06-06,1000000.00,4.451036,102.859375
08:00:54,912810UA4,TSRYS5802849,D,S,D,2024-06-06,1000000.00,4.451036,102.859375
08:00:54,912810UA4,TSRYS5802849,D,S,T,2024-06-06,1000000.00,4.453479,102.818359375
08:00:54,912810UA4,TSRYS5802849,D,S,D,2024-06-06,1000000.00,4.452432,102.8359375
08:00:54,912810UA4,TSRYS5802849,D,S,D,2024-06-06,1000000.00,4.45476,102.796875
08:00:54,912810UA4,TSRYS5802849,D,B,A,2024-06-06,10000000.00,4.441972,103.01171875
08:00:54,912810UA4,TSRYS5802849,D,S,T,2024-06-06,1000000.00,4.440811,103.03125
08:00:54,912810UA4,TSRYS5802849,D,S,T,2024-06-06,1000000.00,4.440811,103.03125
08:00:54,912810UA4,TSRYS5802849,D,S,T,2024-06-06,1000000.00,4.454643,102.798828125
08:00:54,912810UA4,TSRYS5802849,D,S,T,2024-06-06,1000000.00,4.44174,103.015625
08:00:54,912810UA4,TSRYS5802849,D,S,T,2024-06-06,1000000.00,4.44174,103.015625
08:00:54,912810UA4,TSRYS5802849,D,S,T,2024-06-06,1000000.00,4.44174,103.015625
08:00:54,912810UA4,TSRYS5802849,D,S,T,2024-06-06,1000000.00,4.44174,103.015625
08:00:54,912810UA4,TSRYS5802849,D,S,T,2024-06-06,1000000.00,4.44174,103.015625
08:00:54,912810UA4,TSRYS5802849,D,S,T,2024-06-06,1000000.00,4.44174,103.015625
08:00:54,912810UA4,TSRYS5802849,D,S,T,2024-06-06,1000000.00,4.44174,103.015625
08:00:54,912810UA4,TSRYS5802849,D,S,T,2024-06-06,1000000.00,4.44174,103.015625
08:00:54,912810UA4,TSRYS5802849,D,S,T,2024-06-06,1000000.00,4.44174,103.015625
08:00:54,912810UA4,TSRYS5802849,D,S,T,2024-06-06,1000000.00,4.449175,102.890625
08:00:54,912810UA4,TSRYS5802849,D,S,T,2024-06-06,2000000.00,4.440811,103.03125
08:00:54,912810UA4,TSRYS5802849,D,S,T,2024-06-06,1000000.00,4.440811,103.03125
08:00:54,912810UA4,TSRYS5802849,D,S,T,2024-06-06,1000000.00,4.438955,103.0625
08:00:54,912810UA4,TSRYS5802849,D,S,T,2024-06-06,1000000.00,4.460475,102.701071875
08:00:54,912810UA4,TSRYS5802849,D,S,D,2024-06-06,1000000.00,4.440811,103.03125
08:00:54,912810UA4,TSRYS5802849,D,S,T,2024-06-06,1000000.00,4.456041,102.775390625
08:00:54,912810UA4,TSRYS5802849,D,S,T,2024-06-06,1000000.00,4.456041,102.775390625
08:00:54,912810UA4,TSRYS5802849,D,S,T,2024-06-06,1000000.00,4.465958,102.609275
08:00:54,912810UA4,TSRYS5802849,D,S,T,2024-06-06,1000000.00,4.466075,102.607321875
08:00:54,912810UA4,TSRYS5802849,D,S,T,2024-06-06,1000000.00,4.463734,102.646484375
08:00:55,912810UA4,TSRYS5802849,D,B,A,2024-06-06,2000000.00,4.442436,103.00390625
08:00:55,912810UA4,TSRYS5802849,D,S,D,2024-06-06,1000000.00,4.454527,102.80078125
08:00:55,912810UA4,TSRYS5802849,D,S,T,2024-06-06,1000000.00,4.441972,103.01171875
08:00:55,912810UA4,TSRYS5802849,D,S,T,2024-06-06,1000000.00,4.441972,103.01171875
08:00:55,912810UA4,TSRYS5802849,D,S,T,2024-06-06,1000000.00,4.454993,102.79296875
08:00:56,912810UA4,TSRYS5802849,D,S,D,2024-06-06,5000000.00,4.448942,102.89453125
08:00:56,912810UA4,TSRYS5802849,D,S,A,2024-06-06,1000.00,4.450081,103.3754
08:00:56,912810UA4,TSRYS5802849,D,S,T,2024-06-06,1000000.00,4.455924,102.77734375
08:00:56,912810UA4,TSRYS5802849,D,S,T,2024-06-06,1000000.00,4.455924,102.77734375
08:00:56,912810UA4,TSRYS5802849,D,S,A,2024-06-06,10000000.00,4.457555,102.75
08:00:56,912810UA4,TSRYS5802849,D,S,D,2024-06-06,1000000.00,4.460819,102.6953125
08:00:56,912810UA4,TSRYS5802849,D,S,D,2024-06-06,1000000.00,4.460585,102.69921875
08:00:56,912810UA4,TSRYS5802849,D,S,T,2024-06-06,1000000.00,4.460352,102.703125
08:00:56,912810UA4,TSRYS5802849,D,B,C,2024-06-06,1000000.00,4.462684,102.6640625
08:00:56,912810UA4,TSRYS5802849,D,S,D,2024-06-06,2300000.00,4.462906,102.66035625
08:00:57,912810UA4,TSRYS5802849,D,S,T,2024-06-06,1000000.00,4.460352,102.703125
08:00:57,912810UA4,TSRYS5802849,D,S,T,2024-06-06,1000000.00,4.460352,102.703125
08:00:57,912810UA4,TSRYS5802849,D,S,T,2024-06-06,1000000.00,4.460352,102.703125
08:00:57,912810UA4,TSRYS5802849,D,S,T,2024-06-06,1000000.00,4.460352,102.703125
08:00:57,912810UA4,TSRYS5802849,D,S,D,2024-06-06,1000000.00,4.45476,102.796875
08:00:57,912810UA4,TSRYS5802849,D,S,T,2024-06-06,1000000.00,4.454527,102.80078125
08:00:57,912810UA4,TSRYS5802849,D,S,D,2024-06-06,1000000.00,4.45476,102.796875
08:00:58,912810UA4,TSRYS5802849,D,S,T,2024-06-06,1000000.00,4.454643,102.798828125
08:00:58,912810UA4,TSRYS5802849,D,S,T,2024-06-06,1000000.00,4.44174,103.015625
08:00:59,912810UA4,TSRYS5802849,D,S,T,2024-06-06,1000000.00,4.44174,103.015625
08:00:59,912810UA4,TSRYS5802849,D,S,D,2024-06-06,1000000.00,4.45476,102.796875
08:01:00,912810UA4,TSRYS5802849,D,S,T,2024-06-06,1000000.00,4.44174,103.015625
08:01:00,912810UA4,TSRYS5802849,D,S,D,2024-06-06,1000000.00,4.460585,102.69921875
08:01:00,912810UA4,TSRYS5802849,D,S,D,2024-06-06,1000000.00,4.450105,102.875
08:01:00,912810UA4,TSRYS5802849,D,S,T,2024-06-06,1000000.00,4.44174,103.015625
08:01:01,912810UA4,TSRYS5802849,D,S,T,2024-06-06,1000000.00,4.44174,103.015625
08:01:01,912810UA4,TSRYS5802849,D,S,T,2024-06-06,1000000.00,4.44174,103.015625
08:01:01,912810UA4,TSRYS5802849,D,S,D,2024-06-06,1000000.00,4.463851,102.64453125
08:01:01,912810UA4,TSRYS5802849,D,S,T,2024-06-06,1000000.00,4.44174,103.015625
08:01:01,912810UA4,TSRYS5802849,D,S,D,2024-06-06,2000000.00,4.464318,102.63671875
08:01:01,912810UA4,TSRYS5802849,D,S,D,2024-06-06,1000000.00,4.464318,102.63671875
08:01:01,912810UA4,TSRYS5802849,D,S,D,2024-06-06,1000000.00,4.465018,102.625
08:01:01,912810UA4,TSRYS5802849,D,S,D,2024-06-06,1000000.00,4.465018,102.625
08:01:01,912810UA4,TSRYS5802849,D,S,D,2024-06-06,1000000.00,4.464551,102.6328125
08:01:02,912810UA4,TSRYS5802849,D,S,T,2024-06-06,1000000.00,4.44174,103.015625
08:01:02,912810UA4,TSRYS5802849,D,S,T,2024-06-06,1000000.00,4.44174,103.015625
08:01:02,912810UA4,TSRYS5802849,D,S,D,2024-06-06,1000000.00,4.462918,102.66015625
08:01:02,912810UA4,TSRYS5802849,D,S,D,2024-06-06,1000000.00,4.462918,102.66015625
08:01:02,912810UA4,TSRYS5802849,D,S,T,2024-06-06,1000000.00,4.44174,103.015625
08:01:02,912810UA4,TSRYS5802849,D,S,D,2024-06-06,1000000.00,4.463151,102.65625
08:01:02,912810UA4,TSRYS5802849,D,S,D,2024-06-06,1000000.00,4.463151,102.65625
08:01:02,912810UA4,TSRYS5802849,D,S,D,2024-06-06,1000000.00,4.463151,102.65625
08:01:02,912810UA4,TSRYS5802849,D,S,T,2024-06-06,1000000.00,4.44174,103.015625
08:01:03,912810UA4,TSRYS5802849,D,S,T,2024-06-06,1000000.00,4.446393,102.93737
08:01:03,912810UA4,TSRYS5802849,D,S,T,2024-06-06,1000000.00,4.446393,102.93737
08:01:03,912810UA4,TSRYS5802849,D,S,T,2024-06-06,1000000.00,4.446393,102.93737
08:01:03,912810UA4,TSRYS5802849,D,S,T,2024-06-06,1000000.00,4.451617,102.849609375
08:01:03,912810UA4,TSRYS5802849,D,S,T,2024-06-06,4000000.00,4.44174,103.015625
08:01:03,912810UA4,TSRYS5802849,D,S,T,2024-06-06,1000000.00,4.441507,103.01953125
08:01:04,912810UA4,TSRYS5802849,D,S,T,2024-06-06,1000000.00,4.44174,103.015625
08:01:04,912810UA4,TSRYS5802849,D,B,C,2024-06-06,1000000.00,4.440115,103.04296875
08:01:04,912810UA4,TSRYS5802849,D,S,C,2024-06-06,1000000.00,4.440115,103.04296875
08:01:04,912810UA4,TSRYS5802849,D,S,C,2024-06-06,1000000.00,4.439883,103.046875
08:01:04,912810UA4,TSRYS5802849,D,B,C,2024-06-06,1000000.00,4.438955,103.0625
08:01:04,912810UA4,TSRYS5802849,D,S,C,2024-06-06,1000000.00,4.439883,103.046875
08:01:04,912810UA4,TSRYS5802849,D,S,C,2024-06-06,1000000.00,4.439883,103.046875
08:01:04,912810UA4,TSRYS5802849,D,S,C,2024-06-06,1000000.00,4.437331,103.08984375
08:01:04,912810UA4,TSRYS5802849,D,B,C,2024-06-06,1000000.00,4.437795,103.08203125
08:01:04,912810UA4,TSRYS5802849,D,S,D,2024-06-06,1000000.00,4.438955,103.0625
08:01:04,912810UA4,TSRYS5802849,D,S,C,2024-06-06,1000000.00,4.439883,103.046875
08:01:04,912810UA4,TSRYS5802849,D,S,D,2024-06-06,1000000.00,4.438027,103.078125
08:01:04,912810UA4,TSRYS5802849,D,S,C,2024-06-06,1000000.00,4.436867,103.09765625
08:01:04,912810UA4,TSRYS5802849,D,B,C,2024-06-06,1000000.00,4.438027,103.078125
08:01:04,912810UA4,TSRYS5802849,D,B,C,2024-06-06,1000000.00,4.438027,103.078125
08:01:04,912810UA4,TSRYS5802849,D,S,D,2024-06-06,1000000.00,4.438027,103.078125
08:01:04,912810UA4,TSRYS5802849,D,B,C,2024-06-06,1000000.00,4.436867,103.09765625
08:01:04,912810UA4,TSRYS5802849,D,B,C,2024-06-06,1000000.00,4.438027,103.078125
08:01:04,912810UA4,TSRYS5802849,D,S,D,2024-06-06,1000000.00,4.437331,103.08984375
08:01:04,912810UA4,TSRYS5802849,D,S,C,2024-06-06,1000000.00,4.437795,103.08203125
08:01:04,912810UA4,TSRYS5802849,D,S,D,2024-06-06,1000000.00,4.438027,103.078125
08:01:04,912810UA4,TSRYS5802849,D,B,C,2024-06-06,1000000.00,4.435013,103.12890625
08:01:04,912810UA4,TSRYS5802849,D,B,C,2024-06-06,1000000.00,4.436867,103.09765625
08:01:04,912810UA4,TSRYS5802849,D,S,C,2024-06-06,1000000.00,4.436867,103.09765625
08:01:04,912810UA4,TSRYS5802849,D,S,T,2024-06-06,1000000.00,4.44174,103.015625
08:01:04,912810UA4,TSRYS5802849,D,B,C,2024-06-06,1000000.00,4.437099,103.09375
08:01:04,912810UA4,TSRYS5802849,D,B,C,2024-06-06,1000000.00,4.438027,103.078125
08:01:04,912810UA4,TSRYS5802849,D,S,C,2024-06-06,1000000.00,4.435013,103.12890625
08:01:04,912810UA4,TSRYS5802849,D,B,C,2024-06-06,1000000.00,4.436867,103.09765625
08:01:04,912810UA4,TSRYS5802849,D,S,D,2024-06-06,1000000.00,4.434781,103.1328125
08:01:04,912810UA4,TSRYS5802849,D,S,D,2024-06-06,1000000.00,4.437099,103.09375
08:01:04,912810UA4,TSRYS5802849,D,S,D,2024-06-06,1000000.00,4.438027,103.078125
08:01:04,912810UA4,TSRYS5802849,D,B,C,2024-06-06,1000000.00,4.435244,103.125
08:01:04,912810UA4,TSRYS5802849,D,S,D,2024-06-06,1000000.00,4.435708,103.1171875
08:01:04,912810UA4,TSRYS5802849,D,B,C,2024-06-06,1000000.00,4.434781,103.1328125
08:01:04,912810UA4,TSRYS5802849,D,B,C,2024-06-06,1000000.00,4.434781,103.1328125
08:01:04,912810UA4,TSRYS5802849,D,S,D,2024-06-06,1000000.00,4.434781,103.1328125
08:01:04,912810UA4,TSRYS5802849,D,B,C,2024-06-06,1000000.00,4.435708,103.1171875
08:01:04,912810UA4,TSRYS5802849,D,S,C,2024-06-06,1000000.00,4.436867,103.09765625
08:01:04,912810UA4,TSRYS5802849,D,S,D,2024-06-06,1000000.00,4.434781,103.1328125
08:01:04,912810UA4,TSRYS5802849,D,S,C,2024-06-06,1000000.00,4.435013,103.12890625
08:01:04,912810UA4,TSRYS5802849,D,B,C,2024-06-06,1000000.00,4.435708,103.1171875
08:01:04,912810UA4,TSRYS5802849,D,S,D,2024-06-06,1000000.00,4.436172,103.109375
08:01:04,912810UA4,TSRYS5802849,D,B,C,2024-06-06,1000000.00,4.435708,103.1171875
08:01:04,912810UA4,TSRYS5802849,D,B,C,2024-06-06,1000000.00,4.435013,103.12890625
08:01:04,912810UA4,TSRYS5802849,D,B,C,2024-06-06,1000000.00,4.434781,103.1328125
08:01:04,912810UA4,TSRYS5802849,D,S,D,2024-06-06,1000000.00,4.435708,103.1171875
08:01:04,912810UA4,TSRYS5802849,D,S,D,2024-06-06,1000000.00,4.435708,103.1171875
08:01:04,912810UA4,TSRYS5802849,D,S,D,2024-06-06,1000000.00,4.435708,103.1171875
08:01:04,912810UA4,TSRYS5802849,D,S,C,2024-06-06,1000000.00,4.435476,103.12109375
08:01:04,912810UA4,TSRYS5802849,D,S,D,2024-06-06,1000000.00,4.435244,103.125
08:01:04,912810UA4,TSRYS5802849,D,B,C,2024-06-06,1000000.00,4.436172,103.109375
08:01:04,912810UA4,TSRYS5802849,D,S,D,2024-06-06,1000000.00,4.435708,103.1171875
08:01:04,912810UA4,TSRYS5802849,D,B,C,2024-06-06,1000000.00,4.435476,103.12109375
08:01:04,912810UA4,TSRYS5802849,D,B,C,2024-06-06,1000000.00,4.435708,103.1171875
08:01:04,912810UA4,TSRYS5802849,D,B,C,2024-06-06,1000000.00,4.435708,103.1171875
08:01:04,912810UA4,TSRYS5802849,D,S,D,2024-06-06,1000000.00,4.435708,103.1171875
08:01:04,912810UA4,TSRYS5802849,D,S,D,2024-06-06,1000000.00,4.435708,103.1171875
08:01:04,912810UA4,TSRYS5802849,D,S,D,2024-06-06,1000000.00,4.435708,103.1171875
08:01:04,912810UA4,TSRYS5802849,D,B,C,2024-06-06,1000000.00,4.435708,103.1171875
08:01:04,912810UA4,TSRYS5802849,D,B,C,2024-06-06,1000000.00,4.436172,103.109375
08:01:04,912810UA4,TSRYS5802849,D,B,C,2024-06-06,1000000.00,4.435708,103.1171875
08:01:04,912810UA4,TSRYS5802849,D,B,C,2024-06-06,1000000.00,4.435708,103.1171875
08:01:04,912810UA4,TSRYS5802849,D,B,C,2024-06-06,1000000.00,4.435708,103.1171875
08:01:04,912810UA4,TSRYS5802849,D,S,D,2024-06-06,1000000.00,4.436172,103.109375
08:01:04,912810UA4,TSRYS5802849,D,S,D,2024-06-06,1000000.00,4.435708,103.1171875
08:01:04,912810UA4,TSRYS5802849,D,S,D,2024-06-06,1000000.00,4.435708,103.1171875
08:01:04,912810UA4,TSRYS5802849,D,B,C,2024-06-06,1000000.00,4.435708,103.1171875
08:01:04,912810UA4,TSRYS5802849,D,S,D,2024-06-06,1000000.00,4.436172,103.109375
08:01:04,912810UA4,TSRYS5802849,D,S,D,2024-06-06,1000000.00,4.436172,103.109375
08:01:04,912810UA4,TSRYS5802849,D,B,C,2024-06-06,1000000.00,4.436172,103.109375
08:01:04,912810UA4,TSRYS5802849,D,S,D,2024-06-06,1000000.00,4.435708,103.1171875
08:01:04,912810UA4,TSRYS5802849,D,B,C,2024-06-06,1000000.00,4.435708,103.1171875
08:01:04,912810UA4,TSRYS5802849,D,B,C,2024-06-06,1000000.00,4.435476,103.12109375
08:01:04,912810UA4,TSRYS5802849,D,B,C,2024-06-06,1000000.00,4.435708,103.1171875
08:01:05,912810UA4,TSRYS5802849,D,B,C,2024-06-06,1000000.00,4.43594,103.11328125
08:01:05,912810UA4,TSRYS5802849,D,S,D,2024-06-06,1000000.00,4.435708,103.1171875
08:01:05,912810UA4,TSRYS5802849,D,S,D,2024-06-06,1000000.00,4.436172,103.109375
08:01:05,912810UA4,TSRYS5802849,D,B,C,2024-06-06,1000000.00,4.435708,103.1171875
08:01:05,912810UA4,TSRYS5802849,D,S,D,2024-06-06,1000000.00,4.434781,103.1328125
08:01:05,912810UA4,TSRYS5802849,D,B,C,2024-06-06,1000000.00,4.435244,103.125
08:01:05,912810UA4,TSRYS5802849,D,B,C,2024-06-06,1000000.00,4.436172,103.109375
08:01:05,912810UA4,TSRYS5802849,D,S,D,2024-06-06,1000000.00,4.436172,103.109375
08:01:05,912810UA4,TSRYS5802849,D,S,D,2024-06-06,1000000.00,4.434781,103.1328125
08:01:05,912810UA4,TSRYS5802849,D,S,C,2024-06-06,1000000.00,4.434781,103.1328125
08:01:05,912810UA4,TSRYS5802849,D,S,D,2024-06-06,1000000.00,4.435708,103.1171875
08:01:05,912810UA4,TSRYS5802849,D,B,C,2024-06-06,1000000.00,4.434781,103.1328125
08:01:05,912810UA4,TSRYS5802849,D,B,C,2024-06-06,1000000.00,4.436172,103.109375
08:01:05,912810UA4,TSRYS5802849,D,S,D,2024-06-06,1000000.00,4.435476,103.12109375
08:01:05,912810UA4,TSRYS5802849,D,S,C,2024-06-06,1000000.00,4.43594,103.11328125
08:01:05,912810UA4,TSRYS5802849,D,B,C,2024-06-06,1000000.00,4.434781,103.1328125
08:01:05,912810UA4,TSRYS5802849,D,B,C,2024-06-06,1000000.00,4.434781,103.1328125
08:01:05,912810UA4,TSRYS5802849,D,B,C,2024-06-06,1000000.00,4.434781,103.1328125
08:01:05,912810UA4,TSRYS5802849,D,S,D,2024-06-06,1000000.00,4.435244,103.125
08:01:05,912810UA4,TSRYS5802849,D,S,C,2024-06-06,1000000.00,4.435013,103.12890625
08:01:05,912810UA4,TSRYS5802849,D,S,C,2024-06-06,1000000.00,4.435013,103.12890625
08:01:05,912810UA4,TSRYS5802849,D,S,D,2024-06-06,1000000.00,4.434781,103.1328125
08:01:05,912810UA4,TSRYS5802849,D,B,C,2024-06-06,1000000.00,4.435013,103.12890625
08:01:05,912810UA4,TSRYS5802849,D,B,C,2024-06-06,1000000.00,4.435013,103.12890625
08:01:05,912810UA4,TSRYS5802849,D,B,C,2024-06-06,1000000.00,4.434781,103.1328125
08:01:05,912810UA4,TSRYS5802849,D,B,C,2024-06-06,1000000.00,4.435244,103.125
08:01:05,912810UA4,TSRYS5802849,D,S,C,2024-06-06,1000000.00,4.434781,103.1328125
08:01:05,912810UA4,TSRYS5802849,D,B,C,2024-06-06,1000000.00,4.435708,103.1171875
08:01:05,912810UA4,TSRYS5802849,D,S,C,2024-06-06,1000000.00,4.436172,103.109375
08:01:05,912810UA4,TSRYS5802849,D,B,C,2024-06-06,1000000.00,4.436172,103.109375
08:01:05,912810UA4,TSRYS5802849,D,S,D,2024-06-06,1000000.00,4.435244,103.125
08:01:05,912810UA4,TSRYS5802849,D,B,C,2024-06-06,1000000.00,4.437331,103.08984375
08:01:05,912810UA4,TSRYS5802849,D,S,D,2024-06-06,1000000.00,4.437331,103.08984375
08:01:05,912810UA4,TSRYS5802849,D,S,C,2024-06-06,1000000.00,4.435708,103.1171875
08:01:05,912810UA4,TSRYS5802849,D,S,C,2024-06-06,1000000.00,4.437795,103.08203125
08:01:05,912810UA4,TSRYS5802849,D,B,C,2024-06-06,1000000.00,4.437795,103.08203125
08:01:05,912810UA4,TSRYS5802849,D,S,C,2024-06-06,1000000.00,4.437331,103.08984375
08:01:05,912810UA4,TSRYS5802849,D,B,C,2024-06-06,1000000.00,4.437331,103.08984375
08:01:05,912810UA4,TSRYS5802849,D,S,D,2024-06-06,1000000.00,4.449291,102.888671875
08:01:05,912810UA4,TSRYS5802849,D,S,D,2024-06-06,1000000.00,4.437563,103.0859375
08:01:05,912810UA4,TSRYS5802849,D,B,C,2024-06-06,1000000.00,4.437563,103.0859375
08:01:05,912810UA4,TSRYS5802849,D,S,C,2024-06-06,1000000.00,4.444062,102.9765625
08:01:05,912810UA4,TSRYS5802849,D,S,C,2024-06-06,1000000.00,4.444062,102.9765625
08:01:05,912810UA4,TSRYS5802849,D,S,D,2024-06-06,1000000.00,4.450105,102.875
08:01:05,912810UA4,TSRYS5802849,D,B,C,2024-06-06,1000000.00,4.444062,102.9765625
08:01:05,912810UA4,TSRYS5802849,D,B,C,2024-06-06,1000000.00,4.450105,102.875
08:01:05,912810UA4,TSRYS5802849,D,S,C,2024-06-06,1000000.00,4.450803,102.86328125
08:01:05,912810UA4,TSRYS5802849,D,B,C,2024-06-06,1000000.00,4.450803,102.86328125
08:01:05,912810UA4,TSRYS5802849,D,S,D,2024-06-06,1000000.00,4.445456,102.953125
08:01:05,912810UA4,TSRYS5802849,D,S,C,2024-06-06,1000000.00,4.450803,102.86328125
08:01:05,912810UA4,TSRYS5802849,D,S,D,2024-06-06,4000000.00,4.445456,102.953125
08:01:05,912810UA4,TSRYS5802849,D,S,D,2024-06-06,1000000.00,4.444526,102.96875
08:01:05,912810UA4,TSRYS5802849,D,S,D,2024-06-06,1000000.00,4.444526,102.96875
08:01:05,912810UA4,TSRYS5802849,D,B,C,2024-06-06,1000000.00,4.444526,102.96875
08:01:05,912810UA4,TSRYS5802849,D,S,C,2024-06-06,1000000.00,4.445456,102.953125
08:01:05,912810UA4,TSRYS5802849,D,S,D,2024-06-06,1000000.00,4.445456,102.953125
08:01:05,912810UA4,TSRYS5802849,D,S,D,2024-06-06,1000000.00,4.445456,102.953125
08:01:05,912810UA4,TSRYS5802849,D,S,D,2024-06-06,3000000.00,4.445456,102.953125
08:01:05,912810UA4,TSRYS5802849,D,S,D,2024-06-06,9000000.00,4.445456,102.953125
08:01:05,912810UA4,TSRYS5802849,D,S,C,2024-06-06,1000000.00,4.446385,102.9375
08:01:05,912810UA4,TSRYS5802849,D,S,D,2024-06-06,1000000.00,4.443133,102.9921875
08:01:05,912810UA4,TSRYS5802849,D,S,C,2024-06-06,1000000.00,4.442901,102.99609375
08:01:05,912810UA4,TSRYS5802849,D,S,C,2024-06-06,1000000.00,4.442901,102.99609375
08:01:05,912810UA4,TSRYS5802849,D,S,D,2024-06-06,1000000.00,4.448245,102.90625
08:01:05,912810UA4,TSRYS5802849,D,S,D,2024-06-06,1000000.00,4.44778,102.9140625
08:01:05,912810UA4,TSRYS5802849,D,S,D,2024-06-06,1000000.00,4.44778,102.9140625
08:01:05,912810UA4,TSRYS5802849,D,S,D,2024-06-06,1000000.00,4.449407,102.88671875
08:01:05,912810UA4,TSRYS5802849,D,S,D,2024-06-06,1000000.00,4.44871,102.8984375
08:01:05,912810UA4,TSRYS5802849,D,B,C,2024-06-06,1000000.00,4.44871,102.8984375
08:01:05,912810UA4,TSRYS5802849,D,B,C,2024-06-06,1000000.00,4.445456,102.953125
08:01:05,912810UA4,TSRYS5802849,D,S,D,2024-06-06,1000000.00,4.449291,102.888671875
08:01:05,912810UA4,TSRYS5802849,D,S,C,2024-06-06,1000000.00,4.449175,102.890625
08:01:05,912810UA4,TSRYS5802849,D,S,D,2024-06-06,1000000.00,4.445456,102.953125
08:01:05,912810UA4,TSRYS5802849,D,S,D,2024-06-06,1000000.00,4.445456,102.953125
08:01:05,912810UA4,TSRYS5802849,D,S,D,2024-06-06,1000000.00,4.44778,102.9140625
08:01:05,912810UA4,TSRYS5802849,D,S,D,2024-06-06,1000000.00,4.44778,102.9140625
08:01:05,912810UA4,TSRYS5802849,D,S,D,2024-06-06,1000000.00,4.447082,102.92578125
08:01:05,912810UA4,TSRYS5802849,D,S,D,2024-06-06,1000000.00,4.448245,102.90625
08:01:05,912810UA4,TSRYS5802849,D,S,D,2024-06-06,1000000.00,4.447547,102.91796875
08:01:05,912810UA4,TSRYS5802849,D,B,C,2024-06-06,1000000.00,4.447547,102.91796875
08:01:05,912810UA4,TSRYS5802849,D,S,D,2024-06-06,1000000.00,4.450105,102.875
08:01:05,912810UA4,TSRYS5802849,D,S,D,2024-06-06,1000000.00,4.451036,102.859375
08:01:05,912810UA4,TSRYS5802849,D,S,D,2024-06-06,1000000.00,4.451036,102.859375
08:01:05,912810UA4,TSRYS5802849,D,S,C,2024-06-06,1000000.00,4.451036,102.859375
08:01:05,912810UA4,TSRYS5802849,D,S,D,2024-06-06,1000000.00,4.451501,102.8515625
08:01:05,912810UA4,TSRYS5802849,D,S,C,2024-06-06,1000000.00,4.451268,102.85546875
08:01:05,912810UA4,TSRYS5802849,D,B,C,2024-06-06,1000000.00,4.452665,102.83203125
08:01:05,912810UA4,TSRYS5802849,D,S,C,2024-06-06,1000000.00,4.452665,102.83203125
08:01:05,912810UA4,TSRYS5802849,D,B,C,2024-06-06,1000000.00,4.451501,102.8515625
08:01:05,912810UA4,TSRYS5802849,D,S,C,2024-06-06,1000000.00,4.451501,102.8515625
08:01:05,912810UA4,TSRYS5802849,D,S,D,2024-06-06,1000000.00,4.44964,102.8828125
08:01:05,912810UA4,TSRYS5802849,D,S,D,2024-06-06,1000000.00,4.451501,102.8515625
08:01:05,912810UA4,TSRYS5802849,D,S,D,2024-06-06,3000000.00,4.451734,102.84765625
08:01:05,912810UA4,TSRYS5802849,D,S,D,2024-06-06,3000000.00,4.451966,102.84375
08:01:05,912810UA4,TSRYS5802849,D,S,D,2024-06-06,3000000.00,4.451966,102.84375
08:01:05,912810UA4,TSRYS5802849,D,S,D,2024-06-06,1000000.00,4.451966,102.84375
08:01:05,912810UA4,TSRYS5802849,D,S,D,2024-06-06,1000000.00,4.440811,103.03125
08:01:05,912810UA4,TSRYS5802849,D,S,D,2024-06-06,1000000.00,4.44174,103.015625
08:01:05,912810UA4,TSRYS5802849,D,S,D,2024-06-06,1000000.00,4.445456,102.953125
08:01:05,912810UA4,TSRYS5802849,D,S,C,2024-06-06,1000000.00,4.449175,102.890625
08:01:05,912810UA4,TSRYS5802849,D,B,C,2024-06-06,1000000.00,4.448942,102.89453125
08:01:05,912810UA4,TSRYS5802849,D,S,D,2024-06-06,1000000.00,4.448942,102.89453125
08:01:05,912810UA4,TSRYS5802849,D,S,D,2024-06-06,1000000.00,4.448942,102.89453125
08:01:05,912810UA4,TSRYS5802849,D,S,C,2024-06-06,1000000.00,4.451036,102.859375
08:01:05,912810UA4,TSRYS5802849,D,S,C,2024-06-06,1000000.00,4.451036,102.859375
08:01:05,912810UA4,TSRYS5802849,D,B,C,2024-06-06,1000000.00,4.452665,102.83203125
08:01:05,912810UA4,TSRYS5802849,D,S,C,2024-06-06,1000000.00,4.452665,102.83203125
08:01:05,912810UA4,TSRYS5802849,D,S,C,2024-06-06,1000000.00,4.452432,102.8359375
08:01:05,912810UA4,TSRYS5802849,D,B,C,2024-06-06,1000000.00,4.452432,102.8359375
08:01:05,912810UA4,TSRYS5802849,D,S,C,2024-06-06,1000000.00,4.452432,102.8359375
08:01:05,912810UA4,TSRYS5802849,D,S,C,2024-06-06,1000000.00,4.452432,102.8359375
08:01:05,912810UA4,TSRYS5802849,D,B,C,2024-06-06,1000000.00,4.452432,102.8359375
08:01:06,912810UA4,TSRYS5802849,D,B,C,2024-06-06,1000000.00,4.452432,102.8359375
08:01:06,912810UA4,TSRYS5802849,D,S,C,2024-06-06,1000000.00,4.452432,102.8359375
08:01:06,912810UA4,TSRYS5802849,D,S,C,2024-06-06,1000000.00,4.453829,102.8125
08:01:06,912810UA4,TSRYS5802849,D,S,C,2024-06-06,1000000.00,4.453829,102.8125
08:01:06,912810UA4,TSRYS5802849,D,S,C,2024-06-06,1000000.00,4.453829,102.8125
08:01:06,912810UA4,TSRYS5802849,D,S,C,2024-06-06,1000000.00,4.453829,102.8125
08:01:06,912810UA4,TSRYS5802849,D,B,C,2024-06-06,1000000.00,4.453829,102.8125
08:01:06,912810UA4,TSRYS5802849,D,S,C,2024-06-06,1000000.00,4.453829,102.8125
08:01:06,912810UA4,TSRYS5802849,D,S,C,2024-06-06,1000000.00,4.453829,102.8125
08:01:06,912810UA4,TSRYS5802849,D,B,C,2024-06-06,1000000.00,4.453829,102.8125
08:01:06,912810UA4,TSRYS5802849,D,B,C,2024-06-06,1000000.00,4.454061,102.80859375
08:01:06,912810UA4,TSRYS5802849,D,B,C,2024-06-06,1000000.00,4.453829,102.8125
08:01:06,912810UA4,TSRYS5802849,D,S,C,2024-06-06,1000000.00,4.454061,102.80859375
08:01:06,912810UA4,TSRYS5802849,D,S,C,2024-06-06,1000000.00,4.453829,102.8125
08:01:06,912810UA4,TSRYS5802849,D,S,A,2024-06-06,3044600.00,4.44964,102.8828125
08:01:06,912810UA4,TSRYS5802849,D,S,T,2024-06-06,1000000.00,4.447315,102.921875
08:01:06,912810UA4,TSRYS5802849,D,S,T,2024-06-06,1000000.00,4.451966,102.84375
08:01:06,912810UA4,TSRYS5802849,D,S,T,2024-06-06,1000000.00,4.45476,102.796875
08:01:08,912810UA4,TSRYS5802849,D,S,D,2024-06-06,1000.00,,102.8754
08:01:08,912810UA4,TSRYS5802849,D,S,T,2024-06-06,1000000.00,4.451966,102.84375
08:01:08,912810UA4,TSRYS5802849,D,S,D,2024-06-06,1000000.00,4.447199,102.923828125
08:01:09,912810UA4,TSRYS5802849,D,S,D,2024-06-06,1000000.00,4.454527,102.80078125
08:01:10,912810UA4,TSRYS5802849,D,S,T,2024-06-06,1000000.00,4.441624,103.017578125
08:01:10,912810UA4,TSRYS5802849,D,S,T,2024-06-06,1000000.00,4.44174,103.015625
08:01:10,912810UA4,TSRYS5802849,D,S,T,2024-06-06,1000000.00,4.44174,103.015625
08:01:10,912810UA4,TSRYS5802849,D,S,D,2024-06-06,1000000.00,4.444526,102.96875
08:01:10,912810UA4,TSRYS5802849,D,S,T,2024-06-06,1000000.00,4.44174,103.015625
08:01:10,912810UA4,TSRYS5802849,D,S,D,2024-06-06,3000000.00,4.451734,102.84765625
08:01:11,912810UA4,TSRYS5802849,D,S,T,2024-06-06,1000000.00,4.454876,102.794921875
08:01:11,912810UA4,TSRYS5802849,D,B,A,2024-06-06,2472978.00,4.448477,102.90234375
08:01:11,912810UA4,TSRYS5802849,D,S,T,2024-06-06,1000000.00,4.45174,102.84755625
08:01:11,912810UA4,TSRYS5802849,D,S,T,2024-06-06,1000000.00,4.450338,102.87109375
08:01:11,912810UA4,TSRYS5802849,D,S,T,2024-06-06,1000000.00,4.44174,103.015625
08:01:11,912810UA4,TSRYS5802849,D,S,T,2024-06-06,1000000.00,4.44174,103.015625
08:01:11,912810UA4,TSRYS5802849,D,S,T,2024-06-06,2000000.00,4.445463,102.953
08:01:11,912810UA4,TSRYS5802849,D,S,T,2024-06-06,1000000.00,4.451734,102.84765625
08:01:12,912810UA4,TSRYS5802849,D,S,T,2024-06-06,1000000.00,4.456041,102.775390625
08:01:12,912810UA4,TSRYS5802849,D,B,C,2024-06-06,1000000.00,4.445893,102.9457751
08:01:12,912810UA4,TSRYS5802849,D,S,D,2024-06-06,10000000.00,4.451937,102.84425
08:01:12,912810UA4,TSRYS5802849,D,S,D,2024-06-06,2000000.00,4.453438,102.8190594
08:01:12,912810UA4,TSRYS5802849,D,S,D,2024-06-06,385000.00,4.438723,103.06640625
08:01:12,912810UA4,TSRYS5802849,D,S,C,2024-06-06,385000.00,4.438723,103.06640625
08:01:12,912810UA4,TSRYS5802849,D,S,C,2024-06-06,500000.00,4.457555,102.75
08:01:12,912810UA4,TSRYS5802849,D,B,A,2024-06-06,500000.00,4.457555,102.75
08:01:12,912810UA4,TSRYS5802849,D,B,A,2024-06-06,2000000.00,4.448245,102.90625
08:01:12,912810UA4,TSRYS5802849,D,S,T,2024-06-06,1000000.00,4.456157,102.7734375
08:01:12,912810UA4,TSRYS5802849,D,S,T,2024-06-06,2000000.00,4.449756,102.880859375
08:01:12,912810UA4,TSRYS5802849,D,B,A,2024-06-06,2000000.00,4.446385,102.9375
08:01:12,912810UA4,TSRYS5802849,D,B,A,2024-06-06,500000.00,4.448245,102.90625
08:01:12,912810UA4,TSRYS5802849,D,S,T,2024-06-06,1000000.00,4.436172,103.109375
08:01:12,912810UA4,TSRYS5802849,D,S,C,2024-06-06,500000.00,4.459187,102.72265625
08:01:12,912810UA4,TSRYS5802849,D,B,A,2024-06-06,500000.00,4.459187,102.72265625
08:01:12,912810UA4,TSRYS5802849,D,B,A,2024-06-06,8700000.00,4.464306,102.63691875
08:01:12,912810UA4,TSRYS5802849,D,S,C,2024-06-06,8700000.00,4.464306,102.63691875
08:01:12,912810UA4,TSRYS5802849,D,B,C,2024-06-06,1000000.00,4.462684,102.6640625
08:01:12,912810UA4,TSRYS5802849,D,S,A,2024-06-06,1000000.00,4.462684,102.6640625
08:01:12,912810UA4,TSRYS5802849,D,S,T,2024-06-06,1000000.00,4.437099,103.09375
08:01:13,912810UA4,TSRYS5802849,D,S,T,2024-06-06,1000000.00,4.437099,103.09375
08:01:13,912810UA4,TSRYS5802849,D,S,T,2024-06-06,1000000.00,4.445462,102.953023
08:01:13,912810UA4,TSRYS5802849,D,S,T,2024-06-06,1000000.00,4.456041,102.775390625
08:01:13,912810UA4,TSRYS5802849,D,S,T,2024-06-06,1000000.00,4.45942,102.71875
08:01:13,912810UA4,TSRYS5802849,D,S,T,2024-06-06,1000000.00,4.455924,102.77734375
08:01:14,912810UA4,TSRYS5802849,D,S,T,2024-06-06,1000000.00,4.446385,102.9375
08:01:14,912810UA4,TSRYS5802849,D,S,D,2024-06-06,1000000.00,4.449756,102.880859375
08:01:14,912810UA4,TSRYS5802849,D,S,D,2024-06-06,1000000.00,4.45476,102.796875
08:01:14,912810UA4,TSRYS5802849,D,S,T,2024-06-06,1000000.00,4.445572,102.951171875
08:01:14,912810UA4,TSRYS5802849,D,S,T,2024-06-06,1000000.00,4.445688,102.94921875
08:01:14,912810UA4,TSRYS5802849,D,S,T,2024-06-06,1000000.00,4.445804,102.947265625
08:01:14,912810UA4,TSRYS5802849,D,S,T,2024-06-06,1000000.00,4.445456,102.953125
08:01:15,912810UA4,TSRYS5802849,D,B,A,2024-06-06,500000.00,4.455691,102.78125
08:01:15,912810UA4,TSRYS5802849,D,B,C,2024-06-06,1000000.00,4.45057,102.8671875
08:01:16,912810UA4,TSRYS5802849,D,S,T,2024-06-06,1000000.00,4.451734,102.84765625
08:01:16,912810UA4,TSRYS5802849,D,S,T,2024-06-06,1000000.00,4.454993,102.79296875
08:01:16,912810UA4,TSRYS5802849,D,S,T,2024-06-06,1000000.00,4.451966,102.84375
08:01:16,912810UA4,TSRYS5802849,D,S,C,2024-06-06,1000000.00,4.446385,102.9375
08:01:16,912810UA4,TSRYS5802849,D,S,C,2024-06-06,1000000.00,4.446385,102.9375
08:01:16,912810UA4,TSRYS5802849,D,S,T,2024-06-06,1000000.00,4.454178,102.806640625
08:01:16,912810UA4,TSRYS5802849,D,B,C,2024-06-06,30000000.00,4.446427,102.9368
08:01:16,912810UA4,TSRYS5802849,D,S,T,2024-06-06,1000000.00,4.454643,102.798828125
08:01:17,912810UA4,TSRYS5802849,D,S,T,2024-06-06,1000000.00,4.449407,102.88671875
08:01:17,912810UA4,TSRYS5802849,D,S,D,2024-06-06,1000000.00,4.443133,102.9921875
08:01:17,912810UA4,TSRYS5802849,D,S,D,2024-06-06,1000000.00,4.449407,102.88671875
08:01:17,912810UA4,TSRYS5802849,D,S,C,2024-06-06,5000000.00,4.441849,103.01378
08:01:17,912810UA4,TSRYS5802849,D,S,T,2024-06-06,1000000.00,4.454527,102.80078125
08:01:17,912810UA4,TSRYS5802849,D,B,A,2024-06-06,1000000.00,4.440579,103.03515625
08:01:17,912810UA4,TSRYS5802849,D,S,A,2024-06-06,1000000.00,4.450105,102.875
08:01:17,912810UA4,TSRYS5802849,D,S,C,2024-06-06,19050000.00,4.532777,101.5
08:01:18,912810UA4,TSRYS5802849,D,S,C,2024-06-06,1000000.00,4.444991,102.9609375
08:01:18,912810UA4,TSRYS5802849,D,S,C,2024-06-06,4750000.00,4.532777,101.5
08:01:21,912810UA4,TSRYS5802849,D,S,D,2024-06-06,1000000.00,4.443133,102.9921875
08:01:21,912810UA4,TSRYS5802849,D,S,D,2024-06-06,1000000.00,4.445804,102.94726562
08:01:21,912810UA4,TSRYS5802849,D,S,D,2024-06-06,1000000.00,4.443133,102.9921875
08:01:21,912810UA4,TSRYS5802849,D,S,C,2024-06-06,1000000.00,4.440463,103.037109375
08:01:21,912810UA4,TSRYS5802849,D,S,T,2024-06-06,1000000.00,4.443133,102.9921875
08:01:21,912810UA4,TSRYS5802849,D,S,D,2024-06-06,1000000.00,4.443249,102.99023437
08:01:21,912810UA4,TSRYS5802849,D,B,C,2024-06-06,5000000.00,4.443186,102.9913
08:01:21,912810UA4,TSRYS5802849,D,S,D,2024-06-06,1000000.00,4.44592,102.9453125
08:01:21,912810UA4,TSRYS5802849,D,S,C,2024-06-06,1000000.00,4.439767,103.048828125
08:01:21,912810UA4,TSRYS5802849,D,S,T,2024-06-06,1000000.00,4.451966,102.84375
08:01:21,912810UA4,TSRYS5802849,D,S,C,2024-06-06,1000000.00,4.439767,103.048828125
08:01:21,912810UA4,TSRYS5802849,D,S,C,2024-06-06,1000000.00,4.439767,103.048828125
08:01:21,912810UA4,TSRYS5802849,D,S,A,2024-06-06,107800.00,4.441002,103.02734375
08:01:21,912810UA4,TSRYS5802849,D,S,C,2024-06-06,1000000.00,4.439767,103.048828125
08:01:21,912810UA4,TSRYS5802849,D,S,C,2024-06-06,1000000.00,4.439999,103.044921875
08:01:21,912810UA4,TSRYS5802849,D,S,C,2024-06-06,1000000.00,4.439999,103.044921875
08:01:21,912810UA4,TSRYS5802849,D,S,T,2024-06-06,1000000.00,4.44174,103.015625
08:01:21,912810UA4,TSRYS5802849,D,S,D,2024-06-06,1000000.00,4.45476,102.796875
08:01:21,912810UA4,TSRYS5802849,D,S,A,2024-06-06,2000.00,4.45053,102.8671875
08:01:21,912810UA4,TSRYS5802849,D,B,A,2024-06-06,1000000.00,4.44174,103.015625
08:01:21,912810UA4,TSRYS5802849,D,S,T,2024-06-06,1000000.00,4.452548,102.833984375
08:01:21,912810UA4,TSRYS5802849,D,S,T,2024-06-06,1000000.00,4.452665,102.83203125
08:01:21,912810UA4,TSRYS5802849,D,S,C,2024-06-06,19040000.00,4.532777,101.5
08:01:21,912810UA4,TSRYS5802849,D,S,C,2024-06-06,4760000.00,4.532777,101.5
08:01:21,912810UA4,TSRYS5802849,D,S,D,2024-06-06,1000000.00,4.448129,102.90820312
08:01:21,912810UA4,TSRYS5802849,D,S,T,2024-06-06,1000000.00,4.448245,102.90625
08:01:21,912810UA4,TSRYS5802849,D,S,T,2024-06-06,1000000.00,4.45942,102.71875
08:01:21,912810UA4,TSRYS5802849,D,S,C,2024-06-06,1000000.00,4.439303,103.056640625
08:01:21,912810UA4,TSRYS5802849,D,S,T,2024-06-06,1000000.00,4.451734,102.84765625
08:01:21,912810UA4,TSRYS5802849,D,S,T,2024-06-06,1000000.00,4.448245,102.90625
08:01:21,912810UA4,TSRYS5802849,D,S,T,2024-06-06,1000000.00,4.454876,102.794921875
08:01:21,912810UA4,TSRYS5802849,D,S,D,2024-06-06,1000000.00,4.460819,102.6953125
08:01:21,912810UA4,TSRYS5802849,D,B,A,2024-06-06,5000000.00,4.451966,102.84375
08:01:21,912810UA4,TSRYS5802849,D,S,D,2024-06-06,1000000.00,4.460585,102.69921875
08:01:21,912810UA4,TSRYS5802849,D,S,C,2024-06-06,1000000.00,4.447896,102.91210937
08:01:21,912810UA4,TSRYS5802849,D,S,D,2024-06-06,1000000.00,4.448129,102.90820312
08:01:21,912810UA4,TSRYS5802849,D,S,T,2024-06-06,1000000.00,4.45476,102.796875
08:01:21,912810UA4,TSRYS5802849,D,B,C,2024-06-06,1000000.00,4.463851,102.64453125
08:01:21,912810UA4,TSRYS5802849,D,S,D,2024-06-06,1000000.00,4.463851,102.64453125
08:01:21,912810UA4,TSRYS5802849,D,S,T,2024-06-06,1000000.00,4.447896,102.91210937
08:01:21,912810UA4,TSRYS5802849,D,S,D,2024-06-06,2000000.00,4.464318,102.63671875
08:01:21,912810UA4,TSRYS5802849,D,S,C,2024-06-06,1000000.00,4.465018,102.625
08:01:21,912810UA4,TSRYS5802849,D,B,C,2024-06-06,1000000.00,4.465251,102.62109375
08:01:21,912810UA4,TSRYS5802849,D,S,C,2024-06-06,1000000.00,4.465251,102.62109375
08:01:21,912810UA4,TSRYS5802849,D,S,D,2024-06-06,1000000.00,4.448012,102.91015625
08:01:21,912810UA4,TSRYS5802849,D,B,C,2024-06-06,1000000.00,4.465018,102.625
08:01:21,912810UA4,TSRYS5802849,D,S,C,2024-06-06,1000000.00,4.465018,102.625
08:01:21,912810UA4,TSRYS5802849,D,S,C,2024-06-06,1000000.00,4.465018,102.625
08:01:21,912810UA4,TSRYS5802849,D,S,D,2024-06-06,1000000.00,4.44174,103.015625
08:01:21,912810UA4,TSRYS5802849,D,S,C,2024-06-06,1000000.00,4.464551,102.6328125
08:01:21,912810UA4,TSRYS5802849,D,S,C,2024-06-06,1000000.00,4.464551,102.6328125
08:01:21,912810UA4,TSRYS5802849,D,B,C,2024-06-06,1000000.00,4.464551,102.6328125
08:01:21,912810UA4,TSRYS5802849,D,B,C,2024-06-06,1000000.00,4.44592,102.9453125
08:01:21,912810UA4,TSRYS5802849,D,S,D,2024-06-06,1000000.00,4.464785,102.62890625
08:01:21,912810UA4,TSRYS5802849,D,B,C,2024-06-06,1000000.00,4.464785,102.62890625
08:01:21,912810UA4,TSRYS5802849,D,B,C,2024-06-06,1000000.00,4.44592,102.9453125
08:01:21,912810UA4,TSRYS5802849,D,S,D,2024-06-06,1000000.00,4.462918,102.66015625
08:01:21,912810UA4,TSRYS5802849,D,S,D,2024-06-06,1000000.00,4.462918,102.66015625
08:01:21,912810UA4,TSRYS5802849,D,S,D,2024-06-06,1000000.00,4.463151,102.65625
08:01:21,912810UA4,TSRYS5802849,D,S,D,2024-06-06,1000000.00,4.463151,102.65625
08:01:21,912810UA4,TSRYS5802849,D,S,D,2024-06-06,1000000.00,4.463151,102.65625
