tradeTime,cusip,issueSymbolIdentifier,priceType,reportingSideCode,contraPartyTypeCode,tradeDate,reportedTradeVolume,lastSaleYield,lastSalePrice
08:00:04,912810UC0,TSRYS5860825,D,S,T,2024-10-16,1000000.00,4.329883,98.6640625
08:00:04,912810UC0,TSRYS5860825,D,S,D,2024-10-16,1000000.00,4.330238,98.658203125
08:00:04,912810UC0,TSRYS5860825,D,S,D,2024-10-16,1000000.00,4.331185,98.642578125
08:00:04,912810UC0,TSRYS5860825,D,S,D,2024-10-16,1000000.00,4.331422,98.638671875
08:00:04,912810UC0,TSRYS5860825,D,S,D,2024-10-16,1000000.00,4.331658,98.634765625
08:00:04,912810UC0,TSRYS5860825,D,S,D,2024-10-16,1000000.00,4.331658,98.634765625
08:00:04,912810UC0,TSRYS5860825,D,S,D,2024-10-16,1000000.00,4.331658,98.634765625
08:00:04,912810UC0,TSRYS5860825,D,S,D,2024-10-16,1000000.00,4.331658,98.634765625
08:00:04,912810UC0,TSRYS5860825,D,S,D,2024-10-16,1000000.00,4.331777,98.6328125
08:00:04,912810UC0,TSRYS5860825,D,S,D,2024-10-16,1000000.00,4.331658,98.634765625
08:00:04,912810UC0,TSRYS5860825,D,S,D,2024-10-16,1000000.00,4.331185,98.642578125
08:00:04,912810UC0,TSRYS5860825,D,S,D,2024-10-16,1000000.00,4.319481,98.8359375
08:00:04,912810UC0,TSRYS5860825,D,S,T,2024-10-16,1000000.00,4.318773,98.84765625
08:00:04,912810UC0,TSRYS5860825,D,S,D,2024-10-16,1000000.00,4.318773,98.84765625
08:00:04,912810UC0,TSRYS5860825,D,S,D,2024-10-16,1000000.00,4.316177,98.890625
08:00:04,912810UC0,TSRYS5860825,D,S,T,2024-10-16,1000000.00,4.311461,98.96875
08:00:04,912810UC0,TSRYS5860825,D,S,T,2024-10-16,1000000.00,4.300517,99.150390625
08:00:04,912810UC0,TSRYS5860825,D,S,T,2024-10-16,1000000.00,4.30181,99.12890625
08:00:04,912810UC0,TSRYS5860825,D,S,T,2024-10-16,1000000.00,4.296523,99.216796875
08:00:04,912810UC0,TSRYS5860825,D,S,T,2024-10-16,1000000.00,4.295467,99.234375
08:00:04,912810UC0,TSRYS5860825,D,S,T,2024-10-16,1000000.00,4.292768,99.279296875
08:00:04,912810UC0,TSRYS5860825,D,S,T,2024-10-16,1000000.00,4.29899,99.17578125
08:00:04,912810UC0,TSRYS5860825,D,S,D,2024-10-16,1000000.00,4.298402,99.185546875
08:00:04,912810UC0,TSRYS5860825,D,S,T,2024-10-16,1000000.00,4.304515,99.083984375
08:00:04,912810UC0,TSRYS5860825,D,S,T,2024-10-16,1000000.00,4.306751,99.046875
08:00:04,912810UC0,TSRYS5860825,D,S,T,2024-10-16,1000000.00,4.306751,99.046875
08:00:04,912810UC0,TSRYS5860825,D,S,T,2024-10-16,1000000.00,4.303692,99.09765625
08:00:04,912810UC0,TSRYS5860825,D,S,T,2024-10-16,1000000.00,4.303692,99.09765625
08:00:04,912810UC0,TSRYS5860825,D,S,T,2024-10-16,1000000.00,4.303692,99.09765625
08:00:04,912810UC0,TSRYS5860825,D,S,T,2024-10-16,1000000.00,4.303692,99.09765625
08:00:04,912810UC0,TSRYS5860825,D,S,T,2024-10-16,1000000.00,4.302163,99.123046875
08:00:04,912810UC0,TSRYS5860825,D,S,D,2024-10-16,1000000.00,4.302163,99.123046875
08:00:04,912810UC0,TSRYS5860825,D,B,C,2024-10-16,1000000.00,4.304044,99.091796875
08:00:04,912810UC0,TSRYS5860825,D,B,C,2024-10-16,1000000.00,4.304044,99.091796875
08:00:04,912810UC0,TSRYS5860825,D,B,C,2024-10-16,1000000.00,4.304044,99.091796875
08:00:04,912810UC0,TSRYS5860825,D,B,C,2024-10-16,1000000.00,4.304044,99.091796875
08:00:04,912810UC0,TSRYS5860825,D,S,T,2024-10-16,1000000.00,4.303456,99.1015625
08:00:04,912810UC0,TSRYS5860825,D,B,C,2024-10-16,1000000.00,4.304044,99.091796875
08:00:04,912810UC0,TSRYS5860825,D,B,C,2024-10-16,1000000.00,4.304044,99.091796875
08:00:04,912810UC0,TSRYS5860825,D,S,T,2024-10-16,1000000.00,4.303809,99.095703125
08:00:04,912810UC0,TSRYS5860825,D,S,T,2024-10-16,1000000.00,4.302986,99.109375
08:00:04,912810UC0,TSRYS5860825,D,B,C,2024-10-16,1000000.00,4.304044,99.091796875
08:00:04,912810UC0,TSRYS5860825,D,B,C,2024-10-16,1000000.00,4.304044,99.091796875
08:00:04,912810UC0,TSRYS5860825,D,B,C,2024-10-16,1000000.00,4.304044,99.091796875
08:00:04,912810UC0,TSRYS5860825,D,B,C,2024-10-16,1000000.00,4.304044,99.091796875
08:00:04,912810UC0,TSRYS5860825,D,S,T,2024-10-16,1000000.00,4.303339,99.103515625
08:00:04,912810UC0,TSRYS5860825,D,S,T,2024-10-16,1000000.00,4.302986,99.109375
08:00:04,912810UC0,TSRYS5860825,D,B,C,2024-10-16,1000000.00,4.304044,99.091796875
08:00:04,912810UC0,TSRYS5860825,D,S,T,2024-10-16,1000000.00,4.303456,99.1015625
08:00:05,912810UC0,TSRYS5860825,D,S,T,2024-10-16,1000000.00,4.298285,99.1875
08:00:05,912810UC0,TSRYS5860825,D,S,T,2024-10-16,1000000.00,4.298285,99.1875
08:00:05,912810UC0,TSRYS5860825,D,S,D,2024-10-16,1000000.00,4.297698,99.197265625
08:00:05,912810UC0,TSRYS5860825,D,S,T,2024-10-16,1000000.00,4.29758,99.19921875
08:00:05,912810UC0,TSRYS5860825,D,S,T,2024-10-16,1000000.00,4.297698,99.197265625
08:00:05,912810UC0,TSRYS5860825,D,S,T,2024-10-16,1000000.00,4.297698,99.197265625
08:00:05,912810UC0,TSRYS5860825,D,S,T,2024-10-16,1000000.00,4.296876,99.2109375
08:00:05,912810UC0,TSRYS5860825,D,S,T,2024-10-16,1000000.00,4.293706,99.263671875
08:00:05,912810UC0,TSRYS5860825,D,S,D,2024-10-16,1000000.00,4.293589,99.265625
08:00:05,912810UC0,TSRYS5860825,D,S,D,2024-10-16,1000000.00,4.29312,99.2734375
08:00:05,912810UC0,TSRYS5860825,D,S,D,2024-10-16,1000000.00,4.291712,99.296875
08:00:05,912810UC0,TSRYS5860825,D,S,D,2024-10-16,1000000.00,4.291947,99.29296875
08:00:05,912810UC0,TSRYS5860825,D,S,D,2024-10-16,1000000.00,4.29007,99.32421875
08:00:05,912810UC0,TSRYS5860825,D,S,D,2024-10-16,1000000.00,4.289602,99.33203125
08:00:05,912810UC0,TSRYS5860825,D,S,D,2024-10-16,1000000.00,4.288898,99.34375
08:00:05,912810UC0,TSRYS5860825,D,S,D,2024-10-16,1000000.00,4.289836,99.328125
08:00:05,912810UC0,TSRYS5860825,D,S,T,2024-10-16,1000000.00,4.289602,99.33203125
08:00:05,912810UC0,TSRYS5860825,D,S,T,2024-10-16,1000000.00,4.289602,99.33203125
08:00:05,912810UC0,TSRYS5860825,D,S,D,2024-10-16,1000000.00,4.289602,99.33203125
08:00:05,912810UC0,TSRYS5860825,D,S,T,2024-10-16,1000000.00,4.293589,99.265625
08:00:05,912810UC0,TSRYS5860825,D,S,T,2024-10-16,1000000.00,4.303927,99.09375
08:00:05,912810UC0,TSRYS5860825,D,S,T,2024-10-16,2000000.00,4.293589,99.265625
08:00:05,912810UC0,TSRYS5860825,D,S,C,2024-10-16,6950000.00,4.309576,99.0
08:00:06,912810UC0,TSRYS5860825,D,S,D,2024-10-16,11000000.00,4.321843,98.796875
08:00:07,912810UC0,TSRYS5860825,D,S,D,2024-10-16,1000000.00,4.303456,99.1015625
08:00:07,912810UC0,TSRYS5860825,D,S,D,2024-10-16,1000000.00,4.303339,99.103515625
08:00:07,912810UC0,TSRYS5860825,D,S,D,2024-10-16,1000000.00,4.303339,99.103515625
08:00:07,912810UC0,TSRYS5860825,D,S,D,2024-10-16,1000000.00,4.303339,99.103515625
08:00:08,912810UC0,TSRYS5860825,D,S,A,2024-10-16,15000000.00,4.320898,98.8125
08:00:08,912810UC0,TSRYS5860825,D,S,D,2024-10-16,11000000.00,4.321843,98.796875
08:00:10,912810UC0,TSRYS5860825,D,S,T,2024-10-16,1000000.00,4.328463,98.6875
08:00:10,912810UC0,TSRYS5860825,D,S,D,2024-10-16,21000000.00,4.323284,98.773046875
08:00:10,912810UC0,TSRYS5860825,D,S,T,2024-10-16,4000000.00,4.324206,98.7578125
08:00:10,912810UC0,TSRYS5860825,D,S,T,2024-10-16,1000000.00,4.324206,98.7578125
08:00:10,912810UC0,TSRYS5860825,D,S,T,2024-10-16,4000000.00,4.32397,98.76171875
08:00:10,912810UC0,TSRYS5860825,D,S,D,2024-10-16,1000000.00,4.318065,98.859375
08:00:10,912810UC0,TSRYS5860825,D,S,D,2024-10-16,1000000.00,4.318065,98.859375
08:00:10,912810UC0,TSRYS5860825,D,S,D,2024-10-16,1000000.00,4.309576,99.0
08:00:10,912810UC0,TSRYS5860825,D,S,D,2024-10-16,1000000.00,4.306186,99.05625
08:00:10,912810UC0,TSRYS5860825,D,S,T,2024-10-16,1000000.00,4.323733,98.765625
08:00:10,912810UC0,TSRYS5860825,D,S,T,2024-10-16,1000000.00,4.322788,98.78125
08:00:10,912810UC0,TSRYS5860825,D,S,T,2024-10-16,1000000.00,4.322788,98.78125
08:00:10,912810UC0,TSRYS5860825,D,S,T,2024-10-16,1000000.00,4.322788,98.78125
08:00:10,912810UC0,TSRYS5860825,D,S,T,2024-10-16,1000000.00,4.322788,98.78125
08:00:10,912810UC0,TSRYS5860825,D,S,T,2024-10-16,2000000.00,4.322788,98.78125
08:00:10,912810UC0,TSRYS5860825,D,S,T,2024-10-16,1000000.00,4.322788,98.78125
08:00:10,912810UC0,TSRYS5860825,D,S,T,2024-10-16,1000000.00,4.322788,98.78125
08:00:10,912810UC0,TSRYS5860825,D,S,T,2024-10-16,2000000.00,4.322788,98.78125
08:00:10,912810UC0,TSRYS5860825,D,S,T,2024-10-16,1000000.00,4.322788,98.78125
08:00:10,912810UC0,TSRYS5860825,D,S,T,2024-10-16,1000000.00,4.322788,98.78125
08:00:10,912810UC0,TSRYS5860825,D,S,D,2024-10-16,6000000.00,4.297134,99.20663125
08:00:10,912810UC0,TSRYS5860825,D,B,C,2024-10-16,6000000.00,4.297134,99.20663125
08:00:10,912810UC0,TSRYS5860825,D,S,D,2024-10-16,10000000.00,4.297357,99.202925
08:00:10,912810UC0,TSRYS5860825,D,B,C,2024-10-16,10000000.00,4.297357,99.202925
08:00:10,912810UC0,TSRYS5860825,D,S,D,2024-10-16,6800000.00,4.294774,99.24589375
08:00:10,912810UC0,TSRYS5860825,D,B,C,2024-10-16,6800000.00,4.294774,99.24589375
08:00:10,912810UC0,TSRYS5860825,D,S,D,2024-10-16,8000000.00,4.29093,99.309895833
08:00:10,912810UC0,TSRYS5860825,D,S,D,2024-10-16,1000000.00,4.293882,99.260742188
08:00:10,912810UC0,TSRYS5860825,D,S,D,2024-10-16,10000000.00,4.296418,99.21855
08:00:10,912810UC0,TSRYS5860825,D,B,C,2024-10-16,10000000.00,4.296418,99.21855
08:00:10,912810UC0,TSRYS5860825,D,S,D,2024-10-16,22000000.00,4.297533,99.2
08:00:10,912810UC0,TSRYS5860825,D,S,D,2024-10-16,10000000.00,4.290551,99.31620625
08:00:10,912810UC0,TSRYS5860825,D,B,C,2024-10-16,10000000.00,4.290551,99.31620625
08:00:10,912810UC0,TSRYS5860825,D,S,D,2024-10-16,5000.00,4.320166,98.82461875
08:00:10,912810UC0,TSRYS5860825,D,S,T,2024-10-16,1000000.00,4.318065,98.859375
08:00:10,912810UC0,TSRYS5860825,D,S,T,2024-10-16,1000000.00,4.318065,98.859375
08:00:10,912810UC0,TSRYS5860825,D,S,T,2024-10-16,1000000.00,4.309576,99.0
08:00:10,912810UC0,TSRYS5860825,D,S,T,2024-10-16,1000000.00,4.3004,99.15234375
08:00:10,912810UC0,TSRYS5860825,D,S,T,2024-10-16,1000000.00,4.3004,99.15234375
08:00:10,912810UC0,TSRYS5860825,D,S,D,2024-10-16,1000000.00,4.30134,99.13671875
08:00:10,912810UC0,TSRYS5860825,D,S,C,2024-10-16,6000000.00,4.29623,99.22168
08:00:10,912810UC0,TSRYS5860825,D,S,A,2024-10-16,3100000.00,4.298285,99.1875
08:00:10,912810UC0,TSRYS5860825,D,S,A,2024-10-16,5550000.00,4.299906,99.16055625
08:00:11,912810UC0,TSRYS5860825,D,S,T,2024-10-16,2000000.00,4.30628,99.0546875
08:00:11,912810UC0,TSRYS5860825,D,S,T,2024-10-16,1000000.00,4.30628,99.0546875
08:00:11,912810UC0,TSRYS5860825,D,S,T,2024-10-16,2000000.00,4.30628,99.0546875
08:00:11,912810UC0,TSRYS5860825,D,S,T,2024-10-16,2000000.00,4.305338,99.0703125
08:00:11,912810UC0,TSRYS5860825,D,S,T,2024-10-16,2000000.00,4.305338,99.0703125
08:00:11,912810UC0,TSRYS5860825,D,S,T,2024-10-16,1000000.00,4.305338,99.0703125
08:00:11,912810UC0,TSRYS5860825,D,S,T,2024-10-16,1000000.00,4.303456,99.1015625
08:00:11,912810UC0,TSRYS5860825,D,S,T,2024-10-16,2000000.00,4.303456,99.1015625
08:00:11,912810UC0,TSRYS5860825,D,S,T,2024-10-16,1000000.00,4.305809,99.0625
08:00:11,912810UC0,TSRYS5860825,D,S,T,2024-10-16,2000000.00,4.305809,99.0625
08:00:11,912810UC0,TSRYS5860825,D,S,T,2024-10-16,1000000.00,4.305809,99.0625
08:00:11,912810UC0,TSRYS5860825,D,S,T,2024-10-16,1000000.00,4.305809,99.0625
08:00:11,912810UC0,TSRYS5860825,D,S,A,2024-10-16,5300000.00,4.304397,99.0859375
08:00:11,912810UC0,TSRYS5860825,D,B,A,2024-10-16,15000000.00,4.306515,99.05078125
08:00:11,912810UC0,TSRYS5860825,D,S,T,2024-10-16,1000000.00,4.306751,99.046875
08:00:11,912810UC0,TSRYS5860825,D,S,A,2024-10-16,12000000.00,4.296406,99.21875
08:00:11,912810UC0,TSRYS5860825,D,S,T,2024-10-16,1000000.00,4.29758,99.19921875
08:00:11,912810UC0,TSRYS5860825,D,S,D,2024-10-16,450000.00,4.298285,99.1875
08:00:11,912810UC0,TSRYS5860825,D,S,A,2024-10-16,2900000.00,4.296406,99.21875
08:00:11,912810UC0,TSRYS5860825,D,S,D,2024-10-16,4000000.00,4.298462,99.18455
08:00:11,912810UC0,TSRYS5860825,D,S,T,2024-10-16,5000000.00,4.297345,99.203125
08:00:11,912810UC0,TSRYS5860825,D,S,T,2024-10-16,1000000.00,4.297345,99.203125
08:00:11,912810UC0,TSRYS5860825,D,S,T,2024-10-16,1000000.00,4.297345,99.203125
08:00:11,912810UC0,TSRYS5860825,D,S,T,2024-10-16,1000000.00,4.297345,99.203125
08:00:11,912810UC0,TSRYS5860825,D,S,T,2024-10-16,1000000.00,4.297345,99.203125
08:00:11,912810UC0,TSRYS5860825,D,S,T,2024-10-16,1000000.00,4.297345,99.203125
08:00:11,912810UC0,TSRYS5860825,D,S,T,2024-10-16,5000000.00,4.296876,99.2109375
08:00:11,912810UC0,TSRYS5860825,D,S,T,2024-10-16,1000000.00,4.293589,99.265625
08:00:11,912810UC0,TSRYS5860825,D,S,T,2024-10-16,4000000.00,4.293824,99.26171875
08:00:11,912810UC0,TSRYS5860825,D,S,T,2024-10-16,1000000.00,4.293589,99.265625
08:00:11,912810UC0,TSRYS5860825,D,S,T,2024-10-16,1000000.00,4.293589,99.265625
08:00:11,912810UC0,TSRYS5860825,D,S,T,2024-10-16,2000000.00,4.293589,99.265625
08:00:11,912810UC0,TSRYS5860825,D,S,T,2024-10-16,1000000.00,4.293589,99.265625
08:00:11,912810UC0,TSRYS5860825,D,S,T,2024-10-16,1000000.00,4.293589,99.265625
08:00:11,912810UC0,TSRYS5860825,D,S,T,2024-10-16,1000000.00,4.293589,99.265625
08:00:11,912810UC0,TSRYS5860825,D,S,T,2024-10-16,1000000.00,4.293589,99.265625
08:00:11,912810UC0,TSRYS5860825,D,S,T,2024-10-16,1000000.00,4.293589,99.265625
08:00:11,912810UC0,TSRYS5860825,D,S,T,2024-10-16,1000000.00,4.293589,99.265625
08:00:11,912810UC0,TSRYS5860825,D,S,T,2024-10-16,2000000.00,4.293589,99.265625
08:00:11,912810UC0,TSRYS5860825,D,S,T,2024-10-16,1000000.00,4.29265,99.28125
08:00:11,912810UC0,TSRYS5860825,D,S,D,2024-10-16,2000000.00,4.291998,99.29211
08:00:11,912810UC0,TSRYS5860825,D,S,D,2024-10-16,1000000.00,4.291712,99.296875
08:00:11,912810UC0,TSRYS5860825,D,S,T,2024-10-16,1000000.00,4.293589,99.265625
08:00:11,912810UC0,TSRYS5860825,D,S,T,2024-10-16,1000000.00,4.293589,99.265625
08:00:11,912810UC0,TSRYS5860825,D,S,T,2024-10-16,1000000.00,4.293589,99.265625
08:00:11,912810UC0,TSRYS5860825,D,S,T,2024-10-16,1000000.00,4.294645,99.248046875
08:00:11,912810UC0,TSRYS5860825,D,S,T,2024-10-16,1000000.00,4.294528,99.25
08:00:11,912810UC0,TSRYS5860825,D,S,T,2024-10-16,1000000.00,4.294528,99.25
08:00:11,912810UC0,TSRYS5860825,D,B,A,2024-10-16,4000000.00,4.29852,99.18359375
08:00:11,912810UC0,TSRYS5860825,D,S,T,2024-10-16,1000000.00,4.298285,99.1875
08:00:11,912810UC0,TSRYS5860825,D,S,T,2024-10-16,1000000.00,4.298285,99.1875
08:00:11,912810UC0,TSRYS5860825,D,S,T,2024-10-16,1000000.00,4.296406,99.21875
08:00:11,912810UC0,TSRYS5860825,D,S,T,2024-10-16,1000000.00,4.296406,99.21875
08:00:11,912810UC0,TSRYS5860825,D,S,T,2024-10-16,1000000.00,4.296876,99.2109375
08:00:11,912810UC0,TSRYS5860825,D,S,T,2024-10-16,4000000.00,4.296876,99.2109375
08:00:11,912810UC0,TSRYS5860825,D,S,T,2024-10-16,1000000.00,4.296406,99.21875
08:00:11,912810UC0,TSRYS5860825,D,S,T,2024-10-16,1000000.00,4.296406,99.21875
08:00:11,912810UC0,TSRYS5860825,D,S,T,2024-10-16,1000000.00,4.296406,99.21875
08:00:11,912810UC0,TSRYS5860825,D,S,T,2024-10-16,1000000.00,4.296406,99.21875
08:00:11,912810UC0,TSRYS5860825,D,S,T,2024-10-16,1000000.00,4.296406,99.21875
08:00:11,912810UC0,TSRYS5860825,D,S,T,2024-10-16,1000000.00,4.296406,99.21875
08:00:11,912810UC0,TSRYS5860825,D,S,T,2024-10-16,1000000.00,4.296406,99.21875
08:00:11,912810UC0,TSRYS5860825,D,S,T,2024-10-16,3000000.00,4.296406,99.21875
08:00:11,912810UC0,TSRYS5860825,D,S,T,2024-10-16,1000000.00,4.296406,99.21875
08:00:11,912810UC0,TSRYS5860825,D,S,T,2024-10-16,1000000.00,4.296406,99.21875
08:00:11,912810UC0,TSRYS5860825,D,S,T,2024-10-16,1000000.00,4.296406,99.21875
08:00:11,912810UC0,TSRYS5860825,D,S,T,2024-10-16,1000000.00,4.296406,99.21875
08:00:11,912810UC0,TSRYS5860825,D,S,T,2024-10-16,1000000.00,4.296406,99.21875
08:00:11,912810UC0,TSRYS5860825,D,S,T,2024-10-16,1000000.00,4.296406,99.21875
08:00:11,912810UC0,TSRYS5860825,D,S,T,2024-10-16,1000000.00,4.295936,99.2265625
08:00:11,912810UC0,TSRYS5860825,D,S,T,2024-10-16,2000000.00,4.295936,99.2265625
08:00:11,912810UC0,TSRYS5860825,D,S,T,2024-10-16,1000000.00,4.295936,99.2265625
08:00:11,912810UC0,TSRYS5860825,D,S,T,2024-10-16,1000000.00,4.295936,99.2265625
08:00:11,912810UC0,TSRYS5860825,D,S,T,2024-10-16,1000000.00,4.296406,99.21875
08:00:11,912810UC0,TSRYS5860825,D,S,T,2024-10-16,2000000.00,4.296406,99.21875
08:00:11,912810UC0,TSRYS5860825,D,S,T,2024-10-16,1000000.00,4.296406,99.21875
08:00:11,912810UC0,TSRYS5860825,D,S,T,2024-10-16,1000000.00,4.297345,99.203125
08:00:11,912810UC0,TSRYS5860825,D,S,D,2024-10-16,1000000.00,4.29758,99.19921875
08:00:11,912810UC0,TSRYS5860825,D,S,D,2024-10-16,1000000.00,4.29758,99.19921875
08:00:11,912810UC0,TSRYS5860825,D,S,D,2024-10-16,1000000.00,4.29758,99.19921875
08:00:11,912810UC0,TSRYS5860825,D,S,D,2024-10-16,1000000.00,4.29758,99.19921875
08:00:11,912810UC0,TSRYS5860825,D,S,T,2024-10-16,1000000.00,4.297345,99.203125
08:00:11,912810UC0,TSRYS5860825,D,S,D,2024-10-16,1000000.00,4.29758,99.19921875
08:00:11,912810UC0,TSRYS5860825,D,S,T,2024-10-16,1000000.00,4.297345,99.203125
08:00:11,912810UC0,TSRYS5860825,D,S,T,2024-10-16,1000000.00,4.297345,99.203125
08:00:11,912810UC0,TSRYS5860825,D,S,D,2024-10-16,15000000.00,4.297815,99.1953125
08:00:11,912810UC0,TSRYS5860825,D,S,T,2024-10-16,1000000.00,4.295467,99.234375
08:00:11,912810UC0,TSRYS5860825,D,S,D,2024-10-16,3000000.00,4.293589,99.265625
08:00:11,912810UC0,TSRYS5860825,D,S,T,2024-10-16,1000000.00,4.289836,99.328125
08:00:11,912810UC0,TSRYS5860825,D,B,A,2024-10-16,3750000.00,4.289836,99.328125
08:00:11,912810UC0,TSRYS5860825,D,S,D,2024-10-16,1000000.00,4.289836,99.328125
08:00:11,912810UC0,TSRYS5860825,D,S,D,2024-10-16,4000000.00,4.289836,99.328125
08:00:11,912810UC0,TSRYS5860825,D,S,D,2024-10-16,4000000.00,4.289836,99.328125
08:00:11,912810UC0,TSRYS5860825,D,S,D,2024-10-16,2000000.00,4.288898,99.34375
08:00:11,912810UC0,TSRYS5860825,D,S,D,2024-10-16,1000000.00,4.289836,99.328125
08:00:11,912810UC0,TSRYS5860825,D,S,T,2024-10-16,1000000.00,4.289836,99.328125
08:00:11,912810UC0,TSRYS5860825,D,S,T,2024-10-16,1000000.00,4.288898,99.34375
08:00:11,912810UC0,TSRYS5860825,D,S,T,2024-10-16,1000000.00,4.288898,99.34375
08:00:11,912810UC0,TSRYS5860825,D,S,T,2024-10-16,1000000.00,4.302986,99.109375
08:00:13,912810UC0,TSRYS5860825,D,S,D,2024-10-16,1000000.00,4.318065,98.859375
08:00:14,912810UC0,TSRYS5860825,D,S,D,2024-10-16,1000000.00,4.325152,98.7421875
08:00:14,912810UC0,TSRYS5860825,D,S,T,2024-10-16,1000000.00,4.331185,98.642578125
08:00:14,912810UC0,TSRYS5860825,D,S,D,2024-10-16,1000000.00,4.331303,98.640625
08:00:14,912810UC0,TSRYS5860825,D,S,T,2024-10-16,1000000.00,4.331185,98.642578125
08:00:14,912810UC0,TSRYS5860825,D,S,D,2024-10-16,1000000.00,4.331303,98.640625
08:00:14,912810UC0,TSRYS5860825,D,S,T,2024-10-16,1000000.00,4.331067,98.64453125
08:00:14,912810UC0,TSRYS5860825,D,S,T,2024-10-16,1000000.00,4.331303,98.640625
08:00:14,912810UC0,TSRYS5860825,D,S,T,2024-10-16,1000000.00,4.317121,98.875
08:00:14,912810UC0,TSRYS5860825,D,S,T,2024-10-16,1000000.00,4.318773,98.84765625
08:00:14,912810UC0,TSRYS5860825,D,S,T,2024-10-16,1000000.00,4.318773,98.84765625
08:00:14,912810UC0,TSRYS5860825,D,S,T,2024-10-16,1000000.00,4.318773,98.84765625
08:00:14,912810UC0,TSRYS5860825,D,S,D,2024-10-16,1000000.00,4.319481,98.8359375
08:00:14,912810UC0,TSRYS5860825,D,S,T,2024-10-16,1000000.00,4.319363,98.837890625
08:00:14,912810UC0,TSRYS5860825,D,S,T,2024-10-16,1000000.00,4.319363,98.837890625
08:00:14,912810UC0,TSRYS5860825,D,S,D,2024-10-16,1000000.00,4.319009,98.84375
08:00:14,912810UC0,TSRYS5860825,D,S,T,2024-10-16,1000000.00,4.318773,98.84765625
08:00:14,912810UC0,TSRYS5860825,D,S,T,2024-10-16,1000000.00,4.319009,98.84375
08:00:14,912810UC0,TSRYS5860825,D,S,T,2024-10-16,1000000.00,4.319954,98.828125
08:00:14,912810UC0,TSRYS5860825,D,S,T,2024-10-16,1000000.00,4.32019,98.82421875
08:00:14,912810UC0,TSRYS5860825,D,S,T,2024-10-16,1000000.00,4.319954,98.828125
08:00:14,912810UC0,TSRYS5860825,D,S,T,2024-10-16,1000000.00,4.319954,98.828125
08:00:14,912810UC0,TSRYS5860825,D,S,D,2024-10-16,1000000.00,4.319481,98.8359375
08:00:14,912810UC0,TSRYS5860825,D,S,T,2024-10-16,1000000.00,4.320308,98.822265625
08:00:14,912810UC0,TSRYS5860825,D,S,T,2024-10-16,1000000.00,4.31429,98.921875
08:00:14,912810UC0,TSRYS5860825,D,S,T,2024-10-16,1000000.00,4.31429,98.921875
08:00:14,912810UC0,TSRYS5860825,D,S,T,2024-10-16,1000000.00,4.310519,98.984375
08:00:14,912810UC0,TSRYS5860825,D,S,T,2024-10-16,1000000.00,4.303927,99.09375
08:00:14,912810UC0,TSRYS5860825,D,S,T,2024-10-16,1000000.00,4.303927,99.09375
08:00:14,912810UC0,TSRYS5860825,D,S,T,2024-10-16,1000000.00,4.304162,99.08984375
08:00:14,912810UC0,TSRYS5860825,D,S,T,2024-10-16,1000000.00,4.29899,99.17578125
08:00:14,912810UC0,TSRYS5860825,D,S,D,2024-10-16,1000000.00,4.295467,99.234375
08:00:14,912810UC0,TSRYS5860825,D,S,T,2024-10-16,1000000.00,4.293354,99.26953125
08:00:15,912810UC0,TSRYS5860825,D,S,T,2024-10-16,1000000.00,4.302045,99.125
08:00:15,912810UC0,TSRYS5860825,D,S,T,2024-10-16,1000000.00,4.298285,99.1875
08:00:15,912810UC0,TSRYS5860825,D,S,D,2024-10-16,1000000.00,4.298755,99.1796875
08:00:15,912810UC0,TSRYS5860825,D,S,D,2024-10-16,1000000.00,4.297815,99.1953125
08:00:15,912810UC0,TSRYS5860825,D,S,T,2024-10-16,1000000.00,4.296406,99.21875
08:00:15,912810UC0,TSRYS5860825,D,S,T,2024-10-16,1000000.00,4.294058,99.2578125
08:00:15,912810UC0,TSRYS5860825,D,S,T,2024-10-16,1000000.00,4.295232,99.23828125
08:00:15,912810UC0,TSRYS5860825,D,S,T,2024-10-16,2000000.00,4.293706,99.263671875
08:00:15,912810UC0,TSRYS5860825,D,S,T,2024-10-16,1000000.00,4.293824,99.26171875
08:00:15,912810UC0,TSRYS5860825,D,S,T,2024-10-16,1000000.00,4.293589,99.265625
08:00:15,912810UC0,TSRYS5860825,D,S,T,2024-10-16,1000000.00,4.291712,99.296875
08:00:15,912810UC0,TSRYS5860825,D,S,T,2024-10-16,1000000.00,4.291712,99.296875
08:00:15,912810UC0,TSRYS5860825,D,S,T,2024-10-16,1000000.00,4.288898,99.34375
08:00:15,912810UC0,TSRYS5860825,D,S,T,2024-10-16,1000000.00,4.288898,99.34375
08:00:15,912810UC0,TSRYS5860825,D,S,T,2024-10-16,1000000.00,4.288898,99.34375
08:00:15,912810UC0,TSRYS5860825,D,S,D,2024-10-16,100000.00,4.330617,98.65194375
08:00:15,912810UC0,TSRYS5860825,D,B,A,2024-10-16,100000.00,4.330617,98.64694375
08:00:17,912810UC0,TSRYS5860825,D,S,D,2024-10-16,3000000.00,4.319481,98.8359375
08:00:17,912810UC0,TSRYS5860825,D,S,D,2024-10-16,2000000.00,4.320898,98.8125
08:00:17,912810UC0,TSRYS5860825,D,S,D,2024-10-16,1000000.00,4.320898,98.8125
08:00:21,912810UC0,TSRYS5860825,D,S,T,2024-10-16,1000000.00,4.286321,99.38671875
08:00:22,912810UC0,TSRYS5860825,D,S,D,2024-10-16,7000000.00,4.286801,99.37870625
08:00:22,912810UC0,TSRYS5860825,D,B,C,2024-10-16,7000000.00,4.286801,99.37870625
08:00:22,912810UC0,TSRYS5860825,D,S,A,2024-10-16,500000.00,4.316177,98.890625
08:00:22,912810UC0,TSRYS5860825,D,B,A,2024-10-16,10000000.00,4.319481,98.8359375
08:00:22,912810UC0,TSRYS5860825,D,S,T,2024-10-16,1000000.00,4.320898,98.8125
08:00:23,912810UC0,TSRYS5860825,D,S,T,2024-10-16,2000000.00,4.318419,98.853515625
08:00:23,912810UC0,TSRYS5860825,D,S,T,2024-10-16,1000000.00,4.320898,98.8125
08:00:23,912810UC0,TSRYS5860825,D,S,T,2024-10-16,1000000.00,4.315233,98.90625
08:00:23,912810UC0,TSRYS5860825,D,S,T,2024-10-16,1000000.00,4.309576,99.0
08:00:23,912810UC0,TSRYS5860825,D,S,T,2024-10-16,1000000.00,4.309576,99.0
08:00:24,912810UC0,TSRYS5860825,D,S,D,2024-10-16,1000000.00,4.318065,98.859375
08:00:24,912810UC0,TSRYS5860825,D,S,T,2024-10-16,1000000.00,4.320898,98.8125
08:00:24,912810UC0,TSRYS5860825,D,S,T,2024-10-16,1000000.00,4.320898,98.8125
08:00:24,912810UC0,TSRYS5860825,D,S,D,2024-10-16,1000000.00,4.320898,98.8125
08:00:24,912810UC0,TSRYS5860825,D,S,T,2024-10-16,1000000.00,4.320898,98.8125
08:00:24,912810UC0,TSRYS5860825,D,S,T,2024-10-16,1000000.00,4.309576,99.0
08:00:24,912810UC0,TSRYS5860825,D,S,D,2024-10-16,2000000.00,4.320898,98.8125
08:00:24,912810UC0,TSRYS5860825,D,S,T,2024-10-16,1000000.00,4.318065,98.859375
08:00:25,912810UC0,TSRYS5860825,D,S,T,2024-10-16,1000000.00,4.320898,98.8125
08:00:25,912810UC0,TSRYS5860825,D,S,T,2024-10-16,1000000.00,4.32078,98.814453125
08:00:25,912810UC0,TSRYS5860825,D,S,T,2024-10-16,1000000.00,4.309576,99.0
08:00:25,912810UC0,TSRYS5860825,D,S,T,2024-10-16,1000000.00,4.320898,98.8125
08:00:25,912810UC0,TSRYS5860825,D,S,T,2024-10-16,1000000.00,4.309576,99.0
08:00:25,912810UC0,TSRYS5860825,D,S,T,2024-10-16,2000000.00,4.315233,98.90625
08:00:25,912810UC0,TSRYS5860825,D,S,T,2024-10-16,1000000.00,4.315233,98.90625
08:00:25,912810UC0,TSRYS5860825,D,S,T,2024-10-16,1000000.00,4.315233,98.90625
08:00:25,912810UC0,TSRYS5860825,D,S,T,2024-10-16,1000000.00,4.309576,99.0
08:00:26,912810UC0,TSRYS5860825,D,S,T,2024-10-16,2000000.00,4.309576,99.0
08:00:26,912810UC0,TSRYS5860825,D,S,T,2024-10-16,1000000.00,4.309576,99.0
08:00:26,912810UC0,TSRYS5860825,D,S,T,2024-10-16,1000000.00,4.309576,99.0
08:00:26,912810UC0,TSRYS5860825,D,S,C,2024-10-16,15130000.00,4.323261,98.7734375
08:00:27,912810UC0,TSRYS5860825,D,B,C,2024-10-16,1000000.00,4.320898,98.8125
08:00:27,912810UC0,TSRYS5860825,D,S,C,2024-10-16,5000000.00,4.317121,98.875
08:00:27,912810UC0,TSRYS5860825,D,S,T,2024-10-16,1000000.00,4.317357,98.87109375
08:00:27,912810UC0,TSRYS5860825,D,S,T,2024-10-16,1000000.00,4.316649,98.8828125
08:00:27,912810UC0,TSRYS5860825,D,S,T,2024-10-16,1000000.00,4.316649,98.8828125
08:00:27,912810UC0,TSRYS5860825,D,S,T,2024-10-16,1000000.00,4.315941,98.89453125
08:00:27,912810UC0,TSRYS5860825,D,S,T,2024-10-16,1000000.00,4.315823,98.896484375
08:00:27,912810UC0,TSRYS5860825,D,S,T,2024-10-16,1000000.00,4.314762,98.9140625
08:00:27,912810UC0,TSRYS5860825,D,S,T,2024-10-16,1000000.00,4.314998,98.91015625
08:00:27,912810UC0,TSRYS5860825,D,B,A,2024-10-16,10000000.00,4.31429,98.921875
08:00:27,912810UC0,TSRYS5860825,D,S,T,2024-10-16,1000000.00,4.324679,98.75
08:00:27,912810UC0,TSRYS5860825,D,S,T,2024-10-16,1000000.00,4.324679,98.75
08:00:27,912810UC0,TSRYS5860825,D,S,T,2024-10-16,1000000.00,4.309576,99.0
08:00:27,912810UC0,TSRYS5860825,D,S,T,2024-10-16,1000000.00,4.302986,99.109375
08:00:27,912810UC0,TSRYS5860825,D,S,T,2024-10-16,1000000.00,4.302986,99.109375
08:00:27,912810UC0,TSRYS5860825,D,S,T,2024-10-16,1000000.00,4.302986,99.109375
08:00:27,912810UC0,TSRYS5860825,D,S,T,2024-10-16,1000000.00,4.302986,99.109375
08:00:27,912810UC0,TSRYS5860825,D,S,T,2024-10-16,1000000.00,4.303927,99.09375
08:00:27,912810UC0,TSRYS5860825,D,S,T,2024-10-16,1000000.00,4.303927,99.09375
08:00:27,912810UC0,TSRYS5860825,D,S,T,2024-10-16,1000000.00,4.302045,99.125
08:00:27,912810UC0,TSRYS5860825,D,S,T,2024-10-16,1000000.00,4.302045,99.125
08:00:27,912810UC0,TSRYS5860825,D,S,T,2024-10-16,1000000.00,4.297345,99.203125
08:00:27,912810UC0,TSRYS5860825,D,S,T,2024-10-16,1000000.00,4.296406,99.21875
08:00:27,912810UC0,TSRYS5860825,D,S,T,2024-10-16,1000000.00,4.293589,99.265625
08:00:27,912810UC0,TSRYS5860825,D,S,T,2024-10-16,1000000.00,4.295701,99.23046875
08:00:27,912810UC0,TSRYS5860825,D,S,T,2024-10-16,1000000.00,4.293589,99.265625
08:00:27,912810UC0,TSRYS5860825,D,S,T,2024-10-16,1000000.00,4.294528,99.25
08:00:27,912810UC0,TSRYS5860825,D,S,T,2024-10-16,1000000.00,4.294528,99.25
08:00:27,912810UC0,TSRYS5860825,D,S,T,2024-10-16,1000000.00,4.294528,99.25
08:00:27,912810UC0,TSRYS5860825,D,S,T,2024-10-16,1000000.00,4.296406,99.21875
08:00:27,912810UC0,TSRYS5860825,D,S,T,2024-10-16,1000000.00,4.288898,99.34375
08:00:27,912810UC0,TSRYS5860825,D,S,T,2024-10-16,1000000.00,4.313347,98.9375
08:00:27,912810UC0,TSRYS5860825,D,S,T,2024-10-16,1000000.00,4.308634,99.015625
08:00:27,912810UC0,TSRYS5860825,D,S,T,2024-10-16,1000000.00,4.308634,99.015625
08:00:27,912810UC0,TSRYS5860825,D,S,D,2024-10-16,1000000.00,4.300635,99.1484375
08:00:27,912810UC0,TSRYS5860825,D,S,D,2024-10-16,1000000.00,4.306045,99.05859375
08:00:27,912810UC0,TSRYS5860825,D,S,T,2024-10-16,1000000.00,4.308399,99.01953125
08:00:27,912810UC0,TSRYS5860825,D,S,T,2024-10-16,1000000.00,4.308163,99.0234375
08:00:28,912810UC0,TSRYS5860825,D,S,T,2024-10-16,1000000.00,4.319954,98.828125
08:00:28,912810UC0,TSRYS5860825,D,S,T,2024-10-16,1000000.00,4.309341,99.00390625
08:00:28,912810UC0,TSRYS5860825,D,S,T,2024-10-16,1000000.00,4.303692,99.09765625
08:00:28,912810UC0,TSRYS5860825,D,S,T,2024-10-16,1000000.00,4.293002,99.275390625
08:00:28,912810UC0,TSRYS5860825,D,S,T,2024-10-16,1000000.00,4.304044,99.091796875
08:00:28,912810UC0,TSRYS5860825,D,S,T,2024-10-16,1000000.00,4.293824,99.26171875
08:00:28,912810UC0,TSRYS5860825,D,S,T,2024-10-16,1000000.00,4.297815,99.1953125
08:00:28,912810UC0,TSRYS5860825,D,S,T,2024-10-16,1000000.00,4.288898,99.34375
08:00:28,912810UC0,TSRYS5860825,D,S,D,2024-10-16,4000000.00,4.306045,99.05859375
08:00:29,912810UC0,TSRYS5860825,D,S,T,2024-10-16,1000000.00,4.299225,99.171875
08:00:29,912810UC0,TSRYS5860825,D,S,T,2024-10-16,1000000.00,4.300165,99.15625
08:00:30,912810UC0,TSRYS5860825,D,S,T,2024-10-16,1000000.00,4.326571,98.71875
08:00:30,912810UC0,TSRYS5860825,D,S,T,2024-10-16,1000000.00,4.326571,98.71875
08:00:30,912810UC0,TSRYS5860825,D,S,T,2024-10-16,1000000.00,4.326571,98.71875
08:00:30,912810UC0,TSRYS5860825,D,S,T,2024-10-16,1000000.00,4.326571,98.71875
08:00:30,912810UC0,TSRYS5860825,D,S,T,2024-10-16,1000000.00,4.326571,98.71875
08:00:30,912810UC0,TSRYS5860825,D,S,T,2024-10-16,1000000.00,4.326571,98.71875
08:00:30,912810UC0,TSRYS5860825,D,S,T,2024-10-16,1000000.00,4.323733,98.765625
08:00:30,912810UC0,TSRYS5860825,D,S,T,2024-10-16,1000000.00,4.325625,98.734375
08:00:30,912810UC0,TSRYS5860825,D,S,T,2024-10-16,2000000.00,4.323733,98.765625
08:00:30,912810UC0,TSRYS5860825,D,S,T,2024-10-16,1000000.00,4.326571,98.71875
08:00:30,912810UC0,TSRYS5860825,D,S,T,2024-10-16,1000000.00,4.326571,98.71875
08:00:30,912810UC0,TSRYS5860825,D,S,T,2024-10-16,1000000.00,4.327517,98.703125
08:00:30,912810UC0,TSRYS5860825,D,S,T,2024-10-16,1000000.00,4.326571,98.71875
08:00:30,912810UC0,TSRYS5860825,D,S,T,2024-10-16,1000000.00,4.323733,98.765625
08:00:30,912810UC0,TSRYS5860825,D,S,T,2024-10-16,1000000.00,4.323733,98.765625
08:00:30,912810UC0,TSRYS5860825,D,S,T,2024-10-16,1000000.00,4.324561,98.751953125
08:00:30,912810UC0,TSRYS5860825,D,S,T,2024-10-16,1000000.00,4.323733,98.765625
08:00:30,912810UC0,TSRYS5860825,D,S,T,2024-10-16,1000000.00,4.328463,98.6875
08:00:30,912810UC0,TSRYS5860825,D,S,T,2024-10-16,1000000.00,4.328463,98.6875
08:00:30,912810UC0,TSRYS5860825,D,S,T,2024-10-16,1000000.00,4.328463,98.6875
08:00:30,912810UC0,TSRYS5860825,D,S,T,2024-10-16,1000000.00,4.324679,98.75
08:00:30,912810UC0,TSRYS5860825,D,S,T,2024-10-16,1000000.00,4.32397,98.76171875
08:00:30,912810UC0,TSRYS5860825,D,S,T,2024-10-16,1000000.00,4.319009,98.84375
08:00:30,912810UC0,TSRYS5860825,D,S,T,2024-10-16,1000000.00,4.319954,98.828125
08:00:30,912810UC0,TSRYS5860825,D,S,T,2024-10-16,1000000.00,4.319954,98.828125
08:00:30,912810UC0,TSRYS5860825,D,S,T,2024-10-16,1000000.00,4.319954,98.828125
08:00:30,912810UC0,TSRYS5860825,D,S,T,2024-10-16,1000000.00,4.321371,98.8046875
08:00:30,912810UC0,TSRYS5860825,D,S,T,2024-10-16,1000000.00,4.320898,98.8125
08:00:30,912810UC0,TSRYS5860825,D,S,T,2024-10-16,1000000.00,4.316177,98.890625
08:00:30,912810UC0,TSRYS5860825,D,S,T,2024-10-16,1000000.00,4.317121,98.875
08:00:30,912810UC0,TSRYS5860825,D,S,T,2024-10-16,1000000.00,4.299577,99.166015625
08:00:30,912810UC0,TSRYS5860825,D,S,T,2024-10-16,1000000.00,4.320898,98.8125
08:00:30,912810UC0,TSRYS5860825,D,S,T,2024-10-16,1000000.00,4.320898,98.8125
08:00:30,912810UC0,TSRYS5860825,D,S,T,2024-10-16,1000000.00,4.319954,98.828125
08:00:30,912810UC0,TSRYS5860825,D,S,T,2024-10-16,1000000.00,4.319954,98.828125
08:00:30,912810UC0,TSRYS5860825,D,S,T,2024-10-16,1000000.00,4.321843,98.796875
08:00:30,912810UC0,TSRYS5860825,D,S,T,2024-10-16,1000000.00,4.321843,98.796875
08:00:30,912810UC0,TSRYS5860825,D,S,T,2024-10-16,1000000.00,4.320898,98.8125
08:00:30,912810UC0,TSRYS5860825,D,S,T,2024-10-16,1000000.00,4.319009,98.84375
08:00:30,912810UC0,TSRYS5860825,D,S,T,2024-10-16,1000000.00,4.316177,98.890625
08:00:30,912810UC0,TSRYS5860825,D,S,T,2024-10-16,1000000.00,4.315233,98.90625
08:00:30,912810UC0,TSRYS5860825,D,S,T,2024-10-16,1000000.00,4.315233,98.90625
08:00:30,912810UC0,TSRYS5860825,D,S,T,2024-10-16,1000000.00,4.315233,98.90625
08:00:30,912810UC0,TSRYS5860825,D,S,T,2024-10-16,1000000.00,4.315233,98.90625
08:00:30,912810UC0,TSRYS5860825,D,S,T,2024-10-16,1000000.00,4.310519,98.984375
08:00:30,912810UC0,TSRYS5860825,D,S,T,2024-10-16,1000000.00,4.30887,99.01171875
08:00:31,912810UC0,TSRYS5860825,D,S,T,2024-10-16,1000000.00,4.310754,98.98046875
08:00:31,912810UC0,TSRYS5860825,D,S,T,2024-10-16,1000000.00,4.310754,98.98046875
08:00:31,912810UC0,TSRYS5860825,D,S,T,2024-10-16,1000000.00,4.306751,99.046875
08:00:31,912810UC0,TSRYS5860825,D,S,T,2024-10-16,1000000.00,4.306162,99.056640625
08:00:31,912810UC0,TSRYS5860825,D,S,T,2024-10-16,1000000.00,4.306515,99.05078125
08:00:31,912810UC0,TSRYS5860825,D,S,T,2024-10-16,1000000.00,4.306398,99.052734375
08:00:31,912810UC0,TSRYS5860825,D,S,T,2024-10-16,1000000.00,4.303927,99.09375
08:00:31,912810UC0,TSRYS5860825,D,S,T,2024-10-16,1000000.00,4.30087,99.14453125
08:00:31,912810UC0,TSRYS5860825,D,S,T,2024-10-16,1000000.00,4.301105,99.140625
08:00:31,912810UC0,TSRYS5860825,D,S,T,2024-10-16,1000000.00,4.296523,99.216796875
08:00:31,912810UC0,TSRYS5860825,D,S,T,2024-10-16,2000000.00,4.296406,99.21875
08:00:31,912810UC0,TSRYS5860825,D,S,T,2024-10-16,1000000.00,4.296406,99.21875
08:00:31,912810UC0,TSRYS5860825,D,S,T,2024-10-16,1000000.00,4.296406,99.21875
08:00:31,912810UC0,TSRYS5860825,D,S,T,2024-10-16,1000000.00,4.296406,99.21875
08:00:31,912810UC0,TSRYS5860825,D,S,T,2024-10-16,1000000.00,4.296406,99.21875
08:00:31,912810UC0,TSRYS5860825,D,S,T,2024-10-16,1000000.00,4.294528,99.25
08:00:31,912810UC0,TSRYS5860825,D,S,T,2024-10-16,1000000.00,4.293589,99.265625
08:00:31,912810UC0,TSRYS5860825,D,S,T,2024-10-16,1000000.00,4.293589,99.265625
08:00:31,912810UC0,TSRYS5860825,D,S,T,2024-10-16,1000000.00,4.291712,99.296875
08:00:31,912810UC0,TSRYS5860825,D,S,T,2024-10-16,1000000.00,4.300165,99.15625
08:00:31,912810UC0,TSRYS5860825,D,S,T,2024-10-16,1000000.00,4.290774,99.3125
08:00:31,912810UC0,TSRYS5860825,D,S,T,2024-10-16,1000000.00,4.290774,99.3125
08:00:31,912810UC0,TSRYS5860825,D,S,T,2024-10-16,1000000.00,4.290774,99.3125
08:00:31,912810UC0,TSRYS5860825,D,S,T,2024-10-16,1000000.00,4.29265,99.28125
08:00:31,912810UC0,TSRYS5860825,D,S,T,2024-10-16,1000000.00,4.29312,99.2734375
08:00:31,912810UC0,TSRYS5860825,D,S,T,2024-10-16,1000000.00,4.29312,99.2734375
08:00:31,912810UC0,TSRYS5860825,D,S,T,2024-10-16,1000000.00,4.293002,99.275390625
08:00:31,912810UC0,TSRYS5860825,D,S,T,2024-10-16,1000000.00,4.293237,99.271484375
08:00:31,912810UC0,TSRYS5860825,D,S,T,2024-10-16,1000000.00,4.29312,99.2734375
08:00:31,912810UC0,TSRYS5860825,D,S,T,2024-10-16,1000000.00,4.29312,99.2734375
08:00:31,912810UC0,TSRYS5860825,D,S,T,2024-10-16,1000000.00,4.293002,99.275390625
08:00:31,912810UC0,TSRYS5860825,D,S,T,2024-10-16,1000000.00,4.293002,99.275390625
08:00:31,912810UC0,TSRYS5860825,D,S,T,2024-10-16,1000000.00,4.293472,99.267578125
08:00:31,912810UC0,TSRYS5860825,D,S,T,2024-10-16,1000000.00,4.295349,99.236328125
08:00:31,912810UC0,TSRYS5860825,D,S,T,2024-10-16,1000000.00,4.295232,99.23828125
08:00:31,912810UC0,TSRYS5860825,D,S,T,2024-10-16,1000000.00,4.294997,99.2421875
08:00:31,912810UC0,TSRYS5860825,D,S,T,2024-10-16,1000000.00,4.300165,99.15625
08:00:31,912810UC0,TSRYS5860825,D,S,T,2024-10-16,1000000.00,4.299225,99.171875
08:00:31,912810UC0,TSRYS5860825,D,S,T,2024-10-16,1000000.00,4.299225,99.171875
08:00:31,912810UC0,TSRYS5860825,D,S,T,2024-10-16,1000000.00,4.29946,99.16796875
08:00:31,912810UC0,TSRYS5860825,D,S,T,2024-10-16,1000000.00,4.29946,99.16796875
08:00:31,912810UC0,TSRYS5860825,D,S,T,2024-10-16,1000000.00,4.299695,99.1640625
08:00:31,912810UC0,TSRYS5860825,D,S,T,2024-10-16,1000000.00,4.30087,99.14453125
08:00:31,912810UC0,TSRYS5860825,D,S,T,2024-10-16,1000000.00,4.301105,99.140625
08:00:31,912810UC0,TSRYS5860825,D,S,T,2024-10-16,1000000.00,4.301105,99.140625
08:00:31,912810UC0,TSRYS5860825,D,S,T,2024-10-16,1000000.00,4.301105,99.140625
08:00:31,912810UC0,TSRYS5860825,D,S,T,2024-10-16,1000000.00,4.301105,99.140625
08:00:31,912810UC0,TSRYS5860825,D,S,T,2024-10-16,1000000.00,4.301105,99.140625
08:00:31,912810UC0,TSRYS5860825,D,S,T,2024-10-16,1000000.00,4.301105,99.140625
08:00:31,912810UC0,TSRYS5860825,D,S,T,2024-10-16,1000000.00,4.302045,99.125
08:00:31,912810UC0,TSRYS5860825,D,S,T,2024-10-16,1000000.00,4.302045,99.125
08:00:31,912810UC0,TSRYS5860825,D,S,D,2024-10-16,1000000.00,4.305103,99.07421875
08:00:31,912810UC0,TSRYS5860825,D,S,T,2024-10-16,1000000.00,4.304868,99.078125
08:00:31,912810UC0,TSRYS5860825,D,S,T,2024-10-16,1000000.00,4.304868,99.078125
08:00:31,912810UC0,TSRYS5860825,D,S,T,2024-10-16,2000000.00,4.303456,99.1015625
08:00:31,912810UC0,TSRYS5860825,D,S,T,2024-10-16,1000000.00,4.303927,99.09375
08:00:31,912810UC0,TSRYS5860825,D,S,T,2024-10-16,1000000.00,4.302986,99.109375
08:00:31,912810UC0,TSRYS5860825,D,S,T,2024-10-16,1000000.00,4.303927,99.09375
08:00:31,912810UC0,TSRYS5860825,D,S,T,2024-10-16,1000000.00,4.303927,99.09375
08:00:31,912810UC0,TSRYS5860825,D,S,T,2024-10-16,1000000.00,4.303927,99.09375
08:00:31,912810UC0,TSRYS5860825,D,S,T,2024-10-16,1000000.00,4.303927,99.09375
08:00:31,912810UC0,TSRYS5860825,D,S,T,2024-10-16,1000000.00,4.303927,99.09375
08:00:31,912810UC0,TSRYS5860825,D,S,T,2024-10-16,1000000.00,4.303927,99.09375
08:00:31,912810UC0,TSRYS5860825,D,S,T,2024-10-16,1000000.00,4.303927,99.09375
08:00:31,912810UC0,TSRYS5860825,D,S,T,2024-10-16,1000000.00,4.303927,99.09375
08:00:31,912810UC0,TSRYS5860825,D,S,T,2024-10-16,1000000.00,4.303927,99.09375
08:00:31,912810UC0,TSRYS5860825,D,S,T,2024-10-16,1000000.00,4.303927,99.09375
08:00:31,912810UC0,TSRYS5860825,D,S,T,2024-10-16,1000000.00,4.303927,99.09375
08:00:31,912810UC0,TSRYS5860825,D,S,T,2024-10-16,1000000.00,4.30228,99.12109375
08:00:31,912810UC0,TSRYS5860825,D,S,T,2024-10-16,1000000.00,4.302045,99.125
08:00:31,912810UC0,TSRYS5860825,D,S,T,2024-10-16,1000000.00,4.302045,99.125
08:00:31,912810UC0,TSRYS5860825,D,S,D,2024-10-16,1000000.00,4.294528,99.25
08:00:31,912810UC0,TSRYS5860825,D,S,D,2024-10-16,1000000.00,4.294528,99.25
08:00:31,912810UC0,TSRYS5860825,D,S,T,2024-10-16,1000000.00,4.303339,99.103515625
08:00:31,912810UC0,TSRYS5860825,D,S,T,2024-10-16,1000000.00,4.303221,99.10546875
08:00:31,912810UC0,TSRYS5860825,D,S,T,2024-10-16,1000000.00,4.303104,99.107421875
08:00:31,912810UC0,TSRYS5860825,D,S,T,2024-10-16,1000000.00,4.298285,99.1875
08:00:31,912810UC0,TSRYS5860825,D,S,T,2024-10-16,1000000.00,4.298285,99.1875
08:00:32,912810UC0,TSRYS5860825,D,S,T,2024-10-16,2000000.00,4.330356,98.65625
08:00:32,912810UC0,TSRYS5860825,D,S,D,2024-10-16,1000000.00,4.29852,99.18359375
08:00:32,912810UC0,TSRYS5860825,D,S,T,2024-10-16,1000000.00,4.296406,99.21875
08:00:32,912810UC0,TSRYS5860825,D,S,T,2024-10-16,1000000.00,4.296406,99.21875
08:00:32,912810UC0,TSRYS5860825,D,S,T,2024-10-16,1000000.00,4.296406,99.21875
08:00:32,912810UC0,TSRYS5860825,D,S,T,2024-10-16,1000000.00,4.298285,99.1875
08:00:32,912810UC0,TSRYS5860825,D,S,T,2024-10-16,1000000.00,4.296876,99.2109375
08:00:32,912810UC0,TSRYS5860825,D,S,T,2024-10-16,1000000.00,4.297228,99.205078125
08:00:32,912810UC0,TSRYS5860825,D,S,T,2024-10-16,1000000.00,4.296406,99.21875
08:00:32,912810UC0,TSRYS5860825,D,S,T,2024-10-16,1000000.00,4.296406,99.21875
08:00:32,912810UC0,TSRYS5860825,D,S,T,2024-10-16,1000000.00,4.297345,99.203125
08:00:32,912810UC0,TSRYS5860825,D,S,T,2024-10-16,1000000.00,4.297345,99.203125
08:00:32,912810UC0,TSRYS5860825,D,S,T,2024-10-16,1000000.00,4.297345,99.203125
08:00:32,912810UC0,TSRYS5860825,D,S,T,2024-10-16,1000000.00,4.297345,99.203125
08:00:32,912810UC0,TSRYS5860825,D,S,D,2024-10-16,1000000.00,4.297345,99.203125
08:00:32,912810UC0,TSRYS5860825,D,S,T,2024-10-16,1000000.00,4.293589,99.265625
08:00:32,912810UC0,TSRYS5860825,D,S,T,2024-10-16,1000000.00,4.293941,99.259765625
08:00:32,912810UC0,TSRYS5860825,D,S,T,2024-10-16,1000000.00,4.293589,99.265625
08:00:32,912810UC0,TSRYS5860825,D,S,T,2024-10-16,2000000.00,4.293589,99.265625
08:00:32,912810UC0,TSRYS5860825,D,S,T,2024-10-16,1000000.00,4.293589,99.265625
08:00:32,912810UC0,TSRYS5860825,D,S,T,2024-10-16,2000000.00,4.293589,99.265625
08:00:32,912810UC0,TSRYS5860825,D,S,T,2024-10-16,1000000.00,4.293589,99.265625
08:00:32,912810UC0,TSRYS5860825,D,S,T,2024-10-16,1000000.00,4.293706,99.263671875
08:00:32,912810UC0,TSRYS5860825,D,S,T,2024-10-16,1000000.00,4.293589,99.265625
08:00:32,912810UC0,TSRYS5860825,D,S,T,2024-10-16,1000000.00,4.293589,99.265625
08:00:32,912810UC0,TSRYS5860825,D,S,T,2024-10-16,1000000.00,4.293589,99.265625
08:00:32,912810UC0,TSRYS5860825,D,S,T,2024-10-16,1000000.00,4.294293,99.25390625
08:00:32,912810UC0,TSRYS5860825,D,S,T,2024-10-16,1000000.00,4.294058,99.2578125
08:00:32,912810UC0,TSRYS5860825,D,S,T,2024-10-16,1000000.00,4.294176,99.255859375
08:00:32,912810UC0,TSRYS5860825,D,S,T,2024-10-16,2000000.00,4.294058,99.2578125
08:00:32,912810UC0,TSRYS5860825,D,S,T,2024-10-16,2000000.00,4.294058,99.2578125
08:00:32,912810UC0,TSRYS5860825,D,S,T,2024-10-16,1000000.00,4.294058,99.2578125
08:00:32,912810UC0,TSRYS5860825,D,S,T,2024-10-16,1000000.00,4.296406,99.21875
08:00:32,912810UC0,TSRYS5860825,D,S,T,2024-10-16,2000000.00,4.296406,99.21875
08:00:32,912810UC0,TSRYS5860825,D,S,T,2024-10-16,1000000.00,4.293589,99.265625
08:00:32,912810UC0,TSRYS5860825,D,S,T,2024-10-16,1000000.00,4.293589,99.265625
08:00:32,912810UC0,TSRYS5860825,D,S,T,2024-10-16,1000000.00,4.294058,99.2578125
08:00:32,912810UC0,TSRYS5860825,D,S,T,2024-10-16,1000000.00,4.294528,99.25
08:00:32,912810UC0,TSRYS5860825,D,S,T,2024-10-16,1000000.00,4.293589,99.265625
08:00:32,912810UC0,TSRYS5860825,D,S,T,2024-10-16,1000000.00,4.293589,99.265625
08:00:32,912810UC0,TSRYS5860825,D,S,T,2024-10-16,1000000.00,4.293589,99.265625
08:00:32,912810UC0,TSRYS5860825,D,S,T,2024-10-16,1000000.00,4.290774,99.3125
08:00:32,912810UC0,TSRYS5860825,D,S,T,2024-10-16,1000000.00,4.290774,99.3125
08:00:32,912810UC0,TSRYS5860825,D,S,T,2024-10-16,1000000.00,4.290774,99.3125
08:00:32,912810UC0,TSRYS5860825,D,S,T,2024-10-16,1000000.00,4.290774,99.3125
08:00:32,912810UC0,TSRYS5860825,D,S,T,2024-10-16,1000000.00,4.290774,99.3125
08:00:32,912810UC0,TSRYS5860825,D,S,T,2024-10-16,1000000.00,4.290774,99.3125
08:00:32,912810UC0,TSRYS5860825,D,S,T,2024-10-16,1000000.00,4.290422,99.318359375
08:00:32,912810UC0,TSRYS5860825,D,S,T,2024-10-16,1000000.00,4.290774,99.3125
08:00:32,912810UC0,TSRYS5860825,D,S,T,2024-10-16,1000000.00,4.290774,99.3125
08:00:32,912810UC0,TSRYS5860825,D,S,T,2024-10-16,1000000.00,4.291243,99.3046875
08:00:32,912810UC0,TSRYS5860825,D,S,T,2024-10-16,1000000.00,4.29265,99.28125
08:00:32,912810UC0,TSRYS5860825,D,S,T,2024-10-16,1000000.00,4.330356,98.65625
08:00:32,912810UC0,TSRYS5860825,D,S,T,2024-10-16,1000000.00,4.307457,99.03515625
08:00:32,912810UC0,TSRYS5860825,D,S,T,2024-10-16,1000000.00,4.292416,99.28515625
08:00:32,912810UC0,TSRYS5860825,D,S,T,2024-10-16,1000000.00,4.291712,99.296875
08:00:32,912810UC0,TSRYS5860825,D,S,T,2024-10-16,1000000.00,4.291947,99.29296875
08:00:32,912810UC0,TSRYS5860825,D,S,T,2024-10-16,1000000.00,4.293589,99.265625
08:00:32,912810UC0,TSRYS5860825,D,S,T,2024-10-16,1000000.00,4.293589,99.265625
08:00:32,912810UC0,TSRYS5860825,D,S,T,2024-10-16,1000000.00,4.293589,99.265625
08:00:32,912810UC0,TSRYS5860825,D,S,T,2024-10-16,1000000.00,4.309105,99.0078125
08:00:32,912810UC0,TSRYS5860825,D,S,T,2024-10-16,1000000.00,4.299225,99.171875
08:00:32,912810UC0,TSRYS5860825,D,S,T,2024-10-16,1000000.00,4.294528,99.25
08:00:32,912810UC0,TSRYS5860825,D,S,T,2024-10-16,1000000.00,4.298285,99.1875
08:00:32,912810UC0,TSRYS5860825,D,S,T,2024-10-16,1000000.00,4.308634,99.015625
08:00:32,912810UC0,TSRYS5860825,D,S,T,2024-10-16,1000000.00,4.308634,99.015625
08:00:32,912810UC0,TSRYS5860825,D,S,T,2024-10-16,1000000.00,4.298285,99.1875
08:00:32,912810UC0,TSRYS5860825,D,S,T,2024-10-16,1000000.00,4.308634,99.015625
08:00:32,912810UC0,TSRYS5860825,D,S,T,2024-10-16,1000000.00,4.308634,99.015625
08:00:32,912810UC0,TSRYS5860825,D,S,T,2024-10-16,1000000.00,4.299225,99.171875
08:00:32,912810UC0,TSRYS5860825,D,S,T,2024-10-16,1000000.00,4.299225,99.171875
08:00:32,912810UC0,TSRYS5860825,D,S,T,2024-10-16,1000000.00,4.299225,99.171875
08:00:32,912810UC0,TSRYS5860825,D,S,T,2024-10-16,1000000.00,4.298637,99.181640625
08:00:32,912810UC0,TSRYS5860825,D,S,T,2024-10-16,1000000.00,4.297698,99.197265625
08:00:32,912810UC0,TSRYS5860825,D,S,T,2024-10-16,1000000.00,4.29758,99.19921875
08:00:32,912810UC0,TSRYS5860825,D,S,T,2024-10-16,1000000.00,4.297463,99.201171875
08:00:32,912810UC0,TSRYS5860825,D,S,T,2024-10-16,1000000.00,4.297345,99.203125
08:00:32,912810UC0,TSRYS5860825,D,S,T,2024-10-16,1000000.00,4.296406,99.21875
08:00:32,912810UC0,TSRYS5860825,D,B,A,2024-10-16,5000000.00,4.309812,98.99609375
08:00:32,912810UC0,TSRYS5860825,D,S,A,2024-10-16,500000.00,4.308634,99.015625
08:00:32,912810UC0,TSRYS5860825,D,S,A,2024-10-16,500000.00,4.308634,99.015625
08:00:32,912810UC0,TSRYS5860825,D,B,A,2024-10-16,10000000.00,4.307457,99.03515625
08:00:32,912810UC0,TSRYS5860825,D,S,C,2024-10-16,5000000.00,4.308163,99.0234375
08:00:32,912810UC0,TSRYS5860825,D,S,T,2024-10-16,1000000.00,4.297345,99.203125
08:00:32,912810UC0,TSRYS5860825,D,S,D,2024-10-16,1000000.00,4.296406,99.21875
08:00:32,912810UC0,TSRYS5860825,D,S,T,2024-10-16,1000000.00,4.296406,99.21875
08:00:32,912810UC0,TSRYS5860825,D,S,T,2024-10-16,1000000.00,4.297345,99.203125
08:00:32,912810UC0,TSRYS5860825,D,S,T,2024-10-16,1000000.00,4.296758,99.212890625
08:00:32,912810UC0,TSRYS5860825,D,S,T,2024-10-16,1000000.00,4.297345,99.203125
08:00:32,912810UC0,TSRYS5860825,D,S,T,2024-10-16,1000000.00,4.297815,99.1953125
08:00:32,912810UC0,TSRYS5860825,D,S,C,2024-10-16,3000000.00,4.300165,99.15625
08:00:32,912810UC0,TSRYS5860825,D,S,D,2024-10-16,1000000.00,4.294528,99.25
08:00:32,912810UC0,TSRYS5860825,D,S,T,2024-10-16,1000000.00,4.289836,99.328125
08:00:32,912810UC0,TSRYS5860825,D,S,T,2024-10-16,1000000.00,4.289836,99.328125
08:00:32,912810UC0,TSRYS5860825,D,S,T,2024-10-16,1000000.00,4.290774,99.3125
08:00:32,912810UC0,TSRYS5860825,D,S,T,2024-10-16,1000000.00,4.290774,99.3125
08:00:32,912810UC0,TSRYS5860825,D,S,T,2024-10-16,1000000.00,4.290774,99.3125
08:00:32,912810UC0,TSRYS5860825,D,S,T,2024-10-16,1000000.00,4.290774,99.3125
08:00:32,912810UC0,TSRYS5860825,D,S,T,2024-10-16,1000000.00,4.290774,99.3125
08:00:32,912810UC0,TSRYS5860825,D,S,T,2024-10-16,1000000.00,4.290774,99.3125
08:00:32,912810UC0,TSRYS5860825,D,S,T,2024-10-16,1000000.00,4.290774,99.3125
08:00:32,912810UC0,TSRYS5860825,D,S,A,2024-10-16,3000000.00,4.29664,99.21484375
08:00:32,912810UC0,TSRYS5860825,D,S,T,2024-10-16,1000000.00,4.29007,99.32421875
08:00:32,912810UC0,TSRYS5860825,D,S,T,2024-10-16,1000000.00,4.289953,99.326171875
08:00:32,912810UC0,TSRYS5860825,D,S,T,2024-10-16,1000000.00,4.292064,99.291015625
08:00:32,912810UC0,TSRYS5860825,D,S,T,2024-10-16,1000000.00,4.289836,99.328125
08:00:32,912810UC0,TSRYS5860825,D,S,T,2024-10-16,1000000.00,4.289836,99.328125
08:00:32,912810UC0,TSRYS5860825,D,S,T,2024-10-16,1000000.00,4.289836,99.328125
08:00:32,912810UC0,TSRYS5860825,D,S,T,2024-10-16,1000000.00,4.29007,99.32421875
08:00:32,912810UC0,TSRYS5860825,D,S,T,2024-10-16,1000000.00,4.288898,99.34375
08:00:32,912810UC0,TSRYS5860825,D,S,T,2024-10-16,1000000.00,4.288898,99.34375
08:00:32,912810UC0,TSRYS5860825,D,S,T,2024-10-16,1000000.00,4.288898,99.34375
08:00:32,912810UC0,TSRYS5860825,D,S,T,2024-10-16,1000000.00,4.288898,99.34375
08:00:32,912810UC0,TSRYS5860825,D,S,T,2024-10-16,1000000.00,4.288898,99.34375
08:00:32,912810UC0,TSRYS5860825,D,S,T,2024-10-16,1000000.00,4.288898,99.34375
08:00:32,912810UC0,TSRYS5860825,D,S,T,2024-10-16,1000000.00,4.288898,99.34375
08:00:32,912810UC0,TSRYS5860825,D,S,T,2024-10-16,1000000.00,4.288898,99.34375
08:00:32,912810UC0,TSRYS5860825,D,S,T,2024-10-16,1000000.00,4.288898,99.34375
08:00:32,912810UC0,TSRYS5860825,D,S,T,2024-10-16,1000000.00,4.288898,99.34375
08:00:32,912810UC0,TSRYS5860825,D,S,T,2024-10-16,2000000.00,4.290774,99.3125
08:00:32,912810UC0,TSRYS5860825,D,S,T,2024-10-16,1000000.00,4.289484,99.333984375
08:00:32,912810UC0,TSRYS5860825,D,S,T,2024-10-16,1000000.00,4.289367,99.3359375
08:00:32,912810UC0,TSRYS5860825,D,S,T,2024-10-16,1000000.00,4.28925,99.337890625
08:00:32,912810UC0,TSRYS5860825,D,S,T,2024-10-16,1000000.00,4.289836,99.328125
08:00:32,912810UC0,TSRYS5860825,D,S,T,2024-10-16,1000000.00,4.289836,99.328125
08:00:32,912810UC0,TSRYS5860825,D,S,T,2024-10-16,1000000.00,4.289953,99.326171875
08:00:32,912810UC0,TSRYS5860825,D,S,T,2024-10-16,1000000.00,4.289953,99.326171875
08:00:32,912810UC0,TSRYS5860825,D,S,T,2024-10-16,1000000.00,4.29007,99.32421875
08:00:32,912810UC0,TSRYS5860825,D,S,T,2024-10-16,1000000.00,4.287023,99.375
08:00:32,912810UC0,TSRYS5860825,D,B,A,2024-10-16,5000000.00,4.290774,99.3125
08:00:32,912810UC0,TSRYS5860825,D,S,T,2024-10-16,1000000.00,4.325388,98.73828125
08:00:32,912810UC0,TSRYS5860825,D,S,T,2024-10-16,1000000.00,4.32527,98.740234375
08:00:32,912810UC0,TSRYS5860825,D,S,T,2024-10-16,1000000.00,4.33012,98.66015625
08:00:32,912810UC0,TSRYS5860825,D,S,T,2024-10-16,1000000.00,4.330001,98.662109375
08:00:32,912810UC0,TSRYS5860825,D,S,T,2024-10-16,1000000.00,4.329883,98.6640625
08:00:32,912810UC0,TSRYS5860825,D,S,T,2024-10-16,1000000.00,4.323024,98.77734375
08:00:32,912810UC0,TSRYS5860825,D,S,T,2024-10-16,1000000.00,4.323024,98.77734375
08:00:32,912810UC0,TSRYS5860825,D,S,T,2024-10-16,1000000.00,4.320898,98.8125
08:00:32,912810UC0,TSRYS5860825,D,S,T,2024-10-16,1000000.00,4.320898,98.8125
08:00:32,912810UC0,TSRYS5860825,D,S,A,2024-10-16,50000.00,4.291243,99.3046875
08:00:32,912810UC0,TSRYS5860825,D,B,A,2024-10-16,1300000.00,4.297345,99.203125
08:00:32,912810UC0,TSRYS5860825,D,S,T,2024-10-16,1000000.00,4.318655,98.849609375
08:00:32,912810UC0,TSRYS5860825,D,B,A,2024-10-16,500000.00,4.298285,99.1875
08:00:32,912810UC0,TSRYS5860825,D,B,A,2024-10-16,500000.00,4.298285,99.1875
08:00:32,912810UC0,TSRYS5860825,D,B,A,2024-10-16,200000.00,4.297345,99.203125
08:00:32,912810UC0,TSRYS5860825,D,B,A,2024-10-16,200000.00,4.297345,99.203125
08:00:32,912810UC0,TSRYS5860825,D,S,T,2024-10-16,1000000.00,4.319481,98.8359375
08:00:32,912810UC0,TSRYS5860825,D,S,T,2024-10-16,1000000.00,4.316177,98.890625
08:00:33,912810UC0,TSRYS5860825,D,S,T,2024-10-16,1000000.00,4.30181,99.12890625
08:00:33,912810UC0,TSRYS5860825,D,S,T,2024-10-16,1000000.00,4.301928,99.126953125
08:00:33,912810UC0,TSRYS5860825,D,S,T,2024-10-16,1000000.00,4.298872,99.177734375
08:00:33,912810UC0,TSRYS5860825,D,S,T,2024-10-16,1000000.00,4.295936,99.2265625
08:00:33,912810UC0,TSRYS5860825,D,S,T,2024-10-16,1000000.00,4.296288,99.220703125
08:00:33,912810UC0,TSRYS5860825,D,S,T,2024-10-16,1000000.00,4.295115,99.240234375
08:00:33,912810UC0,TSRYS5860825,D,S,T,2024-10-16,1000000.00,4.293589,99.265625
08:00:33,912810UC0,TSRYS5860825,D,S,T,2024-10-16,1000000.00,4.29946,99.16796875
08:00:33,912810UC0,TSRYS5860825,D,S,T,2024-10-16,1000000.00,4.299225,99.171875
08:00:33,912810UC0,TSRYS5860825,D,S,T,2024-10-16,1000000.00,4.299107,99.173828125
08:00:33,912810UC0,TSRYS5860825,D,S,T,2024-10-16,1000000.00,4.299107,99.173828125
08:00:33,912810UC0,TSRYS5860825,D,S,T,2024-10-16,1000000.00,4.300165,99.15625
08:00:33,912810UC0,TSRYS5860825,D,S,T,2024-10-16,1000000.00,4.305574,99.06640625
08:00:33,912810UC0,TSRYS5860825,D,S,T,2024-10-16,1000000.00,4.306162,99.056640625
08:00:33,912810UC0,TSRYS5860825,D,S,T,2024-10-16,1000000.00,4.305338,99.0703125
08:00:33,912810UC0,TSRYS5860825,D,S,T,2024-10-16,1000000.00,4.306633,99.048828125
08:00:33,912810UC0,TSRYS5860825,D,S,T,2024-10-16,1000000.00,4.303692,99.09765625
08:00:33,912810UC0,TSRYS5860825,D,S,T,2024-10-16,1000000.00,4.303692,99.09765625
08:00:33,912810UC0,TSRYS5860825,D,S,T,2024-10-16,1000000.00,4.303692,99.09765625
08:00:33,912810UC0,TSRYS5860825,D,S,T,2024-10-16,1000000.00,4.303692,99.09765625
08:00:33,912810UC0,TSRYS5860825,D,S,T,2024-10-16,1000000.00,4.304397,99.0859375
08:00:33,912810UC0,TSRYS5860825,D,S,T,2024-10-16,2000000.00,4.305221,99.072265625
08:00:33,912810UC0,TSRYS5860825,D,S,T,2024-10-16,1000000.00,4.30228,99.12109375
08:00:33,912810UC0,TSRYS5860825,D,S,T,2024-10-16,1000000.00,4.302163,99.123046875
08:00:33,912810UC0,TSRYS5860825,D,S,T,2024-10-16,1000000.00,4.302045,99.125
08:00:33,912810UC0,TSRYS5860825,D,S,T,2024-10-16,1000000.00,4.297698,99.197265625
08:00:33,912810UC0,TSRYS5860825,D,S,T,2024-10-16,1000000.00,4.297815,99.1953125
08:00:33,912810UC0,TSRYS5860825,D,S,T,2024-10-16,1000000.00,4.297815,99.1953125
08:00:33,912810UC0,TSRYS5860825,D,S,T,2024-10-16,1000000.00,4.297463,99.201171875
08:00:33,912810UC0,TSRYS5860825,D,S,T,2024-10-16,1000000.00,4.29758,99.19921875
08:00:33,912810UC0,TSRYS5860825,D,S,T,2024-10-16,1000000.00,4.297463,99.201171875
08:00:33,912810UC0,TSRYS5860825,D,S,T,2024-10-16,1000000.00,4.297815,99.1953125
08:00:33,912810UC0,TSRYS5860825,D,S,T,2024-10-16,1000000.00,4.296993,99.208984375
08:00:33,912810UC0,TSRYS5860825,D,S,T,2024-10-16,1000000.00,4.296993,99.208984375
08:00:33,912810UC0,TSRYS5860825,D,S,T,2024-10-16,1000000.00,4.296876,99.2109375
08:00:33,912810UC0,TSRYS5860825,D,S,T,2024-10-16,1000000.00,4.296876,99.2109375
08:00:33,912810UC0,TSRYS5860825,D,S,T,2024-10-16,1000000.00,4.296641,99.21484375
08:00:33,912810UC0,TSRYS5860825,D,S,T,2024-10-16,1000000.00,4.296171,99.22265625
08:00:33,912810UC0,TSRYS5860825,D,S,T,2024-10-16,1000000.00,4.296641,99.21484375
08:00:33,912810UC0,TSRYS5860825,D,S,T,2024-10-16,1000000.00,4.299107,99.173828125
08:00:33,912810UC0,TSRYS5860825,D,S,T,2024-10-16,1000000.00,4.297345,99.203125
08:00:33,912810UC0,TSRYS5860825,D,S,T,2024-10-16,1000000.00,4.296993,99.208984375
08:00:33,912810UC0,TSRYS5860825,D,S,T,2024-10-16,1000000.00,4.296641,99.21484375
08:00:33,912810UC0,TSRYS5860825,D,S,T,2024-10-16,1000000.00,4.297345,99.203125
08:00:33,912810UC0,TSRYS5860825,D,S,T,2024-10-16,1000000.00,4.293589,99.265625
08:00:33,912810UC0,TSRYS5860825,D,S,T,2024-10-16,1000000.00,4.291712,99.296875
08:00:33,912810UC0,TSRYS5860825,D,S,T,2024-10-16,1000000.00,4.291477,99.30078125
08:00:33,912810UC0,TSRYS5860825,D,S,T,2024-10-16,1000000.00,4.291477,99.30078125
08:00:33,912810UC0,TSRYS5860825,D,S,T,2024-10-16,1000000.00,4.293706,99.263671875
08:00:33,912810UC0,TSRYS5860825,D,S,T,2024-10-16,1000000.00,4.293706,99.263671875
08:00:33,912810UC0,TSRYS5860825,D,S,T,2024-10-16,1000000.00,4.293706,99.263671875
08:00:33,912810UC0,TSRYS5860825,D,S,T,2024-10-16,1000000.00,4.293706,99.263671875
08:00:33,912810UC0,TSRYS5860825,D,S,T,2024-10-16,1000000.00,4.293706,99.263671875
08:00:33,912810UC0,TSRYS5860825,D,S,T,2024-10-16,1000000.00,4.293706,99.263671875
08:00:33,912810UC0,TSRYS5860825,D,S,T,2024-10-16,1000000.00,4.298285,99.1875
08:00:33,912810UC0,TSRYS5860825,D,S,T,2024-10-16,1000000.00,4.296054,99.224609375
08:00:33,912810UC0,TSRYS5860825,D,S,T,2024-10-16,1000000.00,4.297815,99.1953125
08:00:33,912810UC0,TSRYS5860825,D,S,T,2024-10-16,1000000.00,4.297698,99.197265625
08:00:33,912810UC0,TSRYS5860825,D,S,T,2024-10-16,1000000.00,4.298285,99.1875
08:00:33,912810UC0,TSRYS5860825,D,S,T,2024-10-16,2000000.00,4.298285,99.1875
08:00:33,912810UC0,TSRYS5860825,D,S,T,2024-10-16,1000000.00,4.297228,99.205078125
08:00:33,912810UC0,TSRYS5860825,D,S,T,2024-10-16,1000000.00,4.297228,99.205078125
08:00:33,912810UC0,TSRYS5860825,D,S,T,2024-10-16,1000000.00,4.296406,99.21875
08:00:33,912810UC0,TSRYS5860825,D,S,T,2024-10-16,1000000.00,4.296171,99.22265625
08:00:33,912810UC0,TSRYS5860825,D,S,T,2024-10-16,1000000.00,4.297345,99.203125
08:00:33,912810UC0,TSRYS5860825,D,S,T,2024-10-16,1000000.00,4.295349,99.236328125
08:00:33,912810UC0,TSRYS5860825,D,S,T,2024-10-16,1000000.00,4.295349,99.236328125
08:00:33,912810UC0,TSRYS5860825,D,S,T,2024-10-16,1000000.00,4.29758,99.19921875
08:00:33,912810UC0,TSRYS5860825,D,S,T,2024-10-16,1000000.00,4.294176,99.255859375
08:00:33,912810UC0,TSRYS5860825,D,S,T,2024-10-16,1000000.00,4.294058,99.2578125
08:00:33,912810UC0,TSRYS5860825,D,S,T,2024-10-16,1000000.00,4.293941,99.259765625
08:00:33,912810UC0,TSRYS5860825,D,S,T,2024-10-16,1000000.00,4.293824,99.26171875
08:00:33,912810UC0,TSRYS5860825,D,S,T,2024-10-16,1000000.00,4.293706,99.263671875
08:00:33,912810UC0,TSRYS5860825,D,S,T,2024-10-16,1000000.00,4.291829,99.294921875
08:00:33,912810UC0,TSRYS5860825,D,S,T,2024-10-16,1000000.00,4.291712,99.296875
08:00:33,912810UC0,TSRYS5860825,D,S,T,2024-10-16,1000000.00,4.29007,99.32421875
08:00:33,912810UC0,TSRYS5860825,D,S,T,2024-10-16,1000000.00,4.291477,99.30078125
08:00:33,912810UC0,TSRYS5860825,D,S,T,2024-10-16,1000000.00,4.290188,99.322265625
08:00:33,912810UC0,TSRYS5860825,D,S,T,2024-10-16,1000000.00,4.29007,99.32421875
08:00:33,912810UC0,TSRYS5860825,D,S,T,2024-10-16,1000000.00,4.289953,99.326171875
08:00:33,912810UC0,TSRYS5860825,D,S,T,2024-10-16,1000000.00,4.289836,99.328125
08:00:33,912810UC0,TSRYS5860825,D,S,T,2024-10-16,1000000.00,4.289836,99.328125
08:00:33,912810UC0,TSRYS5860825,D,S,T,2024-10-16,1000000.00,4.289015,99.341796875
08:00:33,912810UC0,TSRYS5860825,D,S,T,2024-10-16,1000000.00,4.288898,99.34375
08:00:33,912810UC0,TSRYS5860825,D,S,T,2024-10-16,1000000.00,4.288898,99.34375
08:00:33,912810UC0,TSRYS5860825,D,S,T,2024-10-16,1000000.00,4.286906,99.376953125
08:00:33,912810UC0,TSRYS5860825,D,S,D,2024-10-16,1000000.00,4.323733,98.765625
08:00:33,912810UC0,TSRYS5860825,D,S,D,2024-10-16,1000000.00,4.328463,98.6875
08:00:33,912810UC0,TSRYS5860825,D,S,D,2024-10-16,1000000.00,4.331303,98.640625
08:00:33,912810UC0,TSRYS5860825,D,S,D,2024-10-16,1000000.00,4.331067,98.64453125
08:00:33,912810UC0,TSRYS5860825,D,S,D,2024-10-16,1000000.00,4.321371,98.8046875
08:00:33,912810UC0,TSRYS5860825,D,S,D,2024-10-16,1000000.00,4.321371,98.8046875
08:00:33,912810UC0,TSRYS5860825,D,S,D,2024-10-16,1000000.00,4.320898,98.8125
08:00:33,912810UC0,TSRYS5860825,D,S,D,2024-10-16,1000000.00,4.318773,98.84765625
08:00:33,912810UC0,TSRYS5860825,D,S,D,2024-10-16,1000000.00,4.319481,98.8359375
08:00:34,912810UC0,TSRYS5860825,D,S,D,2024-10-16,1000000.00,4.301575,99.1328125
08:00:34,912810UC0,TSRYS5860825,D,S,D,2024-10-16,1000000.00,4.302045,99.125
08:00:34,912810UC0,TSRYS5860825,D,S,D,2024-10-16,1000000.00,4.302045,99.125
08:00:34,912810UC0,TSRYS5860825,D,S,D,2024-10-16,1000000.00,4.297815,99.1953125
08:00:34,912810UC0,TSRYS5860825,D,S,D,2024-10-16,1000000.00,4.297345,99.203125
08:00:34,912810UC0,TSRYS5860825,D,S,D,2024-10-16,1000000.00,4.292416,99.28515625
08:00:34,912810UC0,TSRYS5860825,D,S,D,2024-10-16,1000000.00,4.298285,99.1875
08:00:34,912810UC0,TSRYS5860825,D,S,D,2024-10-16,1000000.00,4.293589,99.265625
08:00:34,912810UC0,TSRYS5860825,D,S,D,2024-10-16,1000000.00,4.291947,99.29296875
08:00:34,912810UC0,TSRYS5860825,D,S,D,2024-10-16,1000000.00,4.289836,99.328125
08:00:34,912810UC0,TSRYS5860825,D,S,D,2024-10-16,1000000.00,4.289602,99.33203125
08:00:34,912810UC0,TSRYS5860825,D,S,D,2024-10-16,1000000.00,4.288898,99.34375
08:00:34,912810UC0,TSRYS5860825,D,S,D,2024-10-16,1000000.00,4.288898,99.34375
08:00:34,912810UC0,TSRYS5860825,D,S,D,2024-10-16,1000000.00,4.32941,98.671875
08:00:34,912810UC0,TSRYS5860825,D,S,D,2024-10-16,1000000.00,4.33012,98.66015625
08:00:34,912810UC0,TSRYS5860825,D,S,D,2024-10-16,1000000.00,4.330001,98.662109375
08:00:34,912810UC0,TSRYS5860825,D,S,D,2024-10-16,1000000.00,4.329765,98.666015625
08:00:34,912810UC0,TSRYS5860825,D,S,D,2024-10-16,1000000.00,4.320898,98.8125
08:00:34,912810UC0,TSRYS5860825,D,S,D,2024-10-16,1000000.00,4.318891,98.845703125
08:00:34,912810UC0,TSRYS5860825,D,S,D,2024-10-16,1000000.00,4.319245,98.83984375
08:00:34,912810UC0,TSRYS5860825,D,S,D,2024-10-16,1000000.00,4.32078,98.814453125
08:00:34,912810UC0,TSRYS5860825,D,S,D,2024-10-16,1000000.00,4.319245,98.83984375
08:00:34,912810UC0,TSRYS5860825,D,S,D,2024-10-16,1000000.00,4.319717,98.83203125
08:00:34,912810UC0,TSRYS5860825,D,S,D,2024-10-16,1000000.00,4.319717,98.83203125
08:00:34,912810UC0,TSRYS5860825,D,S,D,2024-10-16,1000000.00,4.32078,98.814453125
08:00:34,912810UC0,TSRYS5860825,D,S,D,2024-10-16,1000000.00,4.301928,99.126953125
08:00:34,912810UC0,TSRYS5860825,D,S,D,2024-10-16,1000000.00,4.30181,99.12890625
08:00:34,912810UC0,TSRYS5860825,D,S,D,2024-10-16,1000000.00,4.294762,99.24609375
08:00:34,912810UC0,TSRYS5860825,D,S,D,2024-10-16,1000000.00,4.294645,99.248046875
08:00:34,912810UC0,TSRYS5860825,D,S,D,2024-10-16,1000000.00,4.292768,99.279296875
08:00:34,912810UC0,TSRYS5860825,D,S,D,2024-10-16,1000000.00,4.292885,99.27734375
08:00:34,912810UC0,TSRYS5860825,D,S,D,2024-10-16,1000000.00,4.291947,99.29296875
08:00:34,912810UC0,TSRYS5860825,D,S,D,2024-10-16,1000000.00,4.290774,99.3125
08:00:34,912810UC0,TSRYS5860825,D,S,D,2024-10-16,1000000.00,4.291243,99.3046875
08:00:34,912810UC0,TSRYS5860825,D,S,D,2024-10-16,1000000.00,4.29136,99.302734375
08:00:34,912810UC0,TSRYS5860825,D,S,D,2024-10-16,1000000.00,4.299107,99.173828125
08:00:34,912810UC0,TSRYS5860825,D,S,T,2024-10-16,1000000.00,4.300165,99.15625
08:00:34,912810UC0,TSRYS5860825,D,S,D,2024-10-16,1000000.00,4.306633,99.048828125
08:00:34,912810UC0,TSRYS5860825,D,S,D,2024-10-16,1000000.00,4.306633,99.048828125
08:00:34,912810UC0,TSRYS5860825,D,S,D,2024-10-16,1000000.00,4.303927,99.09375
08:00:34,912810UC0,TSRYS5860825,D,S,D,2024-10-16,1000000.00,4.303692,99.09765625
08:00:34,912810UC0,TSRYS5860825,D,S,D,2024-10-16,1000000.00,4.303927,99.09375
08:00:34,912810UC0,TSRYS5860825,D,S,D,2024-10-16,1000000.00,4.303927,99.09375
08:00:34,912810UC0,TSRYS5860825,D,S,D,2024-10-16,1000000.00,4.298872,99.177734375
08:00:34,912810UC0,TSRYS5860825,D,S,D,2024-10-16,1000000.00,4.298285,99.1875
08:00:34,912810UC0,TSRYS5860825,D,S,D,2024-10-16,1000000.00,4.297815,99.1953125
08:00:34,912810UC0,TSRYS5860825,D,S,D,2024-10-16,1000000.00,4.297698,99.197265625
08:00:34,912810UC0,TSRYS5860825,D,S,D,2024-10-16,1000000.00,4.297815,99.1953125
08:00:34,912810UC0,TSRYS5860825,D,S,D,2024-10-16,1000000.00,4.297698,99.197265625
08:00:34,912810UC0,TSRYS5860825,D,S,D,2024-10-16,1000000.00,4.297698,99.197265625
08:00:34,912810UC0,TSRYS5860825,D,S,D,2024-10-16,1000000.00,4.297698,99.197265625
08:00:34,912810UC0,TSRYS5860825,D,S,D,2024-10-16,1000000.00,4.297698,99.197265625
08:00:34,912810UC0,TSRYS5860825,D,S,D,2024-10-16,1000000.00,4.297815,99.1953125
08:00:34,912810UC0,TSRYS5860825,D,S,D,2024-10-16,1000000.00,4.29758,99.19921875
08:00:34,912810UC0,TSRYS5860825,D,S,D,2024-10-16,1000000.00,4.297463,99.201171875
08:00:34,912810UC0,TSRYS5860825,D,S,D,2024-10-16,1000000.00,4.29758,99.19921875
08:00:34,912810UC0,TSRYS5860825,D,S,D,2024-10-16,1000000.00,4.297698,99.197265625
08:00:34,912810UC0,TSRYS5860825,D,S,D,2024-10-16,1000000.00,4.297932,99.193359375
08:00:34,912810UC0,TSRYS5860825,D,S,D,2024-10-16,1000000.00,4.29711,99.20703125
08:00:34,912810UC0,TSRYS5860825,D,S,D,2024-10-16,1000000.00,4.297345,99.203125
08:00:34,912810UC0,TSRYS5860825,D,S,D,2024-10-16,1000000.00,4.297228,99.205078125
08:00:34,912810UC0,TSRYS5860825,D,S,D,2024-10-16,1000000.00,4.29711,99.20703125
08:00:34,912810UC0,TSRYS5860825,D,S,D,2024-10-16,1000000.00,4.296993,99.208984375
08:00:34,912810UC0,TSRYS5860825,D,S,D,2024-10-16,1000000.00,4.296876,99.2109375
08:00:34,912810UC0,TSRYS5860825,D,S,D,2024-10-16,1000000.00,4.296171,99.22265625
08:00:34,912810UC0,TSRYS5860825,D,S,D,2024-10-16,1000000.00,4.296758,99.212890625
08:00:34,912810UC0,TSRYS5860825,D,S,D,2024-10-16,1000000.00,4.296758,99.212890625
08:00:34,912810UC0,TSRYS5860825,D,S,D,2024-10-16,1000000.00,4.293589,99.265625
08:00:34,912810UC0,TSRYS5860825,D,S,D,2024-10-16,1000000.00,4.294528,99.25
08:00:34,912810UC0,TSRYS5860825,D,S,D,2024-10-16,1000000.00,4.294293,99.25390625
08:00:34,912810UC0,TSRYS5860825,D,S,D,2024-10-16,1000000.00,4.294293,99.25390625
08:00:34,912810UC0,TSRYS5860825,D,S,D,2024-10-16,1000000.00,4.291595,99.298828125
08:00:34,912810UC0,TSRYS5860825,D,S,D,2024-10-16,1000000.00,4.291477,99.30078125
08:00:34,912810UC0,TSRYS5860825,D,S,D,2024-10-16,1000000.00,4.291477,99.30078125
08:00:34,912810UC0,TSRYS5860825,D,S,D,2024-10-16,1000000.00,4.291477,99.30078125
08:00:34,912810UC0,TSRYS5860825,D,S,D,2024-10-16,1000000.00,4.291477,99.30078125
08:00:34,912810UC0,TSRYS5860825,D,S,D,2024-10-16,1000000.00,4.291477,99.30078125
08:00:34,912810UC0,TSRYS5860825,D,S,D,2024-10-16,1000000.00,4.293706,99.263671875
08:00:34,912810UC0,TSRYS5860825,D,S,D,2024-10-16,1000000.00,4.293706,99.263671875
08:00:34,912810UC0,TSRYS5860825,D,S,D,2024-10-16,1000000.00,4.293706,99.263671875
08:00:34,912810UC0,TSRYS5860825,D,S,D,2024-10-16,1000000.00,4.293706,99.263671875
08:00:34,912810UC0,TSRYS5860825,D,S,D,2024-10-16,1000000.00,4.29805,99.19140625
08:00:34,912810UC0,TSRYS5860825,D,S,D,2024-10-16,1000000.00,4.296288,99.220703125
08:00:34,912810UC0,TSRYS5860825,D,S,D,2024-10-16,1000000.00,4.291477,99.30078125
08:00:34,912810UC0,TSRYS5860825,D,S,D,2024-10-16,1000000.00,4.291477,99.30078125
08:00:34,912810UC0,TSRYS5860825,D,S,D,2024-10-16,1000000.00,4.291477,99.30078125
08:00:34,912810UC0,TSRYS5860825,D,S,D,2024-10-16,1000000.00,4.291829,99.294921875
08:00:34,912810UC0,TSRYS5860825,D,S,D,2024-10-16,1000000.00,4.291829,99.294921875
08:00:34,912810UC0,TSRYS5860825,D,S,D,2024-10-16,1000000.00,4.289602,99.33203125
08:00:34,912810UC0,TSRYS5860825,D,S,D,2024-10-16,1000000.00,4.287141,99.373046875
08:00:34,912810UC0,TSRYS5860825,D,S,D,2024-10-16,1000000.00,4.287141,99.373046875
08:00:34,912810UC0,TSRYS5860825,D,S,T,2024-10-16,1000000.00,4.299577,99.166015625
08:00:34,912810UC0,TSRYS5860825,D,S,T,2024-10-16,1000000.00,4.299225,99.171875
08:00:35,912810UC0,TSRYS5860825,D,S,T,2024-10-16,1000000.00,4.299225,99.171875
08:00:35,912810UC0,TSRYS5860825,D,S,T,2024-10-16,1000000.00,4.299225,99.171875
08:00:35,912810UC0,TSRYS5860825,D,S,T,2024-10-16,1000000.00,4.300165,99.15625
08:00:35,912810UC0,TSRYS5860825,D,S,T,2024-10-16,1000000.00,4.300165,99.15625
08:00:35,912810UC0,TSRYS5860825,D,S,T,2024-10-16,3000000.00,4.326571,98.71875
08:00:35,912810UC0,TSRYS5860825,D,S,T,2024-10-16,1000000.00,4.325625,98.734375
08:00:35,912810UC0,TSRYS5860825,D,S,T,2024-10-16,1000000.00,4.324679,98.75
08:00:35,912810UC0,TSRYS5860825,D,S,T,2024-10-16,1000000.00,4.324679,98.75
08:00:35,912810UC0,TSRYS5860825,D,S,T,2024-10-16,1000000.00,4.324679,98.75
08:00:35,912810UC0,TSRYS5860825,D,S,T,2024-10-16,1000000.00,4.325625,98.734375
08:00:35,912810UC0,TSRYS5860825,D,S,T,2024-10-16,1000000.00,4.325625,98.734375
08:00:35,912810UC0,TSRYS5860825,D,S,T,2024-10-16,1000000.00,4.325625,98.734375
08:00:35,912810UC0,TSRYS5860825,D,S,T,2024-10-16,2000000.00,4.325625,98.734375
08:00:35,912810UC0,TSRYS5860825,D,S,T,2024-10-16,3000000.00,4.326571,98.71875
08:00:35,912810UC0,TSRYS5860825,D,S,T,2024-10-16,1000000.00,4.326571,98.71875
08:00:35,912810UC0,TSRYS5860825,D,S,T,2024-10-16,1000000.00,4.326571,98.71875
08:00:35,912810UC0,TSRYS5860825,D,S,T,2024-10-16,1000000.00,4.326571,98.71875
08:00:35,912810UC0,TSRYS5860825,D,S,T,2024-10-16,1000000.00,4.326571,98.71875
08:00:35,912810UC0,TSRYS5860825,D,S,T,2024-10-16,1000000.00,4.326571,98.71875
08:00:35,912810UC0,TSRYS5860825,D,S,T,2024-10-16,1000000.00,4.326571,98.71875
08:00:35,912810UC0,TSRYS5860825,D,S,T,2024-10-16,1000000.00,4.326571,98.71875
08:00:35,912810UC0,TSRYS5860825,D,S,T,2024-10-16,1000000.00,4.326571,98.71875
08:00:35,912810UC0,TSRYS5860825,D,S,T,2024-10-16,1000000.00,4.326571,98.71875
08:00:35,912810UC0,TSRYS5860825,D,S,T,2024-10-16,1000000.00,4.326571,98.71875
08:00:35,912810UC0,TSRYS5860825,D,S,T,2024-10-16,1000000.00,4.326571,98.71875
08:00:35,912810UC0,TSRYS5860825,D,S,T,2024-10-16,1000000.00,4.326571,98.71875
08:00:35,912810UC0,TSRYS5860825,D,S,T,2024-10-16,1000000.00,4.326571,98.71875
08:00:35,912810UC0,TSRYS5860825,D,S,A,2024-10-16,5000000.00,4.33012,98.66015625
08:00:35,912810UC0,TSRYS5860825,D,B,A,2024-10-16,5000000.00,4.331303,98.640625
08:00:36,912810UC0,TSRYS5860825,D,S,C,2024-10-16,1000000.00,4.330593,98.65234375
08:00:36,912810UC0,TSRYS5860825,D,S,C,2024-10-16,280000.00,4.321372,98.8046875
08:00:36,912810UC0,TSRYS5860825,D,S,T,2024-10-16,5000000.00,4.320898,98.8125
08:00:36,912810UC0,TSRYS5860825,D,S,T,2024-10-16,2000000.00,4.320898,98.8125
08:00:36,912810UC0,TSRYS5860825,D,S,T,2024-10-16,1000000.00,4.320662,98.81640625
08:00:36,912810UC0,TSRYS5860825,D,S,C,2024-10-16,5000000.00,4.319481,98.8359375
08:00:36,912810UC0,TSRYS5860825,D,B,A,2024-10-16,5000000.00,4.314054,98.92578125
08:00:36,912810UC0,TSRYS5860825,D,B,A,2024-10-16,5000000.00,4.310048,98.9921875
08:00:36,912810UC0,TSRYS5860825,D,S,D,2024-10-16,120000.00,4.310048,98.9921875
08:00:36,912810UC0,TSRYS5860825,D,B,C,2024-10-16,1000000.00,4.304397,99.0859375
08:00:36,912810UC0,TSRYS5860825,D,S,A,2024-10-16,5000000.00,4.302751,99.11328125
08:00:36,912810UC0,TSRYS5860825,D,S,A,2024-10-16,10000000.00,4.293824,99.26171875
08:00:36,912810UC0,TSRYS5860825,D,B,C,2024-10-16,1000000.00,4.294058,99.2578125
08:00:36,912810UC0,TSRYS5860825,D,S,D,2024-10-16,1000000.00,4.293589,99.265625
08:00:36,912810UC0,TSRYS5860825,D,S,D,2024-10-16,1000000.00,4.293589,99.265625
08:00:36,912810UC0,TSRYS5860825,D,S,D,2024-10-16,1000000.00,4.293589,99.265625
08:00:36,912810UC0,TSRYS5860825,D,S,C,2024-10-16,100000.00,4.291242,99.3046875
08:00:36,912810UC0,TSRYS5860825,D,B,C,2024-10-16,1000000.00,4.291008,99.30859375
08:00:36,912810UC0,TSRYS5860825,D,B,A,2024-10-16,5000000.00,4.293589,99.265625
08:00:36,912810UC0,TSRYS5860825,D,S,A,2024-10-16,5000000.00,4.29899,99.17578125
08:00:36,912810UC0,TSRYS5860825,D,B,C,2024-10-16,7000000.00,4.298755,99.1796875
08:00:36,912810UC0,TSRYS5860825,D,S,D,2024-10-16,15000000.00,4.297763,99.19617
08:00:36,912810UC0,TSRYS5860825,D,S,D,2024-10-16,17000000.00,4.296794,99.21229
08:00:36,912810UC0,TSRYS5860825,D,S,A,2024-10-16,3000000.00,4.29852,99.18359375
08:00:36,912810UC0,TSRYS5860825,D,B,C,2024-10-16,7000000.00,4.295936,99.2265625
08:00:36,912810UC0,TSRYS5860825,D,S,C,2024-10-16,1803000.00,4.295936,99.2265625
08:00:36,912810UC0,TSRYS5860825,D,S,T,2024-10-16,1000000.00,4.297345,99.203125
08:00:36,912810UC0,TSRYS5860825,D,S,T,2024-10-16,1000000.00,4.297345,99.203125
08:00:36,912810UC0,TSRYS5860825,D,S,C,2024-10-16,9015000.00,4.294293,99.25390625
08:00:36,912810UC0,TSRYS5860825,D,S,A,2024-10-16,1000000.00,4.294058,99.2578125
08:00:36,912810UC0,TSRYS5860825,D,S,D,2024-10-16,4000000.00,4.294178,99.25582
08:00:36,912810UC0,TSRYS5860825,D,B,C,2024-10-16,6500000.00,4.294528,99.25
08:00:36,912810UC0,TSRYS5860825,D,S,A,2024-10-16,721000.00,4.29265,99.28125
08:00:36,912810UC0,TSRYS5860825,D,S,D,2024-10-16,10000000.00,4.355047,98.25
08:00:36,912810UC0,TSRYS5860825,D,S,T,2024-10-16,1000000.00,4.29265,99.28125
08:00:36,912810UC0,TSRYS5860825,D,B,A,2024-10-16,5000000.00,4.296876,99.2109375
08:00:36,912810UC0,TSRYS5860825,D,S,T,2024-10-16,1000000.00,4.29852,99.18359375
08:00:36,912810UC0,TSRYS5860825,D,S,D,2024-10-16,3000000.00,4.299695,99.1640625
08:00:36,912810UC0,TSRYS5860825,D,S,T,2024-10-16,7000000.00,4.32375,98.765345982
08:00:36,912810UC0,TSRYS5860825,D,S,T,2024-10-16,1000000.00,4.29711,99.20703125
08:00:36,912810UC0,TSRYS5860825,D,S,D,2024-10-16,1000000.00,4.296406,99.21875
08:00:36,912810UC0,TSRYS5860825,D,S,T,2024-10-16,2000000.00,4.299225,99.171875
08:00:36,912810UC0,TSRYS5860825,D,S,D,2024-10-16,1000000.00,4.296406,99.21875
08:00:36,912810UC0,TSRYS5860825,D,S,D,2024-10-16,1000000.00,4.296406,99.21875
08:00:36,912810UC0,TSRYS5860825,D,S,D,2024-10-16,1000000.00,4.296406,99.21875
08:00:36,912810UC0,TSRYS5860825,D,S,D,2024-10-16,1000000.00,4.296406,99.21875
08:00:36,912810UC0,TSRYS5860825,D,B,C,2024-10-16,7000000.00,4.296054,99.224609375
08:00:36,912810UC0,TSRYS5860825,D,B,C,2024-10-16,4100000.00,4.296876,99.2109375
08:00:36,912810UC0,TSRYS5860825,D,B,C,2024-10-16,6000000.00,4.291477,99.30078125
08:00:36,912810UC0,TSRYS5860825,D,S,D,2024-10-16,10000000.00,4.290305,99.3203125
08:00:36,912810UC0,TSRYS5860825,D,S,C,2024-10-16,225000.00,4.291712,99.296875
08:00:36,912810UC0,TSRYS5860825,D,S,T,2024-10-16,1000000.00,4.289836,99.328125
08:00:36,912810UC0,TSRYS5860825,D,S,D,2024-10-16,1000000.00,4.289836,99.328125
08:00:37,912810UC0,TSRYS5860825,D,B,A,2024-10-16,100000.00,4.298285,99.1875
08:00:37,912810UC0,TSRYS5860825,D,B,A,2024-10-16,100000.00,4.298285,99.1875
08:00:37,912810UC0,TSRYS5860825,D,S,D,2024-10-16,1000000.00,4.29711,99.20703125
08:00:37,912810UC0,TSRYS5860825,D,S,A,2024-10-16,15000000.00,4.305338,99.0703125
08:00:37,912810UC0,TSRYS5860825,D,B,C,2024-10-16,3000000.00,4.305338,99.0703125
08:00:37,912810UC0,TSRYS5860825,D,B,A,2024-10-16,10000000.00,4.302045,99.125
08:00:39,912810UC0,TSRYS5860825,D,S,D,2024-10-16,1000000.00,4.293589,99.265625
08:00:39,912810UC0,TSRYS5860825,D,S,C,2024-10-16,2500000.00,4.315234,98.90625
08:00:39,912810UC0,TSRYS5860825,D,S,D,2024-10-16,3000000.00,4.293589,99.265625
08:00:39,912810UC0,TSRYS5860825,D,S,D,2024-10-16,1000000.00,4.293589,99.265625
08:00:39,912810UC0,TSRYS5860825,D,S,D,2024-10-16,2000000.00,4.293589,99.265625
08:00:39,912810UC0,TSRYS5860825,D,S,D,2024-10-16,1000000.00,4.291712,99.296875
08:00:39,912810UC0,TSRYS5860825,D,S,D,2024-10-16,1000000.00,4.291243,99.3046875
08:00:40,912810UC0,TSRYS5860825,D,S,D,2024-10-16,3000000.00,4.289836,99.328125
08:00:40,912810UC0,TSRYS5860825,D,S,D,2024-10-16,1000000.00,4.29007,99.32421875
08:00:41,912810UC0,TSRYS5860825,D,S,D,2024-10-16,4000000.00,4.289836,99.328125
08:00:41,912810UC0,TSRYS5860825,D,S,D,2024-10-16,4000000.00,4.289836,99.328125
08:00:41,912810UC0,TSRYS5860825,D,S,D,2024-10-16,1000000.00,4.289602,99.33203125
08:00:41,912810UC0,TSRYS5860825,D,S,D,2024-10-16,1000000.00,4.289602,99.33203125
08:00:41,912810UC0,TSRYS5860825,D,S,D,2024-10-16,1000000.00,4.289836,99.328125
08:00:41,912810UC0,TSRYS5860825,D,S,D,2024-10-16,1000000.00,4.289836,99.328125
08:00:41,912810UC0,TSRYS5860825,D,S,D,2024-10-16,1000000.00,4.288898,99.34375
08:00:41,912810UC0,TSRYS5860825,D,S,D,2024-10-16,1000000.00,4.288898,99.34375
08:00:41,912810UC0,TSRYS5860825,D,S,D,2024-10-16,2000000.00,4.288898,99.34375
08:00:42,912810UC0,TSRYS5860825,D,S,D,2024-10-16,1000000.00,4.288898,99.34375
08:00:42,912810UC0,TSRYS5860825,D,S,D,2024-10-16,3000000.00,4.288898,99.34375
08:00:42,912810UC0,TSRYS5860825,D,S,D,2024-10-16,2000000.00,4.289836,99.328125
08:00:42,912810UC0,TSRYS5860825,D,S,A,2024-10-16,100000.00,4.301551,99.1332125
08:00:42,912810UC0,TSRYS5860825,D,S,T,2024-10-16,1000000.00,4.326577,98.718648
08:00:42,912810UC0,TSRYS5860825,D,S,T,2024-10-16,1000000.00,4.326577,98.718648
08:00:42,912810UC0,TSRYS5860825,D,S,T,2024-10-16,1000000.00,4.326577,98.718648
08:00:42,912810UC0,TSRYS5860825,D,S,T,2024-10-16,1000000.00,4.326098,98.7265625
08:00:42,912810UC0,TSRYS5860825,D,S,T,2024-10-16,1000000.00,4.327523,98.703023
08:00:43,912810UC0,TSRYS5860825,D,S,T,2024-10-16,1000000.00,4.326571,98.71875
08:00:43,912810UC0,TSRYS5860825,D,S,T,2024-10-16,1000000.00,4.326571,98.71875
08:00:44,912810UC0,TSRYS5860825,D,S,T,2024-10-16,1000000.00,4.288898,99.34375
08:00:46,912810UC0,TSRYS5860825,D,S,C,2024-10-16,5000.00,4.320166,98.92461875
08:00:46,912810UC0,TSRYS5860825,D,S,T,2024-10-16,1000000.00,4.293589,99.265625
08:00:47,912810UC0,TSRYS5860825,D,S,C,2024-10-16,3005000.00,4.296147,99.22305625
08:00:47,912810UC0,TSRYS5860825,D,S,T,2024-10-16,1000000.00,4.293589,99.265625
08:00:47,912810UC0,TSRYS5860825,D,S,T,2024-10-16,1000000.00,4.294058,99.2578125
08:00:47,912810UC0,TSRYS5860825,D,S,T,2024-10-16,1000000.00,4.293589,99.265625
08:00:47,912810UC0,TSRYS5860825,D,S,T,2024-10-16,2000000.00,4.293589,99.265625
08:00:47,912810UC0,TSRYS5860825,D,S,D,2024-10-16,1000000.00,4.294528,99.25
08:00:47,912810UC0,TSRYS5860825,D,S,C,2024-10-16,500000.00,4.294269,99.25430625
08:00:47,912810UC0,TSRYS5860825,D,S,D,2024-10-16,1000000.00,4.294528,99.25
08:00:47,912810UC0,TSRYS5860825,D,S,T,2024-10-16,1000000.00,4.29265,99.28125
08:00:47,912810UC0,TSRYS5860825,D,S,T,2024-10-16,1000000.00,4.293002,99.275390625
08:00:47,912810UC0,TSRYS5860825,D,S,T,2024-10-16,1000000.00,4.293354,99.26953125
08:00:47,912810UC0,TSRYS5860825,D,S,T,2024-10-16,1000000.00,4.29265,99.28125
08:00:47,912810UC0,TSRYS5860825,D,S,T,2024-10-16,1000000.00,4.288898,99.34375
08:00:47,912810UC0,TSRYS5860825,D,S,T,2024-10-16,1000000.00,4.29265,99.28125
08:00:49,912810UC0,TSRYS5860825,D,S,T,2024-10-16,1000000.00,4.329416,98.671773
08:00:49,912810UC0,TSRYS5860825,D,S,T,2024-10-16,1000000.00,4.329416,98.671773
08:00:49,912810UC0,TSRYS5860825,D,S,T,2024-10-16,1000000.00,4.330363,98.656148
08:00:50,912810UC0,TSRYS5860825,D,S,T,2024-10-16,1000000.00,4.324324,98.755859375
08:00:50,912810UC0,TSRYS5860825,D,S,T,2024-10-16,1000000.00,4.324088,98.759765625
08:00:50,912810UC0,TSRYS5860825,D,S,D,2024-10-16,1000000.00,4.298285,99.1875
08:00:50,912810UC0,TSRYS5860825,D,S,T,2024-10-16,1000000.00,4.319015,98.843648
08:00:50,912810UC0,TSRYS5860825,D,S,T,2024-10-16,1000000.00,4.319009,98.84375
08:00:50,912810UC0,TSRYS5860825,D,S,T,2024-10-16,1000000.00,4.319015,98.843648
08:00:50,912810UC0,TSRYS5860825,D,S,T,2024-10-16,2000000.00,4.319127,98.841796875
08:00:50,912810UC0,TSRYS5860825,D,S,T,2024-10-16,2000000.00,4.319009,98.84375
08:00:50,912810UC0,TSRYS5860825,D,S,T,2024-10-16,2000000.00,4.31996,98.828023
08:00:50,912810UC0,TSRYS5860825,D,S,T,2024-10-16,1000000.00,4.318419,98.853515625
08:00:50,912810UC0,TSRYS5860825,D,S,T,2024-10-16,1000000.00,4.318419,98.853515625
08:00:50,912810UC0,TSRYS5860825,D,S,T,2024-10-16,1000000.00,4.319009,98.84375
08:00:51,912810UC0,TSRYS5860825,D,S,T,2024-10-16,1000000.00,4.319009,98.84375
08:00:51,912810UC0,TSRYS5860825,D,S,T,2024-10-16,1000000.00,4.319009,98.84375
08:00:51,912810UC0,TSRYS5860825,D,S,T,2024-10-16,2000000.00,4.288898,99.34375
08:00:51,912810UC0,TSRYS5860825,D,S,T,2024-10-16,1000000.00,4.288898,99.34375
08:00:51,912810UC0,TSRYS5860825,D,S,T,2024-10-16,1000000.00,4.319009,98.84375
08:00:52,912810UC0,TSRYS5860825,D,B,A,2024-10-16,500000.00,4.308634,99.015625
08:00:52,912810UC0,TSRYS5860825,D,S,C,2024-10-16,4204000.00,4.292157,99.2894625
08:00:52,912810UC0,TSRYS5860825,D,B,C,2024-10-16,10000000.00,4.29265,99.28125
08:00:52,912810UC0,TSRYS5860825,D,S,C,2024-10-16,4805000.00,4.293096,99.2738375
08:00:52,912810UC0,TSRYS5860825,D,S,C,2024-10-16,601000.00,4.29333,99.26993125
08:00:52,912810UC0,TSRYS5860825,D,S,A,2024-10-16,475000.00,4.312875,98.9453125
08:00:52,912810UC0,TSRYS5860825,D,S,T,2024-10-16,1000000.00,4.294528,99.25
08:00:52,912810UC0,TSRYS5860825,D,S,T,2024-10-16,1000000.00,4.294528,99.25
08:00:52,912810UC0,TSRYS5860825,D,S,T,2024-10-16,1000000.00,4.294528,99.25
08:00:52,912810UC0,TSRYS5860825,D,S,T,2024-10-16,1000000.00,4.294528,99.25
08:00:52,912810UC0,TSRYS5860825,D,S,T,2024-10-16,1000000.00,4.294528,99.25
08:00:52,912810UC0,TSRYS5860825,D,S,T,2024-10-16,1000000.00,4.294528,99.25
08:00:52,912810UC0,TSRYS5860825,D,S,T,2024-10-16,1000000.00,4.294528,99.25
08:00:52,912810UC0,TSRYS5860825,D,S,T,2024-10-16,1000000.00,4.294528,99.25
08:00:52,912810UC0,TSRYS5860825,D,S,T,2024-10-16,1000000.00,4.294528,99.25
08:00:52,912810UC0,TSRYS5860825,D,S,T,2024-10-16,1000000.00,4.294528,99.25
08:00:52,912810UC0,TSRYS5860825,D,S,T,2024-10-16,1000000.00,4.294528,99.25
08:00:52,912810UC0,TSRYS5860825,D,S,T,2024-10-16,1000000.00,4.294528,99.25
08:00:52,912810UC0,TSRYS5860825,D,B,C,2024-10-16,10000.00,4.294082,99.2574125
08:00:52,912810UC0,TSRYS5860825,D,S,T,2024-10-16,1000000.00,4.296406,99.21875
08:00:52,912810UC0,TSRYS5860825,D,S,C,2024-10-16,10000000.00,4.296406,99.21875
08:00:53,912810UC0,TSRYS5860825,D,S,T,2024-10-16,1000000.00,4.293589,99.265625
08:00:53,912810UC0,TSRYS5860825,D,S,T,2024-10-16,3000000.00,4.293589,99.265625
08:00:53,912810UC0,TSRYS5860825,D,S,T,2024-10-16,8000000.00,4.288898,99.34375
08:00:54,912810UC0,TSRYS5860825,D,S,T,2024-10-16,1000000.00,4.293589,99.265625
08:00:56,912810UC0,TSRYS5860825,D,S,C,2024-10-16,120000.00,4.310023,98.99675416667
08:00:56,912810UC0,TSRYS5860825,D,S,D,2024-10-16,30000000.00,4.296295,99.2205985
08:00:57,912810UC0,TSRYS5860825,D,S,T,2024-10-16,1000000.00,4.298637,99.181640625
08:00:57,912810UC0,TSRYS5860825,D,S,T,2024-10-16,1000000.00,4.298637,99.181640625
08:00:58,912810UC0,TSRYS5860825,D,S,T,2024-10-16,1000000.00,4.298402,99.185546875
08:00:58,912810UC0,TSRYS5860825,D,S,T,2024-10-16,1000000.00,4.298637,99.181640625
08:00:58,912810UC0,TSRYS5860825,D,S,T,2024-10-16,1000000.00,4.29852,99.18359375
08:00:59,912810UC0,TSRYS5860825,D,S,T,2024-10-16,1000000.00,4.298285,99.1875
08:01:00,912810UC0,TSRYS5860825,D,S,D,2024-10-16,1000000.00,4.323733,98.765625
08:01:00,912810UC0,TSRYS5860825,D,S,D,2024-10-16,1000000.00,4.323733,98.765625
08:01:00,912810UC0,TSRYS5860825,D,S,D,2024-10-16,1000000.00,4.325152,98.7421875
08:01:00,912810UC0,TSRYS5860825,D,B,C,2024-10-16,1000000.00,4.325152,98.7421875
08:01:00,912810UC0,TSRYS5860825,D,S,C,2024-10-16,1000000.00,4.325152,98.7421875
08:01:00,912810UC0,TSRYS5860825,D,S,D,2024-10-16,1000000.00,4.325152,98.7421875
08:01:00,912810UC0,TSRYS5860825,D,B,C,2024-10-16,1000000.00,4.325152,98.7421875
08:01:00,912810UC0,TSRYS5860825,D,B,C,2024-10-16,1000000.00,4.325152,98.7421875
08:01:00,912810UC0,TSRYS5860825,D,S,D,2024-10-16,1000000.00,4.331303,98.640625
08:01:00,912810UC0,TSRYS5860825,D,S,C,2024-10-16,1000000.00,4.325861,98.73046875
08:01:00,912810UC0,TSRYS5860825,D,S,D,2024-10-16,1000000.00,4.325152,98.7421875
08:01:00,912810UC0,TSRYS5860825,D,S,C,2024-10-16,1000000.00,4.328463,98.6875
08:01:00,912810UC0,TSRYS5860825,D,S,D,2024-10-16,1000000.00,4.324679,98.75
08:01:00,912810UC0,TSRYS5860825,D,S,D,2024-10-16,1000000.00,4.331303,98.640625
08:01:00,912810UC0,TSRYS5860825,D,S,D,2024-10-16,1000000.00,4.324679,98.75
08:01:00,912810UC0,TSRYS5860825,D,S,D,2024-10-16,1000000.00,4.321371,98.8046875
08:01:00,912810UC0,TSRYS5860825,D,S,D,2024-10-16,1000000.00,4.324679,98.75
08:01:00,912810UC0,TSRYS5860825,D,S,D,2024-10-16,1000000.00,4.321371,98.8046875
08:01:00,912810UC0,TSRYS5860825,D,S,D,2024-10-16,1000000.00,4.319481,98.8359375
08:01:00,912810UC0,TSRYS5860825,D,S,D,2024-10-16,1000000.00,4.318065,98.859375
08:01:00,912810UC0,TSRYS5860825,D,S,T,2024-10-16,1000000.00,4.297815,99.1953125
08:01:00,912810UC0,TSRYS5860825,D,S,D,2024-10-16,1000000.00,4.320898,98.8125
08:01:00,912810UC0,TSRYS5860825,D,S,D,2024-10-16,1000000.00,4.318773,98.84765625
08:01:00,912810UC0,TSRYS5860825,D,S,D,2024-10-16,1000000.00,4.319481,98.8359375
08:01:00,912810UC0,TSRYS5860825,D,S,D,2024-10-16,1000000.00,4.318773,98.84765625
08:01:00,912810UC0,TSRYS5860825,D,S,D,2024-10-16,1000000.00,4.321371,98.8046875
08:01:00,912810UC0,TSRYS5860825,D,S,D,2024-10-16,1000000.00,4.321843,98.796875
08:01:00,912810UC0,TSRYS5860825,D,S,D,2024-10-16,1000000.00,4.319481,98.8359375
08:01:00,912810UC0,TSRYS5860825,D,S,D,2024-10-16,1000000.00,4.321371,98.8046875
08:01:00,912810UC0,TSRYS5860825,D,S,D,2024-10-16,1000000.00,4.319481,98.8359375
08:01:00,912810UC0,TSRYS5860825,D,S,D,2024-10-16,2000000.00,4.320898,98.8125
08:01:00,912810UC0,TSRYS5860825,D,S,D,2024-10-16,1000000.00,4.319481,98.8359375
08:01:00,912810UC0,TSRYS5860825,D,S,D,2024-10-16,2000000.00,4.320898,98.8125
08:01:00,912810UC0,TSRYS5860825,D,S,D,2024-10-16,1000000.00,4.319009,98.84375
08:01:00,912810UC0,TSRYS5860825,D,S,D,2024-10-16,1000000.00,4.319717,98.83203125
08:01:00,912810UC0,TSRYS5860825,D,S,D,2024-10-16,1000000.00,4.317121,98.875
08:01:00,912810UC0,TSRYS5860825,D,S,D,2024-10-16,1000000.00,4.314762,98.9140625
08:01:00,912810UC0,TSRYS5860825,D,S,D,2024-10-16,1000000.00,4.318065,98.859375
08:01:00,912810UC0,TSRYS5860825,D,S,D,2024-10-16,2000000.00,4.318065,98.859375
08:01:00,912810UC0,TSRYS5860825,D,S,D,2024-10-16,1000000.00,4.316177,98.890625
08:01:00,912810UC0,TSRYS5860825,D,S,D,2024-10-16,1000000.00,4.315233,98.90625
08:01:00,912810UC0,TSRYS5860825,D,S,D,2024-10-16,1000000.00,4.313347,98.9375
08:01:00,912810UC0,TSRYS5860825,D,S,A,2024-10-16,46000.00,4.297815,99.1953125
08:01:00,912810UC0,TSRYS5860825,D,S,D,2024-10-16,1000000.00,4.314998,98.91015625
08:01:00,912810UC0,TSRYS5860825,D,S,D,2024-10-16,1000000.00,4.307692,99.03125
08:01:00,912810UC0,TSRYS5860825,D,S,D,2024-10-16,1000000.00,4.311461,98.96875
08:01:00,912810UC0,TSRYS5860825,D,S,D,2024-10-16,1000000.00,4.311933,98.9609375
08:01:00,912810UC0,TSRYS5860825,D,S,D,2024-10-16,1000000.00,4.298755,99.1796875
08:01:00,912810UC0,TSRYS5860825,D,S,D,2024-10-16,1000000.00,4.300165,99.15625
08:01:00,912810UC0,TSRYS5860825,D,S,D,2024-10-16,1000000.00,4.305809,99.0625
08:01:00,912810UC0,TSRYS5860825,D,S,D,2024-10-16,1000000.00,4.302045,99.125
08:01:00,912810UC0,TSRYS5860825,D,S,D,2024-10-16,1000000.00,4.298755,99.1796875
08:01:00,912810UC0,TSRYS5860825,D,S,D,2024-10-16,1000000.00,4.30134,99.13671875
08:01:00,912810UC0,TSRYS5860825,D,S,D,2024-10-16,1000000.00,4.298285,99.1875
08:01:00,912810UC0,TSRYS5860825,D,S,D,2024-10-16,1000000.00,4.291008,99.30859375
08:01:00,912810UC0,TSRYS5860825,D,S,D,2024-10-16,1000000.00,4.293354,99.26953125
08:01:00,912810UC0,TSRYS5860825,D,S,D,2024-10-16,1000000.00,4.295467,99.234375
08:01:00,912810UC0,TSRYS5860825,D,S,D,2024-10-16,1000000.00,4.301105,99.140625
08:01:00,912810UC0,TSRYS5860825,D,S,D,2024-10-16,1000000.00,4.294058,99.2578125
08:01:00,912810UC0,TSRYS5860825,D,S,D,2024-10-16,1000000.00,4.299225,99.171875
08:01:00,912810UC0,TSRYS5860825,D,S,D,2024-10-16,1000000.00,4.293824,99.26171875
08:01:00,912810UC0,TSRYS5860825,D,S,D,2024-10-16,1000000.00,4.290774,99.3125
08:01:00,912810UC0,TSRYS5860825,D,S,D,2024-10-16,1000000.00,4.300635,99.1484375
08:01:00,912810UC0,TSRYS5860825,D,S,D,2024-10-16,1000000.00,4.290774,99.3125
08:01:00,912810UC0,TSRYS5860825,D,S,T,2024-10-16,1000000.00,4.291243,99.3046875
08:01:01,912810UC0,TSRYS5860825,D,S,D,2024-10-16,1000000.00,4.306045,99.05859375
08:01:01,912810UC0,TSRYS5860825,D,S,D,2024-10-16,1000000.00,4.300635,99.1484375
08:01:01,912810UC0,TSRYS5860825,D,S,D,2024-10-16,1000000.00,4.301575,99.1328125
08:01:01,912810UC0,TSRYS5860825,D,S,D,2024-10-16,1000000.00,4.30228,99.12109375
08:01:01,912810UC0,TSRYS5860825,D,S,D,2024-10-16,1000000.00,4.302045,99.125
08:01:01,912810UC0,TSRYS5860825,D,S,D,2024-10-16,1000000.00,4.298755,99.1796875
08:01:01,912810UC0,TSRYS5860825,D,S,D,2024-10-16,1000000.00,4.302045,99.125
08:01:01,912810UC0,TSRYS5860825,D,S,D,2024-10-16,4000000.00,4.306045,99.05859375
08:01:01,912810UC0,TSRYS5860825,D,S,D,2024-10-16,1000000.00,4.297815,99.1953125
08:01:01,912810UC0,TSRYS5860825,D,S,T,2024-10-16,1000000.00,4.29136,99.302734375
08:01:01,912810UC0,TSRYS5860825,D,S,D,2024-10-16,1000000.00,4.302045,99.125
08:01:01,912810UC0,TSRYS5860825,D,S,D,2024-10-16,1000000.00,4.29899,99.17578125
08:01:01,912810UC0,TSRYS5860825,D,S,C,2024-10-16,5000000.00,4.308634,99.015625
08:01:01,912810UC0,TSRYS5860825,D,S,T,2024-10-16,1000000.00,4.292533,99.283203125
08:01:01,912810UC0,TSRYS5860825,D,S,D,2024-10-16,1000000.00,4.299225,99.171875
08:01:01,912810UC0,TSRYS5860825,D,S,D,2024-10-16,1000000.00,4.29899,99.17578125
08:01:01,912810UC0,TSRYS5860825,D,S,D,2024-10-16,1000000.00,4.299225,99.171875
08:01:01,912810UC0,TSRYS5860825,D,S,D,2024-10-16,1000000.00,4.29852,99.18359375
08:01:01,912810UC0,TSRYS5860825,D,S,T,2024-10-16,1000000.00,4.29265,99.28125
08:01:01,912810UC0,TSRYS5860825,D,S,D,2024-10-16,1000000.00,4.297815,99.1953125
08:01:01,912810UC0,TSRYS5860825,D,S,T,2024-10-16,1000000.00,4.29265,99.28125
08:01:01,912810UC0,TSRYS5860825,D,S,D,2024-10-16,1000000.00,4.297815,99.1953125
08:01:01,912810UC0,TSRYS5860825,D,S,T,2024-10-16,1000000.00,4.292656,99.281148
08:01:01,912810UC0,TSRYS5860825,D,S,D,2024-10-16,1000000.00,4.29758,99.19921875
08:01:01,912810UC0,TSRYS5860825,D,S,T,2024-10-16,1000000.00,4.292656,99.281148
08:01:01,912810UC0,TSRYS5860825,D,S,D,2024-10-16,1000000.00,4.297345,99.203125
08:01:01,912810UC0,TSRYS5860825,D,S,D,2024-10-16,1000000.00,4.291712,99.296875
08:01:01,912810UC0,TSRYS5860825,D,S,D,2024-10-16,2000000.00,4.29899,99.17578125
08:01:01,912810UC0,TSRYS5860825,D,S,T,2024-10-16,1000000.00,4.291243,99.3046875
08:01:01,912810UC0,TSRYS5860825,D,S,D,2024-10-16,1000000.00,4.29805,99.19140625
08:01:01,912810UC0,TSRYS5860825,D,S,D,2024-10-16,1000000.00,4.297345,99.203125
08:01:01,912810UC0,TSRYS5860825,D,S,D,2024-10-16,1000000.00,4.297815,99.1953125
08:01:01,912810UC0,TSRYS5860825,D,S,D,2024-10-16,1000000.00,4.291947,99.29296875
08:01:01,912810UC0,TSRYS5860825,D,S,D,2024-10-16,1000000.00,4.296876,99.2109375
08:01:01,912810UC0,TSRYS5860825,D,S,C,2024-10-16,1000000.00,4.292885,99.27734375
08:01:01,912810UC0,TSRYS5860825,D,S,D,2024-10-16,1000000.00,4.294528,99.25
08:01:01,912810UC0,TSRYS5860825,D,S,T,2024-10-16,1000000.00,4.291477,99.30078125
08:01:01,912810UC0,TSRYS5860825,D,S,D,2024-10-16,1000000.00,4.294528,99.25
08:01:01,912810UC0,TSRYS5860825,D,S,D,2024-10-16,1000000.00,4.291477,99.30078125
08:01:01,912810UC0,TSRYS5860825,D,S,T,2024-10-16,1000000.00,4.293941,99.259765625
08:01:01,912810UC0,TSRYS5860825,D,S,T,2024-10-16,2000000.00,4.293472,99.267578125
08:01:01,912810UC0,TSRYS5860825,D,S,D,2024-10-16,1000000.00,4.292416,99.28515625
08:01:01,912810UC0,TSRYS5860825,D,S,T,2024-10-16,1000000.00,4.298285,99.1875
08:01:01,912810UC0,TSRYS5860825,D,S,D,2024-10-16,1000000.00,4.294058,99.2578125
08:01:01,912810UC0,TSRYS5860825,D,S,D,2024-10-16,1000000.00,4.296876,99.2109375
08:01:01,912810UC0,TSRYS5860825,D,S,D,2024-10-16,1000000.00,4.291712,99.296875
08:01:01,912810UC0,TSRYS5860825,D,S,T,2024-10-16,1000000.00,4.291947,99.29296875
08:01:01,912810UC0,TSRYS5860825,D,S,D,2024-10-16,1000000.00,4.296406,99.21875
08:01:01,912810UC0,TSRYS5860825,D,S,D,2024-10-16,1000000.00,4.297345,99.203125
08:01:01,912810UC0,TSRYS5860825,D,S,D,2024-10-16,1000000.00,4.296876,99.2109375
08:01:01,912810UC0,TSRYS5860825,D,B,C,2024-10-16,1000000.00,4.29711,99.20703125
08:01:01,912810UC0,TSRYS5860825,D,S,D,2024-10-16,1000000.00,4.29711,99.20703125
08:01:01,912810UC0,TSRYS5860825,D,S,C,2024-10-16,1000000.00,4.295232,99.23828125
08:01:01,912810UC0,TSRYS5860825,D,S,D,2024-10-16,1000000.00,4.297345,99.203125
08:01:01,912810UC0,TSRYS5860825,D,S,C,2024-10-16,1000000.00,4.296641,99.21484375
08:01:01,912810UC0,TSRYS5860825,D,S,C,2024-10-16,1000000.00,4.296406,99.21875
08:01:01,912810UC0,TSRYS5860825,D,S,D,2024-10-16,1000000.00,4.297345,99.203125
08:01:01,912810UC0,TSRYS5860825,D,S,D,2024-10-16,1000000.00,4.29758,99.19921875
08:01:01,912810UC0,TSRYS5860825,D,S,T,2024-10-16,1000000.00,4.295936,99.2265625
08:01:01,912810UC0,TSRYS5860825,D,S,C,2024-10-16,1000000.00,4.29758,99.19921875
08:01:01,912810UC0,TSRYS5860825,D,B,A,2024-10-16,1000000.00,4.29265,99.28125
08:01:01,912810UC0,TSRYS5860825,D,S,T,2024-10-16,1000000.00,4.292536,99.283153125
08:01:01,912810UC0,TSRYS5860825,D,B,A,2024-10-16,1000000.00,4.29265,99.28125
08:01:01,912810UC0,TSRYS5860825,D,B,A,2024-10-16,1000000.00,4.29265,99.28125
08:01:01,912810UC0,TSRYS5860825,D,B,A,2024-10-16,1000000.00,4.29265,99.28125
08:01:01,912810UC0,TSRYS5860825,D,S,C,2024-10-16,1000000.00,4.29711,99.20703125
08:01:01,912810UC0,TSRYS5860825,D,S,T,2024-10-16,1000000.00,4.292301,99.287059375
08:01:01,912810UC0,TSRYS5860825,D,S,T,2024-10-16,1000000.00,4.292184,99.2890125
08:01:01,912810UC0,TSRYS5860825,D,S,T,2024-10-16,1000000.00,4.292067,99.290965625
08:01:01,912810UC0,TSRYS5860825,D,S,D,2024-10-16,1000000.00,4.29758,99.19921875
08:01:01,912810UC0,TSRYS5860825,D,S,T,2024-10-16,1000000.00,4.288901,99.3437
08:01:01,912810UC0,TSRYS5860825,D,S,D,2024-10-16,1000000.00,4.29758,99.19921875
08:01:01,912810UC0,TSRYS5860825,D,S,D,2024-10-16,1000000.00,4.29758,99.19921875
08:01:01,912810UC0,TSRYS5860825,D,S,C,2024-10-16,1000000.00,4.295232,99.23828125
08:01:01,912810UC0,TSRYS5860825,D,S,T,2024-10-16,1000000.00,4.28937,99.3358875
08:01:01,912810UC0,TSRYS5860825,D,S,T,2024-10-16,1000000.00,4.288898,99.34375
08:01:01,912810UC0,TSRYS5860825,D,B,A,2024-10-16,4000000.00,4.290774,99.3125
08:01:01,912810UC0,TSRYS5860825,D,S,T,2024-10-16,1000000.00,4.290542,99.31635625
08:01:01,912810UC0,TSRYS5860825,D,S,T,2024-10-16,1000000.00,4.290542,99.31635625
08:01:01,912810UC0,TSRYS5860825,D,S,T,2024-10-16,1000000.00,4.29066,99.314403125
08:01:01,912810UC0,TSRYS5860825,D,S,T,2024-10-16,1000000.00,4.29066,99.314403125
08:01:01,912810UC0,TSRYS5860825,D,S,A,2024-10-16,5000000.00,4.288898,99.34375
08:01:01,912810UC0,TSRYS5860825,D,S,A,2024-10-16,1000000.00,4.289836,99.328125
08:01:01,912810UC0,TSRYS5860825,D,S,A,2024-10-16,1000000.00,4.289836,99.328125
08:01:01,912810UC0,TSRYS5860825,D,S,A,2024-10-16,1000000.00,4.289836,99.328125
08:01:01,912810UC0,TSRYS5860825,D,S,T,2024-10-16,1000000.00,4.293237,99.271484375
08:01:02,912810UC0,TSRYS5860825,D,S,T,2024-10-16,1000000.00,4.29078,99.312398
08:01:02,912810UC0,TSRYS5860825,D,S,T,2024-10-16,2000000.00,4.29078,99.312398
08:01:02,912810UC0,TSRYS5860825,D,S,T,2024-10-16,1000000.00,4.290539,99.31640625
08:01:02,912810UC0,TSRYS5860825,D,S,T,2024-10-16,1000000.00,4.294528,99.25
08:01:02,912810UC0,TSRYS5860825,D,S,D,2024-10-16,2000000.00,4.293589,99.265625
08:01:02,912810UC0,TSRYS5860825,D,S,T,2024-10-16,1000000.00,4.290547,99.31628125
08:01:02,912810UC0,TSRYS5860825,D,S,T,2024-10-16,1000000.00,4.290657,99.314453125
08:01:02,912810UC0,TSRYS5860825,D,S,T,2024-10-16,1000000.00,4.290774,99.3125
08:01:02,912810UC0,TSRYS5860825,D,S,T,2024-10-16,1000000.00,4.290774,99.3125
08:01:02,912810UC0,TSRYS5860825,D,S,C,2024-10-16,3000000.00,4.289836,99.328125
08:01:02,912810UC0,TSRYS5860825,D,S,T,2024-10-16,1000000.00,4.290774,99.3125
08:01:03,912810UC0,TSRYS5860825,D,S,T,2024-10-16,1000000.00,4.299225,99.171875
08:01:03,912810UC0,TSRYS5860825,D,S,T,2024-10-16,1000000.00,4.299225,99.171875
08:01:03,912810UC0,TSRYS5860825,D,S,T,2024-10-16,1000000.00,4.299231,99.171773
08:01:03,912810UC0,TSRYS5860825,D,S,T,2024-10-16,4000000.00,4.300171,99.156148
08:01:03,912810UC0,TSRYS5860825,D,S,T,2024-10-16,1000000.00,4.290781,99.312375
08:01:04,912810UC0,TSRYS5860825,D,S,T,2024-10-16,1000000.00,4.290422,99.318359375
08:01:04,912810UC0,TSRYS5860825,D,S,T,2024-10-16,1000000.00,4.29043,99.318234375
08:01:04,912810UC0,TSRYS5860825,D,S,T,2024-10-16,1000000.00,4.28925,99.337890625
08:01:04,912810UC0,TSRYS5860825,D,S,T,2024-10-16,1000000.00,4.290891,99.310546875
08:01:04,912810UC0,TSRYS5860825,D,B,A,2024-10-16,1000000.00,4.295232,99.23828125
08:01:05,912810UC0,TSRYS5860825,D,S,T,2024-10-16,1000000.00,4.291712,99.296875
08:01:05,912810UC0,TSRYS5860825,D,S,T,2024-10-16,1000000.00,4.294535,99.24987
08:01:05,912810UC0,TSRYS5860825,D,S,T,2024-10-16,1000000.00,4.294535,99.24987
08:01:06,912810UC0,TSRYS5860825,D,S,C,2024-10-16,30000.00,4.300376,99.16941041667
08:01:07,912810UC0,TSRYS5860825,D,S,T,2024-10-16,1000000.00,4.291008,99.30859375
08:01:07,912810UC0,TSRYS5860825,D,S,D,2024-10-16,100000.00,4.289836,99.328125
08:01:08,912810UC0,TSRYS5860825,D,S,T,2024-10-16,1000000.00,4.290657,99.314453125
08:01:08,912810UC0,TSRYS5860825,D,S,T,2024-10-16,1000000.00,4.290657,99.314453125
08:01:08,912810UC0,TSRYS5860825,D,S,A,2024-10-16,10000000.00,4.304397,99.0859375
08:01:08,912810UC0,TSRYS5860825,D,S,A,2024-10-16,1000000.00,4.300635,99.1484375
08:01:08,912810UC0,TSRYS5860825,D,S,T,2024-10-16,1000000.00,4.290539,99.31640625
08:01:08,912810UC0,TSRYS5860825,D,S,T,2024-10-16,1000000.00,4.290657,99.314453125
08:01:08,912810UC0,TSRYS5860825,D,S,T,2024-10-16,1000000.00,4.290539,99.31640625
08:01:09,912810UC0,TSRYS5860825,D,S,T,2024-10-16,1000000.00,4.290547,99.31628125
08:01:09,912810UC0,TSRYS5860825,D,S,T,2024-10-16,1000000.00,4.290657,99.314453125
08:01:09,912810UC0,TSRYS5860825,D,S,T,2024-10-16,1000000.00,4.288898,99.34375
08:01:09,912810UC0,TSRYS5860825,D,S,D,2024-10-16,1000000.00,4.323733,98.765625
08:01:09,912810UC0,TSRYS5860825,D,S,T,2024-10-16,1000000.00,4.290657,99.314453125
08:01:09,912810UC0,TSRYS5860825,D,S,D,2024-10-16,1000000.00,4.324679,98.75
08:01:09,912810UC0,TSRYS5860825,D,S,D,2024-10-16,1000000.00,4.324679,98.75
08:01:09,912810UC0,TSRYS5860825,D,S,D,2024-10-16,1000000.00,4.324679,98.75
08:01:10,912810UC0,TSRYS5860825,D,S,D,2024-10-16,2000000.00,4.320898,98.8125
08:01:10,912810UC0,TSRYS5860825,D,S,D,2024-10-16,1000000.00,4.319717,98.83203125
08:01:10,912810UC0,TSRYS5860825,D,S,D,2024-10-16,1000000.00,4.319009,98.84375
08:01:10,912810UC0,TSRYS5860825,D,S,D,2024-10-16,1000000.00,4.318065,98.859375
08:01:10,912810UC0,TSRYS5860825,D,S,D,2024-10-16,2000000.00,4.318065,98.859375
08:01:10,912810UC0,TSRYS5860825,D,S,D,2024-10-16,1000000.00,4.317121,98.875
08:01:10,912810UC0,TSRYS5860825,D,S,D,2024-10-16,1000000.00,4.315233,98.90625
08:01:10,912810UC0,TSRYS5860825,D,S,D,2024-10-16,1000000.00,4.313347,98.9375
08:01:10,912810UC0,TSRYS5860825,D,S,D,2024-10-16,1000000.00,4.311461,98.96875
08:01:10,912810UC0,TSRYS5860825,D,S,D,2024-10-16,1000000.00,4.307692,99.03125
08:01:10,912810UC0,TSRYS5860825,D,S,D,2024-10-16,1000000.00,4.305809,99.0625
08:01:10,912810UC0,TSRYS5860825,D,S,D,2024-10-16,1000000.00,4.302045,99.125
08:01:10,912810UC0,TSRYS5860825,D,S,D,2024-10-16,1000000.00,4.300165,99.15625
08:01:10,912810UC0,TSRYS5860825,D,S,D,2024-10-16,1000000.00,4.298285,99.1875
08:01:10,912810UC0,TSRYS5860825,D,S,C,2024-10-16,2000000.00,4.300165,99.15625
08:01:10,912810UC0,TSRYS5860825,D,S,D,2024-10-16,1000000.00,4.299225,99.171875
08:01:10,912810UC0,TSRYS5860825,D,S,D,2024-10-16,1000000.00,4.294058,99.2578125
08:01:10,912810UC0,TSRYS5860825,D,S,D,2024-10-16,1000000.00,4.296406,99.21875
08:01:10,912810UC0,TSRYS5860825,D,S,D,2024-10-16,1000000.00,4.296876,99.2109375
08:01:10,912810UC0,TSRYS5860825,D,S,D,2024-10-16,1000000.00,4.296876,99.2109375
08:01:10,912810UC0,TSRYS5860825,D,S,D,2024-10-16,1000000.00,4.296876,99.2109375
08:01:10,912810UC0,TSRYS5860825,D,S,D,2024-10-16,1000000.00,4.297345,99.203125
08:01:10,912810UC0,TSRYS5860825,D,S,D,2024-10-16,1000000.00,4.297345,99.203125
08:01:10,912810UC0,TSRYS5860825,D,S,D,2024-10-16,1000000.00,4.297345,99.203125
08:01:10,912810UC0,TSRYS5860825,D,S,D,2024-10-16,1000000.00,4.287023,99.375
08:01:10,912810UC0,TSRYS5860825,D,S,D,2024-10-16,2000000.00,4.287023,99.375
08:01:10,912810UC0,TSRYS5860825,D,S,T,2024-10-16,1000000.00,4.289836,99.328125
08:01:10,912810UC0,TSRYS5860825,D,S,T,2024-10-16,1000000.00,4.289836,99.328125
08:01:10,912810UC0,TSRYS5860825,D,S,T,2024-10-16,1000000.00,4.324685,98.7499
08:01:10,912810UC0,TSRYS5860825,D,S,T,2024-10-16,2000000.00,4.29172,99.296745
08:01:11,912810UC0,TSRYS5860825,D,S,T,2024-10-16,1000000.00,4.320904,98.8124
08:01:11,912810UC0,TSRYS5860825,D,S,T,2024-10-16,1000000.00,4.319723,98.83193125
08:01:11,912810UC0,TSRYS5860825,D,S,T,2024-10-16,1000000.00,4.319842,98.829978125
08:01:11,912810UC0,TSRYS5860825,D,S,T,2024-10-16,1000000.00,4.319015,98.84365
08:01:11,912810UC0,TSRYS5860825,D,S,T,2024-10-16,1000000.00,4.318071,98.859275
08:01:11,912810UC0,TSRYS5860825,D,S,T,2024-10-16,1000000.00,4.293595,99.265525
08:01:11,912810UC0,TSRYS5860825,D,S,T,2024-10-16,1000000.00,4.293595,99.265525
08:01:11,912810UC0,TSRYS5860825,D,S,T,2024-10-16,1000000.00,4.29383,99.26161875
08:01:11,912810UC0,TSRYS5860825,D,S,T,2024-10-16,1000000.00,4.294064,99.2577125
08:01:11,912810UC0,TSRYS5860825,D,S,T,2024-10-16,1000000.00,4.294064,99.2577125
08:01:11,912810UC0,TSRYS5860825,D,S,T,2024-10-16,1000000.00,4.295942,99.2264625
08:01:11,912810UC0,TSRYS5860825,D,S,T,2024-10-16,1000000.00,4.296412,99.21865
08:01:11,912810UC0,TSRYS5860825,D,S,T,2024-10-16,1000000.00,4.296882,99.2108375
08:01:11,912810UC0,TSRYS5860825,D,S,T,2024-10-16,1000000.00,4.296882,99.2108375
08:01:11,912810UC0,TSRYS5860825,D,S,T,2024-10-16,1000000.00,4.296882,99.2108375
08:01:11,912810UC0,TSRYS5860825,D,S,T,2024-10-16,1000000.00,4.296882,99.2108375
08:01:11,912810UC0,TSRYS5860825,D,S,T,2024-10-16,1000000.00,4.297351,99.203025
08:01:11,912810UC0,TSRYS5860825,D,S,T,2024-10-16,1000000.00,4.297351,99.203025
08:01:11,912810UC0,TSRYS5860825,D,S,T,2024-10-16,1000000.00,4.297351,99.203025
08:01:11,912810UC0,TSRYS5860825,D,S,T,2024-10-16,1000000.00,4.298291,99.1874
08:01:11,912810UC0,TSRYS5860825,D,S,T,2024-10-16,1000000.00,4.287029,99.3749
08:01:11,912810UC0,TSRYS5860825,D,S,T,2024-10-16,1000000.00,4.287029,99.3749
08:01:11,912810UC0,TSRYS5860825,D,S,C,2024-10-16,17000000.00,4.320899,98.8124809
08:01:11,912810UC0,TSRYS5860825,D,S,T,2024-10-16,1000000.00,4.289492,99.333859375
08:01:11,912810UC0,TSRYS5860825,D,S,D,2024-10-16,5000000.00,4.319439,98.8366375
08:01:11,912810UC0,TSRYS5860825,D,S,T,2024-10-16,1000000.00,4.289602,99.33203125
08:01:11,912810UC0,TSRYS5860825,D,S,C,2024-10-16,4000000.00,4.316241,98.8895719
08:01:11,912810UC0,TSRYS5860825,D,S,T,2024-10-16,1000000.00,4.296054,99.224609375
08:01:11,912810UC0,TSRYS5860825,D,S,D,2024-10-16,5000000.00,4.297303,99.203825
08:01:11,912810UC0,TSRYS5860825,D,S,T,2024-10-16,1000000.00,4.287029,99.3749
08:01:11,912810UC0,TSRYS5860825,D,S,T,2024-10-16,1000000.00,4.287029,99.3749
08:01:11,912810UC0,TSRYS5860825,D,S,C,2024-10-16,3000000.00,4.291944,99.2930177
08:01:12,912810UC0,TSRYS5860825,D,S,C,2024-10-16,3000000.00,4.289794,99.328825
08:01:12,912810UC0,TSRYS5860825,D,S,T,2024-10-16,1000000.00,4.287031,99.37487
08:01:12,912810UC0,TSRYS5860825,D,S,T,2024-10-16,1000000.00,4.287031,99.37487
