tradeTime,cusip,issueSymbolIdentifier,priceType,reportingSideCode,contraPartyTypeCode,tradeDate,reportedTradeVolume,lastSaleYield,lastSalePrice
08:00:02,912810UC0,TSRYS5860825,D,S,D,2024-08-23,1000000.00,4.125397,102.130859375
08:00:02,912810UC0,TSRYS5860825,D,S,D,2024-08-23,1000000.00,4.126746,102.107421875
08:00:02,912810UC0,TSRYS5860825,D,S,D,2024-08-23,1000000.00,4.117868,102.26171875
08:00:02,912810UC0,TSRYS5860825,D,S,D,2024-08-23,1000000.00,4.115624,102.30078125
08:00:02,912810UC0,TSRYS5860825,D,S,D,2024-08-23,1000000.00,4.116073,102.29296875
08:00:02,912810UC0,TSRYS5860825,D,S,D,2024-08-23,1000000.00,4.115848,102.296875
08:00:02,912810UC0,TSRYS5860825,D,S,D,2024-08-23,1000000.00,4.115848,102.296875
08:00:02,912810UC0,TSRYS5860825,D,S,D,2024-08-23,1000000.00,4.116297,102.2890625
08:00:02,912810UC0,TSRYS5860825,D,S,D,2024-08-23,1000000.00,4.118205,102.255859375
08:00:02,912810UC0,TSRYS5860825,D,S,D,2024-08-23,1000000.00,4.116858,102.279296875
08:00:02,912810UC0,TSRYS5860825,D,S,D,2024-08-23,1000000.00,4.122136,102.1875
08:00:02,912810UC0,TSRYS5860825,D,S,T,2024-08-23,1000000.00,4.123935,102.15625
08:00:02,912810UC0,TSRYS5860825,D,S,D,2024-08-23,1000000.00,4.122474,102.181640625
08:00:02,912810UC0,TSRYS5860825,D,S,T,2024-08-23,1000000.00,4.11944,102.234375
08:00:02,912810UC0,TSRYS5860825,D,S,D,2024-08-23,1000000.00,4.131136,102.03125
08:00:02,912810UC0,TSRYS5860825,D,S,D,2024-08-23,1000000.00,4.131361,102.02734375
08:00:02,912810UC0,TSRYS5860825,D,S,D,2024-08-23,1000000.00,4.132262,102.01171875
08:00:02,912810UC0,TSRYS5860825,D,S,T,2024-08-23,1000000.00,4.120339,102.21875
08:00:02,912810UC0,TSRYS5860825,D,S,D,2024-08-23,1000000.00,4.127984,102.0859375
08:00:02,912810UC0,TSRYS5860825,D,S,D,2024-08-23,1000000.00,4.127984,102.0859375
08:00:02,912810UC0,TSRYS5860825,D,S,T,2024-08-23,1000000.00,4.127759,102.08984375
08:00:02,912810UC0,TSRYS5860825,D,S,D,2024-08-23,1000000.00,4.126184,102.1171875
08:00:02,912810UC0,TSRYS5860825,D,S,D,2024-08-23,1000000.00,4.126184,102.1171875
08:00:02,912810UC0,TSRYS5860825,D,S,D,2024-08-23,1000000.00,4.122361,102.18359375
08:00:02,912810UC0,TSRYS5860825,D,S,D,2024-08-23,1000000.00,4.122361,102.18359375
08:00:02,912810UC0,TSRYS5860825,D,S,D,2024-08-23,1000000.00,4.122361,102.18359375
08:00:02,912810UC0,TSRYS5860825,D,S,T,2024-08-23,1000000.00,4.122249,102.185546875
08:00:02,912810UC0,TSRYS5860825,D,B,C,2024-08-23,1000000.00,4.117195,102.2734375
08:00:02,912810UC0,TSRYS5860825,D,B,C,2024-08-23,1000000.00,4.118542,102.25
08:00:02,912810UC0,TSRYS5860825,D,B,C,2024-08-23,1000000.00,4.118542,102.25
08:00:02,912810UC0,TSRYS5860825,D,B,C,2024-08-23,1000000.00,4.118542,102.25
08:00:02,912810UC0,TSRYS5860825,D,S,T,2024-08-23,1000000.00,4.116746,102.28125
08:00:02,912810UC0,TSRYS5860825,D,S,T,2024-08-23,1000000.00,4.116746,102.28125
08:00:02,912810UC0,TSRYS5860825,D,S,T,2024-08-23,1000000.00,4.116522,102.28515625
08:00:02,912810UC0,TSRYS5860825,D,S,T,2024-08-23,1000000.00,4.118542,102.25
08:00:02,912810UC0,TSRYS5860825,D,S,D,2024-08-23,1000000.00,4.118767,102.24609375
08:00:03,912810UC0,TSRYS5860825,D,B,C,2024-08-23,1000000.00,4.122024,102.189453125
08:00:03,912810UC0,TSRYS5860825,D,B,C,2024-08-23,1000000.00,4.122024,102.189453125
08:00:03,912810UC0,TSRYS5860825,D,B,C,2024-08-23,1000000.00,4.122024,102.189453125
08:00:03,912810UC0,TSRYS5860825,D,B,C,2024-08-23,1000000.00,4.122024,102.189453125
08:00:03,912810UC0,TSRYS5860825,D,S,T,2024-08-23,1000000.00,4.120788,102.2109375
08:00:03,912810UC0,TSRYS5860825,D,S,D,2024-08-23,1000000.00,4.120788,102.2109375
08:00:03,912810UC0,TSRYS5860825,D,S,D,2024-08-23,1000000.00,4.120788,102.2109375
08:00:03,912810UC0,TSRYS5860825,D,S,D,2024-08-23,1000000.00,4.120564,102.21484375
08:00:03,912810UC0,TSRYS5860825,D,S,T,2024-08-23,1000000.00,4.123036,102.171875
08:00:03,912810UC0,TSRYS5860825,D,S,T,2024-08-23,1000000.00,4.123036,102.171875
08:00:07,912810UC0,TSRYS5860825,D,S,D,2024-08-23,1000000.00,4.129335,102.0625
08:00:08,912810UC0,TSRYS5860825,D,S,D,2024-08-23,1000000.00,4.129335,102.0625
08:00:08,912810UC0,TSRYS5860825,D,S,D,2024-08-23,1000000.00,4.129335,102.0625
08:00:08,912810UC0,TSRYS5860825,D,S,D,2024-08-23,1000000.00,4.129335,102.0625
08:00:08,912810UC0,TSRYS5860825,D,S,D,2024-08-23,1000000.00,4.129335,102.0625
08:00:08,912810UC0,TSRYS5860825,D,B,C,2024-08-23,45000.00,4.117667,102.265225
08:00:08,912810UC0,TSRYS5860825,D,B,A,2024-08-23,1400000.00,4.117644,102.265625
08:00:11,912810UC0,TSRYS5860825,D,S,D,2024-08-23,1000000.00,4.117195,102.2734375
08:00:11,912810UC0,TSRYS5860825,D,S,T,2024-08-23,1000000.00,4.117419,102.26953125
08:00:11,912810UC0,TSRYS5860825,D,S,D,2024-08-23,1000000.00,4.125734,102.125
08:00:11,912810UC0,TSRYS5860825,D,S,T,2024-08-23,1000000.00,4.118542,102.25
08:00:11,912810UC0,TSRYS5860825,D,S,T,2024-08-23,1000000.00,4.117644,102.265625
08:00:11,912810UC0,TSRYS5860825,D,S,T,2024-08-23,1000000.00,4.117644,102.265625
08:00:11,912810UC0,TSRYS5860825,D,S,T,2024-08-23,1000000.00,4.115848,102.296875
08:00:11,912810UC0,TSRYS5860825,D,S,T,2024-08-23,1000000.00,4.117419,102.26953125
08:00:11,912810UC0,TSRYS5860825,D,S,D,2024-08-23,1000000.00,4.117644,102.265625
08:00:11,912810UC0,TSRYS5860825,D,S,T,2024-08-23,1000000.00,4.117307,102.271484375
08:00:11,912810UC0,TSRYS5860825,D,S,T,2024-08-23,1000000.00,4.117644,102.265625
08:00:11,912810UC0,TSRYS5860825,D,S,T,2024-08-23,1000000.00,4.11944,102.234375
08:00:12,912810UC0,TSRYS5860825,D,S,T,2024-08-23,1000000.00,4.115175,102.30859375
08:00:12,912810UC0,TSRYS5860825,D,S,T,2024-08-23,1000000.00,4.123036,102.171875
08:00:12,912810UC0,TSRYS5860825,D,S,T,2024-08-23,1000000.00,4.123373,102.166015625
08:00:12,912810UC0,TSRYS5860825,D,S,T,2024-08-23,1000000.00,4.130235,102.046875
08:00:12,912810UC0,TSRYS5860825,D,S,T,2024-08-23,1000000.00,4.129672,102.056640625
08:00:12,912810UC0,TSRYS5860825,D,S,T,2024-08-23,1000000.00,4.122136,102.1875
08:00:12,912810UC0,TSRYS5860825,D,S,T,2024-08-23,1000000.00,4.125734,102.125
08:00:12,912810UC0,TSRYS5860825,D,S,T,2024-08-23,1000000.00,4.125734,102.125
08:00:12,912810UC0,TSRYS5860825,D,S,T,2024-08-23,1000000.00,4.127646,102.091796875
08:00:12,912810UC0,TSRYS5860825,D,S,T,2024-08-23,2000000.00,4.127534,102.09375
08:00:12,912810UC0,TSRYS5860825,D,S,T,2024-08-23,1000000.00,4.117419,102.26953125
08:00:12,912810UC0,TSRYS5860825,D,S,T,2024-08-23,1000000.00,4.116746,102.28125
08:00:12,912810UC0,TSRYS5860825,D,S,T,2024-08-23,1000000.00,4.117083,102.275390625
08:00:12,912810UC0,TSRYS5860825,D,S,T,2024-08-23,1000000.00,4.121238,102.203125
08:00:12,912810UC0,TSRYS5860825,D,S,T,2024-08-23,1000000.00,4.120339,102.21875
08:00:12,912810UC0,TSRYS5860825,D,S,D,2024-08-23,1000000.00,4.116746,102.28125
08:00:12,912810UC0,TSRYS5860825,D,S,D,2024-08-23,1000000.00,4.117644,102.265625
08:00:12,912810UC0,TSRYS5860825,D,S,T,2024-08-23,1000000.00,4.11944,102.234375
08:00:13,912810UC0,TSRYS5860825,D,S,D,2024-08-23,27000000.00,4.127534,102.09375
08:00:13,912810UC0,TSRYS5860825,D,S,A,2024-08-23,1000000.00,4.114726,102.31640625
08:00:13,912810UC0,TSRYS5860825,D,B,A,2024-08-23,1000000.00,4.114974,102.3121
08:00:13,912810UC0,TSRYS5860825,D,S,D,2024-08-23,5000000.00,4.118093,102.2578125
08:00:13,912810UC0,TSRYS5860825,D,S,D,2024-08-23,5000000.00,4.117868,102.26171875
08:00:13,912810UC0,TSRYS5860825,D,S,D,2024-08-23,1000000.00,4.11944,102.234375
08:00:14,912810UC0,TSRYS5860825,D,S,T,2024-08-23,1000000.00,4.11944,102.234375
08:00:14,912810UC0,TSRYS5860825,D,S,T,2024-08-23,1000000.00,4.122361,102.18359375
08:00:15,912810UC0,TSRYS5860825,D,S,D,2024-08-23,1000000.00,4.118991,102.2421875
08:00:15,912810UC0,TSRYS5860825,D,S,T,2024-08-23,1000000.00,4.122136,102.1875
08:00:15,912810UC0,TSRYS5860825,D,S,T,2024-08-23,1000000.00,4.122136,102.1875
08:00:15,912810UC0,TSRYS5860825,D,S,T,2024-08-23,1000000.00,4.121238,102.203125
08:00:16,912810UC0,TSRYS5860825,D,S,T,2024-08-23,1000000.00,4.122136,102.1875
08:00:16,912810UC0,TSRYS5860825,D,S,T,2024-08-23,2000000.00,4.116746,102.28125
08:00:17,912810UC0,TSRYS5860825,D,S,A,2024-08-23,61000.00,4.11944,102.234375
08:00:18,912810UC0,TSRYS5860825,D,S,D,2024-08-23,4000000.00,4.125959,102.12109375
08:00:18,912810UC0,TSRYS5860825,D,S,T,2024-08-23,1000000.00,4.116746,102.28125
08:00:20,912810UC0,TSRYS5860825,D,S,D,2024-08-23,2000000.00,4.11944,102.234375
08:00:20,912810UC0,TSRYS5860825,D,S,C,2024-08-23,1000000.00,4.118093,102.2578125
08:00:20,912810UC0,TSRYS5860825,D,S,C,2024-08-23,1000000.00,4.118093,102.2578125
08:00:20,912810UC0,TSRYS5860825,D,S,C,2024-08-23,1000000.00,4.118093,102.2578125
08:00:20,912810UC0,TSRYS5860825,D,S,C,2024-08-23,1000000.00,4.118093,102.2578125
08:00:20,912810UC0,TSRYS5860825,D,S,C,2024-08-23,1000000.00,4.117644,102.265625
08:00:20,912810UC0,TSRYS5860825,D,S,C,2024-08-23,1000000.00,4.115624,102.30078125
08:00:20,912810UC0,TSRYS5860825,D,S,C,2024-08-23,1000000.00,4.116073,102.29296875
08:00:20,912810UC0,TSRYS5860825,D,S,C,2024-08-23,1000000.00,4.115848,102.296875
08:00:20,912810UC0,TSRYS5860825,D,S,C,2024-08-23,1000000.00,4.115848,102.296875
08:00:20,912810UC0,TSRYS5860825,D,S,C,2024-08-23,1000000.00,4.115848,102.296875
08:00:20,912810UC0,TSRYS5860825,D,S,C,2024-08-23,1000000.00,4.116297,102.2890625
08:00:20,912810UC0,TSRYS5860825,D,S,C,2024-08-23,1000000.00,4.115848,102.296875
08:00:20,912810UC0,TSRYS5860825,D,B,C,2024-08-23,1000000.00,4.115399,102.3046875
08:00:21,912810UC0,TSRYS5860825,D,B,C,2024-08-23,13000000.00,4.11944,102.234375
08:00:21,912810UC0,TSRYS5860825,D,S,D,2024-08-23,1000000.00,4.115399,102.3046875
08:00:21,912810UC0,TSRYS5860825,D,B,C,2024-08-23,1000000.00,4.117644,102.265625
08:00:21,912810UC0,TSRYS5860825,D,S,D,2024-08-23,1000000.00,4.117644,102.265625
08:00:21,912810UC0,TSRYS5860825,D,S,T,2024-08-23,1000000.00,4.124834,102.140625
08:00:22,912810UC0,TSRYS5860825,D,S,T,2024-08-23,1000000.00,4.129335,102.0625
08:00:22,912810UC0,TSRYS5860825,D,S,T,2024-08-23,1000000.00,4.129335,102.0625
08:00:22,912810UC0,TSRYS5860825,D,S,D,2024-08-23,1000000.00,4.125059,102.13671875
08:00:22,912810UC0,TSRYS5860825,D,S,T,2024-08-23,1000000.00,4.129335,102.0625
08:00:22,912810UC0,TSRYS5860825,D,S,T,2024-08-23,1000000.00,4.124947,102.138671875
08:00:22,912810UC0,TSRYS5860825,D,S,T,2024-08-23,1000000.00,4.129335,102.0625
08:00:22,912810UC0,TSRYS5860825,D,S,T,2024-08-23,1000000.00,4.129335,102.0625
08:00:22,912810UC0,TSRYS5860825,D,S,D,2024-08-23,1000000.00,4.125509,102.12890625
08:00:23,912810UC0,TSRYS5860825,D,S,D,2024-08-23,1000000.00,4.125734,102.125
08:00:23,912810UC0,TSRYS5860825,D,S,T,2024-08-23,1000000.00,4.124272,102.150390625
08:00:23,912810UC0,TSRYS5860825,D,S,D,2024-08-23,1000000.00,4.125734,102.125
08:00:23,912810UC0,TSRYS5860825,D,S,D,2024-08-23,1000000.00,4.124834,102.140625
08:00:23,912810UC0,TSRYS5860825,D,S,D,2024-08-23,1000000.00,4.124834,102.140625
08:00:23,912810UC0,TSRYS5860825,D,S,D,2024-08-23,1000000.00,4.124834,102.140625
08:00:23,912810UC0,TSRYS5860825,D,S,D,2024-08-23,1000000.00,4.124834,102.140625
08:00:23,912810UC0,TSRYS5860825,D,S,T,2024-08-23,1000000.00,4.124834,102.140625
08:00:23,912810UC0,TSRYS5860825,D,S,D,2024-08-23,1000000.00,4.11944,102.234375
08:00:23,912810UC0,TSRYS5860825,D,S,T,2024-08-23,1000000.00,4.124834,102.140625
08:00:24,912810UC0,TSRYS5860825,D,S,D,2024-08-23,1000000.00,4.118991,102.2421875
08:00:24,912810UC0,TSRYS5860825,D,S,D,2024-08-23,1000000.00,4.125059,102.13671875
08:00:24,912810UC0,TSRYS5860825,D,S,D,2024-08-23,1000000.00,4.124834,102.140625
08:00:24,912810UC0,TSRYS5860825,D,S,D,2024-08-23,1000000.00,4.124834,102.140625
08:00:24,912810UC0,TSRYS5860825,D,S,D,2024-08-23,1000000.00,4.12326,102.16796875
08:00:24,912810UC0,TSRYS5860825,D,S,D,2024-08-23,1000000.00,4.123036,102.171875
08:00:24,912810UC0,TSRYS5860825,D,S,D,2024-08-23,1000000.00,4.123485,102.1640625
08:00:24,912810UC0,TSRYS5860825,D,S,D,2024-08-23,1000000.00,4.12326,102.16796875
08:00:24,912810UC0,TSRYS5860825,D,S,D,2024-08-23,1000000.00,4.122361,102.18359375
08:00:24,912810UC0,TSRYS5860825,D,S,T,2024-08-23,1000000.00,4.124834,102.140625
08:00:24,912810UC0,TSRYS5860825,D,S,T,2024-08-23,1000000.00,4.123036,102.171875
08:00:24,912810UC0,TSRYS5860825,D,S,T,2024-08-23,1000000.00,4.124272,102.150390625
08:00:24,912810UC0,TSRYS5860825,D,S,D,2024-08-23,1000000.00,4.124834,102.140625
08:00:25,912810UC0,TSRYS5860825,D,S,T,2024-08-23,1000000.00,4.124834,102.140625
08:00:25,912810UC0,TSRYS5860825,D,S,T,2024-08-23,1000000.00,4.124834,102.140625
08:00:25,912810UC0,TSRYS5860825,D,S,D,2024-08-23,1000000.00,4.122361,102.18359375
08:00:25,912810UC0,TSRYS5860825,D,S,D,2024-08-23,1000000.00,4.11944,102.234375
08:00:25,912810UC0,TSRYS5860825,D,S,T,2024-08-23,1000000.00,4.11944,102.234375
08:00:26,912810UC0,TSRYS5860825,D,S,T,2024-08-23,1000000.00,4.11944,102.234375
08:00:26,912810UC0,TSRYS5860825,D,S,D,2024-08-23,45000.00,4.117667,102.265225
08:00:26,912810UC0,TSRYS5860825,D,B,A,2024-08-23,45000.00,4.117667,102.25411388889
08:00:26,912810UC0,TSRYS5860825,D,S,D,2024-08-23,1000000.00,4.124834,102.140625
08:00:26,912810UC0,TSRYS5860825,D,S,T,2024-08-23,1000000.00,4.12326,102.16796875
08:00:26,912810UC0,TSRYS5860825,D,S,D,2024-08-23,1000000.00,4.12326,102.16796875
08:00:26,912810UC0,TSRYS5860825,D,S,T,2024-08-23,1000000.00,4.123036,102.171875
08:00:27,912810UC0,TSRYS5860825,D,S,D,2024-08-23,1000000.00,4.124834,102.140625
08:00:27,912810UC0,TSRYS5860825,D,S,D,2024-08-23,1000000.00,4.124834,102.140625
08:00:27,912810UC0,TSRYS5860825,D,S,D,2024-08-23,1000000.00,4.124834,102.140625
08:00:27,912810UC0,TSRYS5860825,D,S,D,2024-08-23,1000000.00,4.124834,102.140625
08:00:27,912810UC0,TSRYS5860825,D,S,D,2024-08-23,1000000.00,4.124834,102.140625
08:00:27,912810UC0,TSRYS5860825,D,S,D,2024-08-23,8000000.00,4.122586,102.1796875
08:00:27,912810UC0,TSRYS5860825,D,S,D,2024-08-23,2000000.00,4.122811,102.17578125
08:00:27,912810UC0,TSRYS5860825,D,S,D,2024-08-23,1000000.00,4.120901,102.208984375
08:00:27,912810UC0,TSRYS5860825,D,S,D,2024-08-23,1000000.00,4.120339,102.21875
08:00:27,912810UC0,TSRYS5860825,D,S,D,2024-08-23,1000000.00,4.120114,102.22265625
08:00:27,912810UC0,TSRYS5860825,D,S,D,2024-08-23,1000000.00,4.120227,102.220703125
08:00:27,912810UC0,TSRYS5860825,D,S,D,2024-08-23,1000000.00,4.120339,102.21875
08:00:27,912810UC0,TSRYS5860825,D,S,D,2024-08-23,1000000.00,4.120114,102.22265625
08:00:27,912810UC0,TSRYS5860825,D,S,D,2024-08-23,1000000.00,4.120676,102.212890625
08:00:27,912810UC0,TSRYS5860825,D,S,T,2024-08-23,1000000.00,4.11944,102.234375
08:00:27,912810UC0,TSRYS5860825,D,S,D,2024-08-23,1000000.00,4.124272,102.150390625
08:00:27,912810UC0,TSRYS5860825,D,S,D,2024-08-23,1000000.00,4.116746,102.28125
08:00:27,912810UC0,TSRYS5860825,D,S,D,2024-08-23,1000000.00,4.117644,102.265625
08:00:27,912810UC0,TSRYS5860825,D,S,D,2024-08-23,1000000.00,4.116073,102.29296875
08:00:27,912810UC0,TSRYS5860825,D,S,D,2024-08-23,1000000.00,4.124272,102.150390625
08:00:27,912810UC0,TSRYS5860825,D,S,D,2024-08-23,1000000.00,4.124272,102.150390625
08:00:27,912810UC0,TSRYS5860825,D,S,D,2024-08-23,1000000.00,4.124272,102.150390625
08:00:27,912810UC0,TSRYS5860825,D,S,D,2024-08-23,1000000.00,4.124272,102.150390625
08:00:27,912810UC0,TSRYS5860825,D,S,D,2024-08-23,1000000.00,4.124272,102.150390625
08:00:27,912810UC0,TSRYS5860825,D,S,D,2024-08-23,1000000.00,4.124272,102.150390625
08:00:27,912810UC0,TSRYS5860825,D,S,T,2024-08-23,1000000.00,4.11944,102.234375
08:00:28,912810UC0,TSRYS5860825,D,B,A,2024-08-23,50MM+,4.1163,102.28901205474
08:00:28,912810UC0,TSRYS5860825,D,S,T,2024-08-23,1000000.00,4.123935,102.15625
08:00:28,912810UC0,TSRYS5860825,D,S,C,2024-08-23,10000000.00,4.119428,102.234375
08:00:29,912810UC0,TSRYS5860825,D,S,D,2024-08-23,1000000.00,4.116297,102.2890625
08:00:29,912810UC0,TSRYS5860825,D,S,T,2024-08-23,1000000.00,4.120339,102.21875
08:00:29,912810UC0,TSRYS5860825,D,S,T,2024-08-23,1000000.00,4.11944,102.234375
08:00:29,912810UC0,TSRYS5860825,D,S,T,2024-08-23,1000000.00,4.11944,102.234375
08:00:29,912810UC0,TSRYS5860825,D,S,T,2024-08-23,1000000.00,4.11944,102.234375
08:00:29,912810UC0,TSRYS5860825,D,S,T,2024-08-23,1000000.00,4.114951,102.3125
08:00:29,912810UC0,TSRYS5860825,D,S,T,2024-08-23,1000000.00,4.117644,102.265625
08:00:29,912810UC0,TSRYS5860825,D,S,T,2024-08-23,1000000.00,4.11944,102.234375
08:00:29,912810UC0,TSRYS5860825,D,S,T,2024-08-23,1000000.00,4.127534,102.09375
08:00:29,912810UC0,TSRYS5860825,D,S,T,2024-08-23,1000000.00,4.124834,102.140625
08:00:29,912810UC0,TSRYS5860825,D,S,T,2024-08-23,1000000.00,4.117195,102.2734375
08:00:29,912810UC0,TSRYS5860825,D,S,D,2024-08-23,1000000.00,4.118093,102.2578125
08:00:29,912810UC0,TSRYS5860825,D,S,D,2024-08-23,1000000.00,4.118093,102.2578125
08:00:29,912810UC0,TSRYS5860825,D,S,D,2024-08-23,1000000.00,4.117644,102.265625
08:00:29,912810UC0,TSRYS5860825,D,S,D,2024-08-23,1000000.00,4.118542,102.25
08:00:29,912810UC0,TSRYS5860825,D,S,D,2024-08-23,3000000.00,4.116746,102.28125
08:00:29,912810UC0,TSRYS5860825,D,S,D,2024-08-23,1000000.00,4.122811,102.17578125
08:00:29,912810UC0,TSRYS5860825,D,S,D,2024-08-23,3000000.00,4.128434,102.078125
08:00:29,912810UC0,TSRYS5860825,D,S,D,2024-08-23,3000000.00,4.128434,102.078125
08:00:29,912810UC0,TSRYS5860825,D,S,T,2024-08-23,1000000.00,4.123036,102.171875
08:00:30,912810UC0,TSRYS5860825,D,S,T,2024-08-23,1000000.00,4.11944,102.234375
08:00:30,912810UC0,TSRYS5860825,D,S,T,2024-08-23,1000000.00,4.11944,102.234375
08:00:30,912810UC0,TSRYS5860825,D,S,T,2024-08-23,1000000.00,4.11944,102.234375
08:00:30,912810UC0,TSRYS5860825,D,S,T,2024-08-23,1000000.00,4.11944,102.234375
08:00:30,912810UC0,TSRYS5860825,D,S,T,2024-08-23,1000000.00,4.11944,102.234375
08:00:30,912810UC0,TSRYS5860825,D,S,T,2024-08-23,1000000.00,4.11944,102.234375
08:00:30,912810UC0,TSRYS5860825,D,S,T,2024-08-23,1000000.00,4.120339,102.21875
08:00:30,912810UC0,TSRYS5860825,D,S,T,2024-08-23,1000000.00,4.120339,102.21875
08:00:30,912810UC0,TSRYS5860825,D,S,T,2024-08-23,1000000.00,4.120339,102.21875
08:00:30,912810UC0,TSRYS5860825,D,S,T,2024-08-23,1000000.00,4.120339,102.21875
08:00:30,912810UC0,TSRYS5860825,D,S,T,2024-08-23,1000000.00,4.120339,102.21875
08:00:30,912810UC0,TSRYS5860825,D,S,T,2024-08-23,1000000.00,4.120339,102.21875
08:00:30,912810UC0,TSRYS5860825,D,S,T,2024-08-23,1000000.00,4.120339,102.21875
08:00:30,912810UC0,TSRYS5860825,D,S,T,2024-08-23,1000000.00,4.121238,102.203125
08:00:30,912810UC0,TSRYS5860825,D,S,T,2024-08-23,1000000.00,4.11944,102.234375
08:00:30,912810UC0,TSRYS5860825,D,S,T,2024-08-23,1000000.00,4.120339,102.21875
08:00:30,912810UC0,TSRYS5860825,D,S,T,2024-08-23,1000000.00,4.120339,102.21875
08:00:30,912810UC0,TSRYS5860825,D,S,T,2024-08-23,1000000.00,4.121238,102.203125
08:00:30,912810UC0,TSRYS5860825,D,S,T,2024-08-23,1000000.00,4.12416,102.15234375
08:00:30,912810UC0,TSRYS5860825,D,S,D,2024-08-23,500000.00,4.117195,102.2734375
08:00:30,912810UC0,TSRYS5860825,D,S,T,2024-08-23,1000000.00,4.122136,102.1875
08:00:30,912810UC0,TSRYS5860825,D,S,T,2024-08-23,1000000.00,4.123036,102.171875
08:00:30,912810UC0,TSRYS5860825,D,S,T,2024-08-23,1000000.00,4.123036,102.171875
08:00:30,912810UC0,TSRYS5860825,D,S,T,2024-08-23,1000000.00,4.123036,102.171875
08:00:30,912810UC0,TSRYS5860825,D,S,T,2024-08-23,1000000.00,4.123935,102.15625
08:00:30,912810UC0,TSRYS5860825,D,S,T,2024-08-23,1000000.00,4.125734,102.125
08:00:30,912810UC0,TSRYS5860825,D,S,T,2024-08-23,1000000.00,4.125509,102.12890625
08:00:30,912810UC0,TSRYS5860825,D,S,T,2024-08-23,1000000.00,4.125734,102.125
08:00:30,912810UC0,TSRYS5860825,D,S,T,2024-08-23,1000000.00,4.125734,102.125
08:00:30,912810UC0,TSRYS5860825,D,S,T,2024-08-23,2000000.00,4.125734,102.125
08:00:30,912810UC0,TSRYS5860825,D,S,D,2024-08-23,1000000.00,4.125509,102.12890625
08:00:30,912810UC0,TSRYS5860825,D,S,T,2024-08-23,1000000.00,4.126409,102.11328125
08:00:30,912810UC0,TSRYS5860825,D,S,T,2024-08-23,1000000.00,4.122136,102.1875
08:00:30,912810UC0,TSRYS5860825,D,S,T,2024-08-23,1000000.00,4.123036,102.171875
08:00:30,912810UC0,TSRYS5860825,D,S,T,2024-08-23,1000000.00,4.117644,102.265625
08:00:30,912810UC0,TSRYS5860825,D,S,T,2024-08-23,1000000.00,4.117644,102.265625
08:00:30,912810UC0,TSRYS5860825,D,S,T,2024-08-23,1000000.00,4.115848,102.296875
08:00:30,912810UC0,TSRYS5860825,D,S,T,2024-08-23,1000000.00,4.115848,102.296875
08:00:30,912810UC0,TSRYS5860825,D,S,T,2024-08-23,1000000.00,4.117644,102.265625
08:00:30,912810UC0,TSRYS5860825,D,S,T,2024-08-23,1000000.00,4.118542,102.25
08:00:30,912810UC0,TSRYS5860825,D,S,T,2024-08-23,1000000.00,4.117644,102.265625
08:00:30,912810UC0,TSRYS5860825,D,S,T,2024-08-23,1000000.00,4.117644,102.265625
08:00:30,912810UC0,TSRYS5860825,D,S,T,2024-08-23,1000000.00,4.117644,102.265625
08:00:30,912810UC0,TSRYS5860825,D,S,T,2024-08-23,1000000.00,4.117644,102.265625
08:00:30,912810UC0,TSRYS5860825,D,S,T,2024-08-23,1000000.00,4.117644,102.265625
08:00:30,912810UC0,TSRYS5860825,D,S,T,2024-08-23,1000000.00,4.117644,102.265625
08:00:30,912810UC0,TSRYS5860825,D,S,T,2024-08-23,1000000.00,4.117644,102.265625
08:00:30,912810UC0,TSRYS5860825,D,S,T,2024-08-23,1000000.00,4.116746,102.28125
08:00:30,912810UC0,TSRYS5860825,D,S,D,2024-08-23,1000000.00,4.12371,102.16015625
08:00:30,912810UC0,TSRYS5860825,D,S,T,2024-08-23,1000000.00,4.124385,102.1484375
08:00:30,912810UC0,TSRYS5860825,D,S,T,2024-08-23,1000000.00,4.12416,102.15234375
08:00:30,912810UC0,TSRYS5860825,D,S,T,2024-08-23,1000000.00,4.12416,102.15234375
08:00:30,912810UC0,TSRYS5860825,D,S,T,2024-08-23,1000000.00,4.123935,102.15625
08:00:30,912810UC0,TSRYS5860825,D,S,D,2024-08-23,1000000.00,4.122586,102.1796875
08:00:30,912810UC0,TSRYS5860825,D,S,T,2024-08-23,1000000.00,4.123036,102.171875
08:00:30,912810UC0,TSRYS5860825,D,S,T,2024-08-23,1000000.00,4.123036,102.171875
08:00:30,912810UC0,TSRYS5860825,D,S,T,2024-08-23,1000000.00,4.123036,102.171875
08:00:30,912810UC0,TSRYS5860825,D,S,D,2024-08-23,1000000.00,4.12371,102.16015625
08:00:30,912810UC0,TSRYS5860825,D,S,D,2024-08-23,1000000.00,4.12371,102.16015625
08:00:30,912810UC0,TSRYS5860825,D,S,T,2024-08-23,1000000.00,4.123935,102.15625
08:00:30,912810UC0,TSRYS5860825,D,S,D,2024-08-23,1000000.00,4.123935,102.15625
08:00:30,912810UC0,TSRYS5860825,D,S,D,2024-08-23,1000000.00,4.123935,102.15625
08:00:30,912810UC0,TSRYS5860825,D,S,D,2024-08-23,1000000.00,4.122586,102.1796875
08:00:30,912810UC0,TSRYS5860825,D,S,D,2024-08-23,1000000.00,4.122361,102.18359375
08:00:30,912810UC0,TSRYS5860825,D,S,D,2024-08-23,1000000.00,4.121238,102.203125
08:00:30,912810UC0,TSRYS5860825,D,S,T,2024-08-23,1000000.00,4.122136,102.1875
08:00:30,912810UC0,TSRYS5860825,D,S,D,2024-08-23,1000000.00,4.12371,102.16015625
08:00:30,912810UC0,TSRYS5860825,D,S,D,2024-08-23,1000000.00,4.121238,102.203125
08:00:30,912810UC0,TSRYS5860825,D,S,D,2024-08-23,1000000.00,4.121238,102.203125
08:00:30,912810UC0,TSRYS5860825,D,S,T,2024-08-23,1000000.00,4.121238,102.203125
08:00:30,912810UC0,TSRYS5860825,D,S,T,2024-08-23,1000000.00,4.121687,102.1953125
08:00:30,912810UC0,TSRYS5860825,D,S,D,2024-08-23,1000000.00,4.121013,102.20703125
08:00:30,912810UC0,TSRYS5860825,D,S,D,2024-08-23,1000000.00,4.121013,102.20703125
08:00:30,912810UC0,TSRYS5860825,D,S,D,2024-08-23,1000000.00,4.121013,102.20703125
08:00:30,912810UC0,TSRYS5860825,D,S,D,2024-08-23,1000000.00,4.121013,102.20703125
08:00:30,912810UC0,TSRYS5860825,D,S,D,2024-08-23,1000000.00,4.121013,102.20703125
08:00:30,912810UC0,TSRYS5860825,D,S,D,2024-08-23,1000000.00,4.121013,102.20703125
08:00:30,912810UC0,TSRYS5860825,D,S,D,2024-08-23,1000000.00,4.121013,102.20703125
08:00:30,912810UC0,TSRYS5860825,D,S,T,2024-08-23,1000000.00,4.115848,102.296875
08:00:30,912810UC0,TSRYS5860825,D,S,T,2024-08-23,1000000.00,4.115175,102.30859375
08:00:30,912810UC0,TSRYS5860825,D,S,T,2024-08-23,1000000.00,4.117419,102.26953125
08:00:30,912810UC0,TSRYS5860825,D,S,T,2024-08-23,1000000.00,4.116858,102.279296875
08:00:30,912810UC0,TSRYS5860825,D,S,T,2024-08-23,1000000.00,4.117644,102.265625
08:00:30,912810UC0,TSRYS5860825,D,S,T,2024-08-23,1000000.00,4.122136,102.1875
08:00:30,912810UC0,TSRYS5860825,D,S,T,2024-08-23,1000000.00,4.116073,102.29296875
08:00:30,912810UC0,TSRYS5860825,D,S,T,2024-08-23,1000000.00,4.116073,102.29296875
08:00:30,912810UC0,TSRYS5860825,D,S,T,2024-08-23,1000000.00,4.117756,102.263671875
08:00:30,912810UC0,TSRYS5860825,D,S,T,2024-08-23,1000000.00,4.116073,102.29296875
08:00:30,912810UC0,TSRYS5860825,D,S,T,2024-08-23,1000000.00,4.117644,102.265625
08:00:30,912810UC0,TSRYS5860825,D,S,D,2024-08-23,500000.00,4.118542,102.25
08:00:30,912810UC0,TSRYS5860825,D,S,T,2024-08-23,1000000.00,4.120339,102.21875
08:00:30,912810UC0,TSRYS5860825,D,S,T,2024-08-23,1000000.00,4.116746,102.28125
08:00:30,912810UC0,TSRYS5860825,D,S,T,2024-08-23,1000000.00,4.114278,102.32421875
08:00:30,912810UC0,TSRYS5860825,D,S,T,2024-08-23,1000000.00,4.115848,102.296875
08:00:30,912810UC0,TSRYS5860825,D,S,T,2024-08-23,1000000.00,4.114951,102.3125
08:00:30,912810UC0,TSRYS5860825,D,S,T,2024-08-23,1000000.00,4.116746,102.28125
08:00:30,912810UC0,TSRYS5860825,D,S,T,2024-08-23,1000000.00,4.118542,102.25
08:00:30,912810UC0,TSRYS5860825,D,S,T,2024-08-23,1000000.00,4.118542,102.25
08:00:30,912810UC0,TSRYS5860825,D,S,T,2024-08-23,1000000.00,4.11944,102.234375
08:00:30,912810UC0,TSRYS5860825,D,S,T,2024-08-23,1000000.00,4.11944,102.234375
08:00:30,912810UC0,TSRYS5860825,D,S,T,2024-08-23,1000000.00,4.122136,102.1875
08:00:30,912810UC0,TSRYS5860825,D,S,T,2024-08-23,1000000.00,4.122136,102.1875
08:00:30,912810UC0,TSRYS5860825,D,S,T,2024-08-23,1000000.00,4.122136,102.1875
08:00:30,912810UC0,TSRYS5860825,D,S,T,2024-08-23,1000000.00,4.122136,102.1875
08:00:30,912810UC0,TSRYS5860825,D,S,T,2024-08-23,1000000.00,4.123036,102.171875
08:00:30,912810UC0,TSRYS5860825,D,S,T,2024-08-23,1000000.00,4.123036,102.171875
08:00:30,912810UC0,TSRYS5860825,D,S,T,2024-08-23,1000000.00,4.119103,102.240234375
08:00:30,912810UC0,TSRYS5860825,D,S,T,2024-08-23,1000000.00,4.118991,102.2421875
08:00:30,912810UC0,TSRYS5860825,D,S,T,2024-08-23,1000000.00,4.118879,102.244140625
08:00:30,912810UC0,TSRYS5860825,D,S,T,2024-08-23,1000000.00,4.118767,102.24609375
08:00:30,912810UC0,TSRYS5860825,D,S,T,2024-08-23,1000000.00,4.118654,102.248046875
08:00:30,912810UC0,TSRYS5860825,D,S,T,2024-08-23,1000000.00,4.122136,102.1875
08:00:30,912810UC0,TSRYS5860825,D,S,T,2024-08-23,1000000.00,4.127534,102.09375
08:00:31,912810UC0,TSRYS5860825,D,S,T,2024-08-23,1000000.00,4.132262,102.01171875
08:00:31,912810UC0,TSRYS5860825,D,S,T,2024-08-23,1000000.00,4.130235,102.046875
08:00:31,912810UC0,TSRYS5860825,D,S,T,2024-08-23,1000000.00,4.130235,102.046875
08:00:31,912810UC0,TSRYS5860825,D,S,T,2024-08-23,1000000.00,4.130235,102.046875
08:00:31,912810UC0,TSRYS5860825,D,S,T,2024-08-23,1000000.00,4.125734,102.125
08:00:31,912810UC0,TSRYS5860825,D,S,T,2024-08-23,1000000.00,4.125734,102.125
08:00:31,912810UC0,TSRYS5860825,D,S,T,2024-08-23,1000000.00,4.126634,102.109375
08:00:31,912810UC0,TSRYS5860825,D,S,T,2024-08-23,1000000.00,4.127534,102.09375
08:00:31,912810UC0,TSRYS5860825,D,S,T,2024-08-23,1000000.00,4.128434,102.078125
08:00:31,912810UC0,TSRYS5860825,D,S,T,2024-08-23,1000000.00,4.129335,102.0625
08:00:31,912810UC0,TSRYS5860825,D,S,T,2024-08-23,1000000.00,4.129335,102.0625
08:00:31,912810UC0,TSRYS5860825,D,S,T,2024-08-23,1000000.00,4.132037,102.015625
08:00:31,912810UC0,TSRYS5860825,D,S,T,2024-08-23,1000000.00,4.126296,102.115234375
08:00:31,912810UC0,TSRYS5860825,D,S,T,2024-08-23,1000000.00,4.126184,102.1171875
08:00:31,912810UC0,TSRYS5860825,D,S,T,2024-08-23,1000000.00,4.126071,102.119140625
08:00:31,912810UC0,TSRYS5860825,D,S,T,2024-08-23,1000000.00,4.127534,102.09375
08:00:31,912810UC0,TSRYS5860825,D,S,T,2024-08-23,1000000.00,4.128434,102.078125
08:00:31,912810UC0,TSRYS5860825,D,S,T,2024-08-23,1000000.00,4.128997,102.068359375
08:00:31,912810UC0,TSRYS5860825,D,S,T,2024-08-23,1000000.00,4.128434,102.078125
08:00:31,912810UC0,TSRYS5860825,D,S,T,2024-08-23,1000000.00,4.129335,102.0625
08:00:31,912810UC0,TSRYS5860825,D,S,T,2024-08-23,1000000.00,4.129335,102.0625
08:00:31,912810UC0,TSRYS5860825,D,S,T,2024-08-23,1000000.00,4.125734,102.125
08:00:31,912810UC0,TSRYS5860825,D,S,T,2024-08-23,1000000.00,4.125734,102.125
08:00:31,912810UC0,TSRYS5860825,D,S,T,2024-08-23,1000000.00,4.126634,102.109375
08:00:31,912810UC0,TSRYS5860825,D,S,T,2024-08-23,1000000.00,4.126634,102.109375
08:00:31,912810UC0,TSRYS5860825,D,S,T,2024-08-23,1000000.00,4.127534,102.09375
08:00:31,912810UC0,TSRYS5860825,D,S,D,2024-08-23,1000000.00,4.125284,102.1328125
08:00:31,912810UC0,TSRYS5860825,D,S,D,2024-08-23,1000000.00,4.126184,102.1171875
08:00:31,912810UC0,TSRYS5860825,D,S,D,2024-08-23,1000000.00,4.126184,102.1171875
08:00:31,912810UC0,TSRYS5860825,D,S,D,2024-08-23,1000000.00,4.126184,102.1171875
08:00:31,912810UC0,TSRYS5860825,D,S,T,2024-08-23,1000000.00,4.127309,102.09765625
08:00:31,912810UC0,TSRYS5860825,D,S,T,2024-08-23,1000000.00,4.125509,102.12890625
08:00:31,912810UC0,TSRYS5860825,D,S,T,2024-08-23,1000000.00,4.120901,102.208984375
08:00:31,912810UC0,TSRYS5860825,D,S,D,2024-08-23,1000000.00,4.120788,102.2109375
08:00:31,912810UC0,TSRYS5860825,D,S,D,2024-08-23,1000000.00,4.120564,102.21484375
08:00:31,912810UC0,TSRYS5860825,D,S,D,2024-08-23,1000000.00,4.121462,102.19921875
08:00:31,912810UC0,TSRYS5860825,D,S,T,2024-08-23,1000000.00,4.123935,102.15625
08:00:31,912810UC0,TSRYS5860825,D,S,T,2024-08-23,1000000.00,4.124272,102.150390625
08:00:31,912810UC0,TSRYS5860825,D,S,T,2024-08-23,1000000.00,4.124272,102.150390625
08:00:31,912810UC0,TSRYS5860825,D,S,T,2024-08-23,1000000.00,4.124272,102.150390625
08:00:31,912810UC0,TSRYS5860825,D,S,T,2024-08-23,1000000.00,4.124609,102.14453125
08:00:31,912810UC0,TSRYS5860825,D,S,T,2024-08-23,1000000.00,4.124722,102.142578125
08:00:31,912810UC0,TSRYS5860825,D,S,T,2024-08-23,1000000.00,4.128434,102.078125
08:00:31,912810UC0,TSRYS5860825,D,S,T,2024-08-23,1000000.00,4.127534,102.09375
08:00:31,912810UC0,TSRYS5860825,D,S,T,2024-08-23,1000000.00,4.127534,102.09375
08:00:31,912810UC0,TSRYS5860825,D,S,T,2024-08-23,1000000.00,4.128434,102.078125
08:00:31,912810UC0,TSRYS5860825,D,S,T,2024-08-23,1000000.00,4.128434,102.078125
08:00:31,912810UC0,TSRYS5860825,D,S,T,2024-08-23,1000000.00,4.128434,102.078125
08:00:31,912810UC0,TSRYS5860825,D,S,T,2024-08-23,1000000.00,4.129335,102.0625
08:00:31,912810UC0,TSRYS5860825,D,S,D,2024-08-23,1000000.00,4.127309,102.09765625
08:00:31,912810UC0,TSRYS5860825,D,S,D,2024-08-23,1000000.00,4.126409,102.11328125
08:00:31,912810UC0,TSRYS5860825,D,S,T,2024-08-23,1000000.00,4.126409,102.11328125
08:00:31,912810UC0,TSRYS5860825,D,S,T,2024-08-23,1000000.00,4.127534,102.09375
08:00:31,912810UC0,TSRYS5860825,D,S,T,2024-08-23,1000000.00,4.127534,102.09375
08:00:31,912810UC0,TSRYS5860825,D,S,T,2024-08-23,2000000.00,4.127534,102.09375
08:00:31,912810UC0,TSRYS5860825,D,S,T,2024-08-23,2000000.00,4.127534,102.09375
08:00:31,912810UC0,TSRYS5860825,D,S,T,2024-08-23,1000000.00,4.127534,102.09375
08:00:31,912810UC0,TSRYS5860825,D,S,T,2024-08-23,1000000.00,4.127534,102.09375
08:00:31,912810UC0,TSRYS5860825,D,S,T,2024-08-23,1000000.00,4.125846,102.123046875
08:00:31,912810UC0,TSRYS5860825,D,S,T,2024-08-23,1000000.00,4.123935,102.15625
08:00:31,912810UC0,TSRYS5860825,D,S,T,2024-08-23,1000000.00,4.122586,102.1796875
08:00:31,912810UC0,TSRYS5860825,D,S,T,2024-08-23,1000000.00,4.122474,102.181640625
08:00:31,912810UC0,TSRYS5860825,D,S,D,2024-08-23,1000000.00,4.117419,102.26953125
08:00:31,912810UC0,TSRYS5860825,D,S,T,2024-08-23,1000000.00,4.116746,102.28125
08:00:31,912810UC0,TSRYS5860825,D,S,T,2024-08-23,1000000.00,4.118542,102.25
08:00:31,912810UC0,TSRYS5860825,D,S,T,2024-08-23,1000000.00,4.117981,102.259765625
08:00:31,912810UC0,TSRYS5860825,D,S,T,2024-08-23,1000000.00,4.117644,102.265625
08:00:31,912810UC0,TSRYS5860825,D,S,T,2024-08-23,1000000.00,4.117419,102.26953125
08:00:31,912810UC0,TSRYS5860825,D,S,C,2024-08-23,1000000.00,4.131136,102.03125
08:00:31,912810UC0,TSRYS5860825,D,S,D,2024-08-23,1000000.00,4.115399,102.3046875
08:00:31,912810UC0,TSRYS5860825,D,S,T,2024-08-23,2000000.00,4.115848,102.296875
08:00:31,912810UC0,TSRYS5860825,D,S,T,2024-08-23,1000000.00,4.116858,102.279296875
08:00:31,912810UC0,TSRYS5860825,D,S,D,2024-08-23,1000000.00,4.117195,102.2734375
08:00:31,912810UC0,TSRYS5860825,D,S,T,2024-08-23,1000000.00,4.11944,102.234375
08:00:31,912810UC0,TSRYS5860825,D,S,T,2024-08-23,1000000.00,4.11944,102.234375
08:00:31,912810UC0,TSRYS5860825,D,S,T,2024-08-23,1000000.00,4.11944,102.234375
08:00:31,912810UC0,TSRYS5860825,D,S,T,2024-08-23,1000000.00,4.116746,102.28125
08:00:31,912810UC0,TSRYS5860825,D,S,T,2024-08-23,1000000.00,4.116746,102.28125
08:00:31,912810UC0,TSRYS5860825,D,S,T,2024-08-23,1000000.00,4.117195,102.2734375
08:00:31,912810UC0,TSRYS5860825,D,S,T,2024-08-23,1000000.00,4.118205,102.255859375
08:00:31,912810UC0,TSRYS5860825,D,S,T,2024-08-23,1000000.00,4.11944,102.234375
08:00:31,912810UC0,TSRYS5860825,D,S,T,2024-08-23,1000000.00,4.11944,102.234375
08:00:31,912810UC0,TSRYS5860825,D,S,C,2024-08-23,1000000.00,4.131136,102.03125
08:00:31,912810UC0,TSRYS5860825,D,S,T,2024-08-23,1000000.00,4.121238,102.203125
08:00:31,912810UC0,TSRYS5860825,D,S,T,2024-08-23,1000000.00,4.121238,102.203125
08:00:31,912810UC0,TSRYS5860825,D,S,T,2024-08-23,1000000.00,4.121238,102.203125
08:00:31,912810UC0,TSRYS5860825,D,S,T,2024-08-23,1000000.00,4.120339,102.21875
08:00:31,912810UC0,TSRYS5860825,D,S,T,2024-08-23,1000000.00,4.120339,102.21875
08:00:31,912810UC0,TSRYS5860825,D,S,D,2024-08-23,1000000.00,4.122136,102.1875
08:00:31,912810UC0,TSRYS5860825,D,S,T,2024-08-23,1000000.00,4.121912,102.19140625
08:00:31,912810UC0,TSRYS5860825,D,S,T,2024-08-23,1000000.00,4.121687,102.1953125
08:00:31,912810UC0,TSRYS5860825,D,S,T,2024-08-23,1000000.00,4.120676,102.212890625
08:00:31,912810UC0,TSRYS5860825,D,S,T,2024-08-23,1000000.00,4.120676,102.212890625
08:00:31,912810UC0,TSRYS5860825,D,S,T,2024-08-23,1000000.00,4.120676,102.212890625
08:00:31,912810UC0,TSRYS5860825,D,S,T,2024-08-23,1000000.00,4.121238,102.203125
08:00:31,912810UC0,TSRYS5860825,D,S,T,2024-08-23,1000000.00,4.121238,102.203125
08:00:31,912810UC0,TSRYS5860825,D,S,T,2024-08-23,1000000.00,4.125734,102.125
08:00:31,912810UC0,TSRYS5860825,D,S,T,2024-08-23,1000000.00,4.125734,102.125
08:00:31,912810UC0,TSRYS5860825,D,S,D,2024-08-23,1000000.00,4.123935,102.15625
08:00:31,912810UC0,TSRYS5860825,D,S,D,2024-08-23,1000000.00,4.115848,102.296875
08:00:31,912810UC0,TSRYS5860825,D,S,D,2024-08-23,1000000.00,4.115848,102.296875
08:00:31,912810UC0,TSRYS5860825,D,S,D,2024-08-23,1000000.00,4.117644,102.265625
08:00:31,912810UC0,TSRYS5860825,D,S,D,2024-08-23,1000000.00,4.121687,102.1953125
08:00:31,912810UC0,TSRYS5860825,D,S,D,2024-08-23,1000000.00,4.123935,102.15625
08:00:31,912810UC0,TSRYS5860825,D,S,D,2024-08-23,1000000.00,4.11944,102.234375
08:00:31,912810UC0,TSRYS5860825,D,S,D,2024-08-23,1000000.00,4.114726,102.31640625
08:00:31,912810UC0,TSRYS5860825,D,S,D,2024-08-23,1000000.00,4.121013,102.20703125
08:00:31,912810UC0,TSRYS5860825,D,S,D,2024-08-23,1000000.00,4.116073,102.29296875
08:00:31,912810UC0,TSRYS5860825,D,S,D,2024-08-23,1000000.00,4.115848,102.296875
08:00:31,912810UC0,TSRYS5860825,D,S,D,2024-08-23,1000000.00,4.116073,102.29296875
08:00:31,912810UC0,TSRYS5860825,D,S,D,2024-08-23,1000000.00,4.117644,102.265625
08:00:31,912810UC0,TSRYS5860825,D,S,D,2024-08-23,1000000.00,4.116073,102.29296875
08:00:31,912810UC0,TSRYS5860825,D,S,D,2024-08-23,1000000.00,4.115624,102.30078125
08:00:31,912810UC0,TSRYS5860825,D,S,D,2024-08-23,1000000.00,4.121912,102.19140625
08:00:31,912810UC0,TSRYS5860825,D,S,D,2024-08-23,1000000.00,4.122811,102.17578125
08:00:31,912810UC0,TSRYS5860825,D,S,D,2024-08-23,1000000.00,4.119216,102.23828125
08:00:31,912810UC0,TSRYS5860825,D,S,D,2024-08-23,1000000.00,4.132262,102.01171875
08:00:31,912810UC0,TSRYS5860825,D,S,D,2024-08-23,1000000.00,4.130686,102.0390625
08:00:31,912810UC0,TSRYS5860825,D,S,D,2024-08-23,1000000.00,4.12956,102.05859375
08:00:31,912810UC0,TSRYS5860825,D,S,D,2024-08-23,1000000.00,4.126634,102.109375
08:00:31,912810UC0,TSRYS5860825,D,S,D,2024-08-23,1000000.00,4.126634,102.109375
08:00:31,912810UC0,TSRYS5860825,D,S,D,2024-08-23,1000000.00,4.126859,102.10546875
08:00:31,912810UC0,TSRYS5860825,D,S,D,2024-08-23,1000000.00,4.120339,102.21875
08:00:31,912810UC0,TSRYS5860825,D,S,D,2024-08-23,1000000.00,4.128209,102.08203125
08:00:31,912810UC0,TSRYS5860825,D,S,D,2024-08-23,1000000.00,4.126634,102.109375
08:00:31,912810UC0,TSRYS5860825,D,S,D,2024-08-23,1000000.00,4.126184,102.1171875
08:00:31,912810UC0,TSRYS5860825,D,S,D,2024-08-23,1000000.00,4.125284,102.1328125
08:00:31,912810UC0,TSRYS5860825,D,S,D,2024-08-23,1000000.00,4.125284,102.1328125
08:00:31,912810UC0,TSRYS5860825,D,S,D,2024-08-23,1000000.00,4.124609,102.14453125
08:00:31,912810UC0,TSRYS5860825,D,S,D,2024-08-23,1000000.00,4.121912,102.19140625
08:00:31,912810UC0,TSRYS5860825,D,S,D,2024-08-23,1000000.00,4.11944,102.234375
08:00:32,912810UC0,TSRYS5860825,D,S,D,2024-08-23,1000000.00,4.11697,102.27734375
08:00:32,912810UC0,TSRYS5860825,D,S,D,2024-08-23,1000000.00,4.117195,102.2734375
08:00:32,912810UC0,TSRYS5860825,D,S,D,2024-08-23,1000000.00,4.117195,102.2734375
08:00:32,912810UC0,TSRYS5860825,D,S,D,2024-08-23,1000000.00,4.116746,102.28125
08:00:32,912810UC0,TSRYS5860825,D,S,D,2024-08-23,1000000.00,4.11697,102.27734375
08:00:32,912810UC0,TSRYS5860825,D,S,D,2024-08-23,1000000.00,4.115624,102.30078125
08:00:32,912810UC0,TSRYS5860825,D,S,D,2024-08-23,1000000.00,4.122361,102.18359375
08:00:32,912810UC0,TSRYS5860825,D,S,D,2024-08-23,1000000.00,4.11989,102.2265625
08:00:32,912810UC0,TSRYS5860825,D,S,D,2024-08-23,1000000.00,4.125509,102.12890625
08:00:32,912810UC0,TSRYS5860825,D,S,D,2024-08-23,1000000.00,4.123935,102.15625
08:00:32,912810UC0,TSRYS5860825,D,S,D,2024-08-23,1000000.00,4.123822,102.158203125
08:00:32,912810UC0,TSRYS5860825,D,S,D,2024-08-23,1000000.00,4.121238,102.203125
08:00:32,912810UC0,TSRYS5860825,D,S,D,2024-08-23,1000000.00,4.11944,102.234375
08:00:32,912810UC0,TSRYS5860825,D,S,D,2024-08-23,1000000.00,4.117756,102.263671875
08:00:32,912810UC0,TSRYS5860825,D,S,D,2024-08-23,1000000.00,4.117756,102.263671875
08:00:32,912810UC0,TSRYS5860825,D,S,D,2024-08-23,1000000.00,4.117756,102.263671875
08:00:32,912810UC0,TSRYS5860825,D,S,D,2024-08-23,1000000.00,4.117644,102.265625
08:00:32,912810UC0,TSRYS5860825,D,S,D,2024-08-23,1000000.00,4.117532,102.267578125
08:00:32,912810UC0,TSRYS5860825,D,S,D,2024-08-23,1000000.00,4.117644,102.265625
08:00:32,912810UC0,TSRYS5860825,D,S,D,2024-08-23,1000000.00,4.117195,102.2734375
08:00:32,912810UC0,TSRYS5860825,D,S,D,2024-08-23,1000000.00,4.117195,102.2734375
08:00:32,912810UC0,TSRYS5860825,D,S,D,2024-08-23,1000000.00,4.122136,102.1875
08:00:32,912810UC0,TSRYS5860825,D,S,D,2024-08-23,1000000.00,4.123935,102.15625
08:00:32,912810UC0,TSRYS5860825,D,S,D,2024-08-23,1000000.00,4.123935,102.15625
08:00:32,912810UC0,TSRYS5860825,D,S,D,2024-08-23,1000000.00,4.123935,102.15625
08:00:32,912810UC0,TSRYS5860825,D,S,D,2024-08-23,1000000.00,4.123822,102.158203125
08:00:32,912810UC0,TSRYS5860825,D,S,D,2024-08-23,1000000.00,4.123822,102.158203125
08:00:32,912810UC0,TSRYS5860825,D,S,D,2024-08-23,1000000.00,4.122474,102.181640625
08:00:32,912810UC0,TSRYS5860825,D,S,D,2024-08-23,1000000.00,4.116634,102.283203125
08:00:32,912810UC0,TSRYS5860825,D,S,D,2024-08-23,1000000.00,4.11596,102.294921875
08:00:32,912810UC0,TSRYS5860825,D,S,D,2024-08-23,1000000.00,4.115736,102.298828125
08:00:32,912810UC0,TSRYS5860825,D,S,D,2024-08-23,1000000.00,4.117532,102.267578125
08:00:32,912810UC0,TSRYS5860825,D,S,D,2024-08-23,1000000.00,4.116073,102.29296875
08:00:32,912810UC0,TSRYS5860825,D,S,D,2024-08-23,1000000.00,4.11439,102.322265625
08:00:32,912810UC0,TSRYS5860825,D,S,D,2024-08-23,1000000.00,4.125284,102.1328125
08:00:32,912810UC0,TSRYS5860825,D,S,D,2024-08-23,1000000.00,4.125172,102.134765625
08:00:32,912810UC0,TSRYS5860825,D,S,D,2024-08-23,1000000.00,4.125621,102.126953125
08:00:32,912810UC0,TSRYS5860825,D,S,D,2024-08-23,1000000.00,4.125172,102.134765625
08:00:32,912810UC0,TSRYS5860825,D,S,D,2024-08-23,1000000.00,4.131586,102.0234375
08:00:32,912810UC0,TSRYS5860825,D,S,D,2024-08-23,1000000.00,4.132375,102.009765625
08:00:32,912810UC0,TSRYS5860825,D,S,D,2024-08-23,1000000.00,4.132375,102.009765625
08:00:32,912810UC0,TSRYS5860825,D,S,D,2024-08-23,1000000.00,4.128322,102.080078125
08:00:32,912810UC0,TSRYS5860825,D,S,T,2024-08-23,1000000.00,4.123036,102.171875
08:00:32,912810UC0,TSRYS5860825,D,S,T,2024-08-23,1000000.00,4.11944,102.234375
08:00:32,912810UC0,TSRYS5860825,D,S,D,2024-08-23,1000000.00,4.127421,102.095703125
08:00:32,912810UC0,TSRYS5860825,D,S,D,2024-08-23,1000000.00,4.11596,102.294921875
08:00:32,912810UC0,TSRYS5860825,D,S,D,2024-08-23,1000000.00,4.117195,102.2734375
08:00:32,912810UC0,TSRYS5860825,D,S,D,2024-08-23,1000000.00,4.117195,102.2734375
08:00:32,912810UC0,TSRYS5860825,D,S,D,2024-08-23,1000000.00,4.117195,102.2734375
08:00:32,912810UC0,TSRYS5860825,D,S,D,2024-08-23,1000000.00,4.117195,102.2734375
08:00:32,912810UC0,TSRYS5860825,D,S,D,2024-08-23,1000000.00,4.119103,102.240234375
08:00:32,912810UC0,TSRYS5860825,D,S,D,2024-08-23,1000000.00,4.119216,102.23828125
08:00:32,912810UC0,TSRYS5860825,D,S,D,2024-08-23,1000000.00,4.119328,102.236328125
08:00:32,912810UC0,TSRYS5860825,D,S,D,2024-08-23,1000000.00,4.117981,102.259765625
08:00:32,912810UC0,TSRYS5860825,D,S,D,2024-08-23,1000000.00,4.120676,102.212890625
08:00:32,912810UC0,TSRYS5860825,D,S,D,2024-08-23,1000000.00,4.120901,102.208984375
08:00:32,912810UC0,TSRYS5860825,D,S,D,2024-08-23,1000000.00,4.121575,102.197265625
08:00:32,912810UC0,TSRYS5860825,D,S,D,2024-08-23,1000000.00,4.120676,102.212890625
08:00:32,912810UC0,TSRYS5860825,D,S,D,2024-08-23,1000000.00,4.120564,102.21484375
08:00:32,912810UC0,TSRYS5860825,D,S,D,2024-08-23,1000000.00,4.120564,102.21484375
08:00:32,912810UC0,TSRYS5860825,D,S,T,2024-08-23,1000000.00,4.113044,102.345703125
08:00:32,912810UC0,TSRYS5860825,D,S,T,2024-08-23,1000000.00,4.121799,102.193359375
08:00:32,912810UC0,TSRYS5860825,D,S,T,2024-08-23,1000000.00,4.125284,102.1328125
08:00:32,912810UC0,TSRYS5860825,D,S,T,2024-08-23,1000000.00,4.125172,102.134765625
08:00:32,912810UC0,TSRYS5860825,D,S,T,2024-08-23,1000000.00,4.119553,102.232421875
08:00:32,912810UC0,TSRYS5860825,D,S,T,2024-08-23,1000000.00,4.115848,102.296875
08:00:32,912810UC0,TSRYS5860825,D,S,T,2024-08-23,2000000.00,4.117756,102.263671875
08:00:32,912810UC0,TSRYS5860825,D,S,T,2024-08-23,1000000.00,4.117756,102.263671875
08:00:32,912810UC0,TSRYS5860825,D,S,T,2024-08-23,1000000.00,4.117756,102.263671875
08:00:32,912810UC0,TSRYS5860825,D,S,T,2024-08-23,1000000.00,4.117532,102.267578125
08:00:32,912810UC0,TSRYS5860825,D,S,T,2024-08-23,1000000.00,4.117532,102.267578125
08:00:32,912810UC0,TSRYS5860825,D,S,T,2024-08-23,1000000.00,4.117644,102.265625
08:00:32,912810UC0,TSRYS5860825,D,S,T,2024-08-23,1000000.00,4.11697,102.27734375
08:00:32,912810UC0,TSRYS5860825,D,S,T,2024-08-23,1000000.00,4.116746,102.28125
08:00:32,912810UC0,TSRYS5860825,D,S,T,2024-08-23,1000000.00,4.123822,102.158203125
08:00:32,912810UC0,TSRYS5860825,D,S,D,2024-08-23,1000000.00,4.124272,102.150390625
08:00:32,912810UC0,TSRYS5860825,D,S,D,2024-08-23,1000000.00,4.124609,102.14453125
08:00:32,912810UC0,TSRYS5860825,D,S,T,2024-08-23,1000000.00,4.122474,102.181640625
08:00:32,912810UC0,TSRYS5860825,D,S,T,2024-08-23,1000000.00,4.121238,102.203125
08:00:32,912810UC0,TSRYS5860825,D,S,T,2024-08-23,1000000.00,4.121238,102.203125
08:00:32,912810UC0,TSRYS5860825,D,S,T,2024-08-23,1000000.00,4.120564,102.21484375
08:00:32,912810UC0,TSRYS5860825,D,S,T,2024-08-23,1000000.00,4.11944,102.234375
08:00:32,912810UC0,TSRYS5860825,D,S,T,2024-08-23,1000000.00,4.116858,102.279296875
08:00:32,912810UC0,TSRYS5860825,D,S,T,2024-08-23,1000000.00,4.115287,102.306640625
08:00:32,912810UC0,TSRYS5860825,D,S,T,2024-08-23,1000000.00,4.115399,102.3046875
08:00:32,912810UC0,TSRYS5860825,D,S,T,2024-08-23,1000000.00,4.116073,102.29296875
08:00:32,912810UC0,TSRYS5860825,D,S,T,2024-08-23,1000000.00,4.115736,102.298828125
08:00:32,912810UC0,TSRYS5860825,D,S,T,2024-08-23,1000000.00,4.115736,102.298828125
08:00:32,912810UC0,TSRYS5860825,D,S,T,2024-08-23,1000000.00,4.115736,102.298828125
08:00:32,912810UC0,TSRYS5860825,D,S,T,2024-08-23,1000000.00,4.116073,102.29296875
08:00:32,912810UC0,TSRYS5860825,D,S,T,2024-08-23,1000000.00,4.116073,102.29296875
08:00:32,912810UC0,TSRYS5860825,D,S,T,2024-08-23,1000000.00,4.114951,102.3125
08:00:32,912810UC0,TSRYS5860825,D,S,T,2024-08-23,1000000.00,4.115175,102.30859375
08:00:32,912810UC0,TSRYS5860825,D,S,T,2024-08-23,1000000.00,4.123148,102.169921875
08:00:32,912810UC0,TSRYS5860825,D,S,T,2024-08-23,1000000.00,4.123036,102.171875
08:00:32,912810UC0,TSRYS5860825,D,S,D,2024-08-23,1000000.00,4.124722,102.142578125
08:00:32,912810UC0,TSRYS5860825,D,S,T,2024-08-23,1000000.00,4.131136,102.03125
08:00:32,912810UC0,TSRYS5860825,D,S,T,2024-08-23,2000000.00,4.131136,102.03125
08:00:32,912810UC0,TSRYS5860825,D,S,T,2024-08-23,1000000.00,4.131136,102.03125
08:00:32,912810UC0,TSRYS5860825,D,S,T,2024-08-23,1000000.00,4.125621,102.126953125
08:00:32,912810UC0,TSRYS5860825,D,S,T,2024-08-23,1000000.00,4.125172,102.134765625
08:00:32,912810UC0,TSRYS5860825,D,S,T,2024-08-23,1000000.00,4.129335,102.0625
08:00:32,912810UC0,TSRYS5860825,D,S,T,2024-08-23,1000000.00,4.132262,102.01171875
08:00:32,912810UC0,TSRYS5860825,D,S,T,2024-08-23,1000000.00,4.130686,102.0390625
08:00:32,912810UC0,TSRYS5860825,D,S,T,2024-08-23,1000000.00,4.127534,102.09375
08:00:32,912810UC0,TSRYS5860825,D,S,D,2024-08-23,1000000.00,4.124497,102.146484375
08:00:32,912810UC0,TSRYS5860825,D,S,D,2024-08-23,1000000.00,4.124722,102.142578125
08:00:32,912810UC0,TSRYS5860825,D,S,T,2024-08-23,1000000.00,4.127084,102.1015625
08:00:32,912810UC0,TSRYS5860825,D,S,T,2024-08-23,1000000.00,4.126971,102.103515625
08:00:32,912810UC0,TSRYS5860825,D,S,D,2024-08-23,1000000.00,4.125284,102.1328125
08:00:32,912810UC0,TSRYS5860825,D,S,D,2024-08-23,1000000.00,4.126184,102.1171875
08:00:32,912810UC0,TSRYS5860825,D,S,D,2024-08-23,1000000.00,4.126184,102.1171875
08:00:32,912810UC0,TSRYS5860825,D,S,D,2024-08-23,1000000.00,4.126184,102.1171875
08:00:32,912810UC0,TSRYS5860825,D,S,D,2024-08-23,1000000.00,4.126184,102.1171875
08:00:32,912810UC0,TSRYS5860825,D,S,D,2024-08-23,1000000.00,4.126184,102.1171875
08:00:32,912810UC0,TSRYS5860825,D,S,T,2024-08-23,1000000.00,4.120114,102.22265625
08:00:32,912810UC0,TSRYS5860825,D,S,D,2024-08-23,1000000.00,4.121238,102.203125
08:00:32,912810UC0,TSRYS5860825,D,S,D,2024-08-23,1000000.00,4.120564,102.21484375
08:00:32,912810UC0,TSRYS5860825,D,S,D,2024-08-23,1000000.00,4.120564,102.21484375
08:00:32,912810UC0,TSRYS5860825,D,S,D,2024-08-23,1000000.00,4.120564,102.21484375
08:00:32,912810UC0,TSRYS5860825,D,S,D,2024-08-23,1000000.00,4.121462,102.19921875
08:00:32,912810UC0,TSRYS5860825,D,S,D,2024-08-23,1000000.00,4.121238,102.203125
08:00:32,912810UC0,TSRYS5860825,D,S,T,2024-08-23,1000000.00,4.124272,102.150390625
08:00:32,912810UC0,TSRYS5860825,D,S,T,2024-08-23,1000000.00,4.124272,102.150390625
08:00:32,912810UC0,TSRYS5860825,D,S,T,2024-08-23,1000000.00,4.124272,102.150390625
08:00:32,912810UC0,TSRYS5860825,D,S,T,2024-08-23,1000000.00,4.124272,102.150390625
08:00:32,912810UC0,TSRYS5860825,D,S,T,2024-08-23,1000000.00,4.124272,102.150390625
08:00:32,912810UC0,TSRYS5860825,D,S,T,2024-08-23,1000000.00,4.124497,102.146484375
08:00:32,912810UC0,TSRYS5860825,D,S,T,2024-08-23,1000000.00,4.124722,102.142578125
08:00:32,912810UC0,TSRYS5860825,D,S,D,2024-08-23,1000000.00,4.126634,102.109375
08:00:32,912810UC0,TSRYS5860825,D,S,D,2024-08-23,1000000.00,4.126634,102.109375
08:00:32,912810UC0,TSRYS5860825,D,S,D,2024-08-23,1000000.00,4.127309,102.09765625
08:00:32,912810UC0,TSRYS5860825,D,S,D,2024-08-23,1000000.00,4.127309,102.09765625
08:00:32,912810UC0,TSRYS5860825,D,S,D,2024-08-23,1000000.00,4.127534,102.09375
08:00:32,912810UC0,TSRYS5860825,D,S,D,2024-08-23,1000000.00,4.127984,102.0859375
08:00:32,912810UC0,TSRYS5860825,D,S,D,2024-08-23,1000000.00,4.127984,102.0859375
08:00:32,912810UC0,TSRYS5860825,D,S,D,2024-08-23,1000000.00,4.127984,102.0859375
08:00:32,912810UC0,TSRYS5860825,D,S,D,2024-08-23,1000000.00,4.127534,102.09375
08:00:32,912810UC0,TSRYS5860825,D,S,D,2024-08-23,1000000.00,4.127534,102.09375
08:00:32,912810UC0,TSRYS5860825,D,S,D,2024-08-23,1000000.00,4.127984,102.0859375
08:00:32,912810UC0,TSRYS5860825,D,S,D,2024-08-23,1000000.00,4.128209,102.08203125
08:00:32,912810UC0,TSRYS5860825,D,S,D,2024-08-23,1000000.00,4.127984,102.0859375
08:00:32,912810UC0,TSRYS5860825,D,S,D,2024-08-23,1000000.00,4.127984,102.0859375
08:00:32,912810UC0,TSRYS5860825,D,S,T,2024-08-23,1000000.00,4.128322,102.080078125
08:00:32,912810UC0,TSRYS5860825,D,S,D,2024-08-23,1000000.00,4.129335,102.0625
08:00:32,912810UC0,TSRYS5860825,D,S,D,2024-08-23,1000000.00,4.129335,102.0625
08:00:32,912810UC0,TSRYS5860825,D,S,D,2024-08-23,1000000.00,4.127309,102.09765625
08:00:32,912810UC0,TSRYS5860825,D,S,T,2024-08-23,1000000.00,4.127084,102.1015625
08:00:32,912810UC0,TSRYS5860825,D,S,D,2024-08-23,1000000.00,4.126634,102.109375
08:00:32,912810UC0,TSRYS5860825,D,S,D,2024-08-23,1000000.00,4.126409,102.11328125
08:00:32,912810UC0,TSRYS5860825,D,S,D,2024-08-23,1000000.00,4.126409,102.11328125
08:00:32,912810UC0,TSRYS5860825,D,S,T,2024-08-23,1000000.00,4.126409,102.11328125
08:00:32,912810UC0,TSRYS5860825,D,S,D,2024-08-23,1000000.00,4.126184,102.1171875
08:00:32,912810UC0,TSRYS5860825,D,S,D,2024-08-23,1000000.00,4.126184,102.1171875
08:00:32,912810UC0,TSRYS5860825,D,S,T,2024-08-23,1000000.00,4.125397,102.130859375
08:00:32,912810UC0,TSRYS5860825,D,S,D,2024-08-23,1000000.00,4.125284,102.1328125
08:00:32,912810UC0,TSRYS5860825,D,S,D,2024-08-23,1000000.00,4.124834,102.140625
08:00:32,912810UC0,TSRYS5860825,D,S,D,2024-08-23,1000000.00,4.124834,102.140625
08:00:32,912810UC0,TSRYS5860825,D,S,D,2024-08-23,1000000.00,4.124834,102.140625
08:00:32,912810UC0,TSRYS5860825,D,S,D,2024-08-23,1000000.00,4.125284,102.1328125
08:00:32,912810UC0,TSRYS5860825,D,S,D,2024-08-23,1000000.00,4.122586,102.1796875
08:00:32,912810UC0,TSRYS5860825,D,S,D,2024-08-23,1000000.00,4.122474,102.181640625
08:00:32,912810UC0,TSRYS5860825,D,S,D,2024-08-23,1000000.00,4.122361,102.18359375
08:00:32,912810UC0,TSRYS5860825,D,S,T,2024-08-23,1000000.00,4.122136,102.1875
08:00:32,912810UC0,TSRYS5860825,D,S,D,2024-08-23,1000000.00,4.121912,102.19140625
08:00:32,912810UC0,TSRYS5860825,D,S,D,2024-08-23,1000000.00,4.121912,102.19140625
08:00:32,912810UC0,TSRYS5860825,D,S,T,2024-08-23,1000000.00,4.117307,102.271484375
08:00:32,912810UC0,TSRYS5860825,D,S,T,2024-08-23,1000000.00,4.117644,102.265625
08:00:32,912810UC0,TSRYS5860825,D,S,T,2024-08-23,1000000.00,4.117644,102.265625
08:00:32,912810UC0,TSRYS5860825,D,S,T,2024-08-23,1000000.00,4.117868,102.26171875
08:00:32,912810UC0,TSRYS5860825,D,S,T,2024-08-23,1000000.00,4.116634,102.283203125
08:00:32,912810UC0,TSRYS5860825,D,S,T,2024-08-23,1000000.00,4.117195,102.2734375
08:00:32,912810UC0,TSRYS5860825,D,S,T,2024-08-23,1000000.00,4.117195,102.2734375
08:00:32,912810UC0,TSRYS5860825,D,S,T,2024-08-23,1000000.00,4.117195,102.2734375
08:00:32,912810UC0,TSRYS5860825,D,S,T,2024-08-23,1000000.00,4.116746,102.28125
08:00:32,912810UC0,TSRYS5860825,D,S,T,2024-08-23,1000000.00,4.11596,102.294921875
08:00:32,912810UC0,TSRYS5860825,D,S,T,2024-08-23,1000000.00,4.117195,102.2734375
08:00:32,912810UC0,TSRYS5860825,D,S,T,2024-08-23,1000000.00,4.117644,102.265625
08:00:32,912810UC0,TSRYS5860825,D,S,T,2024-08-23,1000000.00,4.119328,102.236328125
08:00:32,912810UC0,TSRYS5860825,D,S,T,2024-08-23,1000000.00,4.11944,102.234375
08:00:32,912810UC0,TSRYS5860825,D,S,D,2024-08-23,1000000.00,4.129335,102.0625
08:00:32,912810UC0,TSRYS5860825,D,S,D,2024-08-23,1000000.00,4.129335,102.0625
08:00:32,912810UC0,TSRYS5860825,D,S,D,2024-08-23,2000000.00,4.126971,102.103515625
08:00:32,912810UC0,TSRYS5860825,D,S,D,2024-08-23,1000000.00,4.127196,102.099609375
08:00:32,912810UC0,TSRYS5860825,D,S,D,2024-08-23,1000000.00,4.126409,102.11328125
08:00:32,912810UC0,TSRYS5860825,D,S,D,2024-08-23,1000000.00,4.126409,102.11328125
08:00:33,912810UC0,TSRYS5860825,D,S,T,2024-08-23,1000000.00,4.117195,102.2734375
08:00:33,912810UC0,TSRYS5860825,D,S,T,2024-08-23,1000000.00,4.119216,102.23828125
08:00:33,912810UC0,TSRYS5860825,D,S,T,2024-08-23,1000000.00,4.119553,102.232421875
08:00:33,912810UC0,TSRYS5860825,D,S,T,2024-08-23,1000000.00,4.121013,102.20703125
08:00:33,912810UC0,TSRYS5860825,D,S,T,2024-08-23,1000000.00,4.121575,102.197265625
08:00:33,912810UC0,TSRYS5860825,D,S,T,2024-08-23,1000000.00,4.121575,102.197265625
08:00:33,912810UC0,TSRYS5860825,D,S,T,2024-08-23,1000000.00,4.121238,102.203125
08:00:33,912810UC0,TSRYS5860825,D,S,T,2024-08-23,1000000.00,4.120564,102.21484375
08:00:33,912810UC0,TSRYS5860825,D,S,T,2024-08-23,1000000.00,4.120564,102.21484375
08:00:33,912810UC0,TSRYS5860825,D,S,T,2024-08-23,1000000.00,4.120564,102.21484375
08:00:33,912810UC0,TSRYS5860825,D,S,T,2024-08-23,1000000.00,4.120788,102.2109375
08:00:33,912810UC0,TSRYS5860825,D,S,T,2024-08-23,1000000.00,4.120788,102.2109375
08:00:33,912810UC0,TSRYS5860825,D,S,T,2024-08-23,1000000.00,4.120564,102.21484375
08:00:33,912810UC0,TSRYS5860825,D,S,T,2024-08-23,1000000.00,4.120564,102.21484375
08:00:33,912810UC0,TSRYS5860825,D,S,T,2024-08-23,1000000.00,4.12135,102.201171875
08:00:33,912810UC0,TSRYS5860825,D,S,T,2024-08-23,1000000.00,4.12135,102.201171875
08:00:33,912810UC0,TSRYS5860825,D,S,D,2024-08-23,1000000.00,4.126859,102.10546875
08:00:33,912810UC0,TSRYS5860825,D,S,D,2024-08-23,1000000.00,4.127759,102.08984375
08:00:33,912810UC0,TSRYS5860825,D,S,D,2024-08-23,1000000.00,4.123036,102.171875
08:00:33,912810UC0,TSRYS5860825,D,S,T,2024-08-23,1000000.00,4.120676,102.212890625
08:00:33,912810UC0,TSRYS5860825,D,S,T,2024-08-23,1000000.00,4.12326,102.16796875
08:00:34,912810UC0,TSRYS5860825,D,S,T,2024-08-23,2000000.00,4.115848,102.296875
08:00:34,912810UC0,TSRYS5860825,D,S,T,2024-08-23,1000000.00,4.115624,102.30078125
08:00:34,912810UC0,TSRYS5860825,D,S,T,2024-08-23,1000000.00,4.115848,102.296875
08:00:34,912810UC0,TSRYS5860825,D,S,T,2024-08-23,1000000.00,4.115848,102.296875
08:00:34,912810UC0,TSRYS5860825,D,S,T,2024-08-23,1000000.00,4.115848,102.296875
08:00:34,912810UC0,TSRYS5860825,D,S,T,2024-08-23,1000000.00,4.115848,102.296875
08:00:34,912810UC0,TSRYS5860825,D,S,T,2024-08-23,1000000.00,4.115848,102.296875
08:00:34,912810UC0,TSRYS5860825,D,S,T,2024-08-23,1000000.00,4.115848,102.296875
08:00:34,912810UC0,TSRYS5860825,D,S,T,2024-08-23,1000000.00,4.115848,102.296875
08:00:34,912810UC0,TSRYS5860825,D,S,T,2024-08-23,1000000.00,4.115848,102.296875
08:00:34,912810UC0,TSRYS5860825,D,S,T,2024-08-23,1000000.00,4.115848,102.296875
08:00:34,912810UC0,TSRYS5860825,D,S,T,2024-08-23,1000000.00,4.115848,102.296875
08:00:34,912810UC0,TSRYS5860825,D,S,T,2024-08-23,1000000.00,4.115848,102.296875
08:00:34,912810UC0,TSRYS5860825,D,S,T,2024-08-23,1000000.00,4.115848,102.296875
08:00:34,912810UC0,TSRYS5860825,D,S,T,2024-08-23,1000000.00,4.115848,102.296875
08:00:34,912810UC0,TSRYS5860825,D,S,T,2024-08-23,1000000.00,4.116634,102.283203125
08:00:34,912810UC0,TSRYS5860825,D,S,T,2024-08-23,1000000.00,4.116746,102.28125
08:00:34,912810UC0,TSRYS5860825,D,S,T,2024-08-23,1000000.00,4.116746,102.28125
08:00:34,912810UC0,TSRYS5860825,D,S,T,2024-08-23,1000000.00,4.116746,102.28125
08:00:34,912810UC0,TSRYS5860825,D,S,T,2024-08-23,1000000.00,4.116746,102.28125
08:00:34,912810UC0,TSRYS5860825,D,S,T,2024-08-23,1000000.00,4.116746,102.28125
08:00:34,912810UC0,TSRYS5860825,D,S,T,2024-08-23,1000000.00,4.116746,102.28125
08:00:34,912810UC0,TSRYS5860825,D,S,T,2024-08-23,1000000.00,4.116746,102.28125
08:00:34,912810UC0,TSRYS5860825,D,S,T,2024-08-23,1000000.00,4.117532,102.267578125
08:00:34,912810UC0,TSRYS5860825,D,S,T,2024-08-23,1000000.00,4.117532,102.267578125
08:00:34,912810UC0,TSRYS5860825,D,S,T,2024-08-23,1000000.00,4.11944,102.234375
08:00:34,912810UC0,TSRYS5860825,D,S,T,2024-08-23,1000000.00,4.123822,102.158203125
08:00:34,912810UC0,TSRYS5860825,D,S,T,2024-08-23,1000000.00,4.123935,102.15625
08:00:34,912810UC0,TSRYS5860825,D,S,T,2024-08-23,1000000.00,4.123822,102.158203125
08:00:34,912810UC0,TSRYS5860825,D,S,T,2024-08-23,1000000.00,4.123822,102.158203125
08:00:34,912810UC0,TSRYS5860825,D,S,T,2024-08-23,1000000.00,4.123822,102.158203125
08:00:34,912810UC0,TSRYS5860825,D,S,T,2024-08-23,1000000.00,4.123822,102.158203125
08:00:34,912810UC0,TSRYS5860825,D,S,T,2024-08-23,1000000.00,4.125284,102.1328125
08:00:34,912810UC0,TSRYS5860825,D,S,T,2024-08-23,1000000.00,4.125397,102.130859375
08:00:34,912810UC0,TSRYS5860825,D,S,T,2024-08-23,1000000.00,4.120901,102.208984375
08:00:34,912810UC0,TSRYS5860825,D,S,D,2024-08-23,1000000.00,4.118422,102.2520879733
08:00:34,912810UC0,TSRYS5860825,D,S,D,2024-08-23,1000000.00,4.116688,102.2822591871
08:00:34,912810UC0,TSRYS5860825,D,S,T,2024-08-23,1000000.00,4.120901,102.208984375
08:00:34,912810UC0,TSRYS5860825,D,S,T,2024-08-23,1000000.00,4.117644,102.265625
08:00:34,912810UC0,TSRYS5860825,D,B,A,2024-08-23,1500000.00,4.118542,102.25
08:00:34,912810UC0,TSRYS5860825,D,S,T,2024-08-23,1000000.00,4.119777,102.228515625
08:00:34,912810UC0,TSRYS5860825,D,B,C,2024-08-23,250000.00,4.116285,102.2890625
08:00:34,912810UC0,TSRYS5860825,D,S,D,2024-08-23,29000000.00,4.117856,102.26194
08:00:34,912810UC0,TSRYS5860825,D,S,D,2024-08-23,1000000.00,4.117644,102.265625
08:00:34,912810UC0,TSRYS5860825,D,S,C,2024-08-23,1000000.00,4.122136,102.1875
08:00:34,912810UC0,TSRYS5860825,D,S,D,2024-08-23,12000000.00,4.127295,102.09789
08:00:34,912810UC0,TSRYS5860825,D,S,D,2024-08-23,1000000.00,4.127534,102.09375
08:00:34,912810UC0,TSRYS5860825,D,S,D,2024-08-23,2000000.00,4.127534,102.09375
08:00:34,912810UC0,TSRYS5860825,D,S,D,2024-08-23,1000000.00,4.127304,102.09774
08:00:34,912810UC0,TSRYS5860825,D,S,D,2024-08-23,23000000.00,4.12874,102.07282
08:00:34,912810UC0,TSRYS5860825,D,S,D,2024-08-23,1000000.00,4.116081,102.2928208519
08:00:34,912810UC0,TSRYS5860825,D,S,D,2024-08-23,1000000.00,4.11944,102.234375
08:00:34,912810UC0,TSRYS5860825,D,S,D,2024-08-23,1000000.00,4.127534,102.09375
08:00:34,912810UC0,TSRYS5860825,D,S,D,2024-08-23,1000000.00,4.127534,102.09375
08:00:34,912810UC0,TSRYS5860825,D,S,D,2024-08-23,1000000.00,4.126859,102.10546875
08:00:34,912810UC0,TSRYS5860825,D,S,C,2024-08-23,2300000.00,4.127309,102.09765625
08:00:34,912810UC0,TSRYS5860825,D,S,T,2024-08-23,2000000.00,4.125734,102.125
08:00:34,912810UC0,TSRYS5860825,D,S,D,2024-08-23,1000000.00,4.124834,102.140625
08:00:34,912810UC0,TSRYS5860825,D,S,A,2024-08-23,500000.00,4.126184,102.1171875
08:00:34,912810UC0,TSRYS5860825,D,S,T,2024-08-23,1000000.00,4.118542,102.25
08:00:34,912810UC0,TSRYS5860825,D,S,T,2024-08-23,1000000.00,4.117307,102.271484375
08:00:34,912810UC0,TSRYS5860825,D,S,T,2024-08-23,1000000.00,4.117307,102.271484375
08:00:34,912810UC0,TSRYS5860825,D,S,T,2024-08-23,1000000.00,4.118093,102.2578125
08:00:34,912810UC0,TSRYS5860825,D,S,T,2024-08-23,1000000.00,4.115848,102.296875
08:00:34,912810UC0,TSRYS5860825,D,S,T,2024-08-23,1000000.00,4.117644,102.265625
08:00:34,912810UC0,TSRYS5860825,D,S,T,2024-08-23,1000000.00,4.117644,102.265625
08:00:34,912810UC0,TSRYS5860825,D,S,T,2024-08-23,1000000.00,4.117644,102.265625
08:00:34,912810UC0,TSRYS5860825,D,S,D,2024-08-23,1000000.00,4.115848,102.296875
08:00:34,912810UC0,TSRYS5860825,D,S,D,2024-08-23,4000000.00,4.115848,102.296875
08:00:34,912810UC0,TSRYS5860825,D,S,T,2024-08-23,1000000.00,4.120339,102.21875
08:00:34,912810UC0,TSRYS5860825,D,S,D,2024-08-23,1000000.00,4.122136,102.1875
08:00:34,912810UC0,TSRYS5860825,D,S,T,2024-08-23,1000000.00,4.120339,102.21875
08:00:34,912810UC0,TSRYS5860825,D,S,T,2024-08-23,1000000.00,4.120339,102.21875
08:00:34,912810UC0,TSRYS5860825,D,S,T,2024-08-23,1000000.00,4.122136,102.1875
08:00:34,912810UC0,TSRYS5860825,D,S,D,2024-08-23,1000000.00,4.121238,102.203125
08:00:34,912810UC0,TSRYS5860825,D,S,D,2024-08-23,1000000.00,4.11944,102.234375
08:00:36,912810UC0,TSRYS5860825,D,S,T,2024-08-23,1000000.00,4.123036,102.171875
08:00:37,912810UC0,TSRYS5860825,D,S,T,2024-08-23,1000000.00,4.123036,102.171875
08:00:37,912810UC0,TSRYS5860825,D,B,A,2024-08-23,2300000.00,4.128434,102.078125
08:00:37,912810UC0,TSRYS5860825,D,S,D,2024-08-23,27000000.00,4.127534,102.09375
08:00:37,912810UC0,TSRYS5860825,D,S,D,2024-08-23,1000000.00,4.123598,102.162109375
08:00:37,912810UC0,TSRYS5860825,D,S,D,2024-08-23,1000000.00,4.123598,102.162109375
08:00:37,912810UC0,TSRYS5860825,D,S,D,2024-08-23,1000000.00,4.123598,102.162109375
08:00:37,912810UC0,TSRYS5860825,D,S,D,2024-08-23,1000000.00,4.123373,102.166015625
08:00:37,912810UC0,TSRYS5860825,D,S,D,2024-08-23,1000000.00,4.123373,102.166015625
08:00:37,912810UC0,TSRYS5860825,D,S,T,2024-08-23,1000000.00,4.12326,102.16796875
08:00:37,912810UC0,TSRYS5860825,D,S,D,2024-08-23,1000000.00,4.123373,102.166015625
08:00:37,912810UC0,TSRYS5860825,D,S,D,2024-08-23,1000000.00,4.123373,102.166015625
08:00:40,912810UC0,TSRYS5860825,D,S,D,2024-08-23,1000000.00,4.117419,102.26953125
08:00:40,912810UC0,TSRYS5860825,D,S,D,2024-08-23,1000000.00,4.117644,102.265625
08:00:41,912810UC0,TSRYS5860825,D,S,D,2024-08-23,1000000.00,4.123485,102.1640625
08:00:41,912810UC0,TSRYS5860825,D,S,T,2024-08-23,1000000.00,4.117644,102.265625
08:00:41,912810UC0,TSRYS5860825,D,S,T,2024-08-23,1000000.00,4.117644,102.265625
08:00:41,912810UC0,TSRYS5860825,D,S,T,2024-08-23,1000000.00,4.117644,102.265625
08:00:41,912810UC0,TSRYS5860825,D,S,T,2024-08-23,1000000.00,4.117644,102.265625
08:00:41,912810UC0,TSRYS5860825,D,S,T,2024-08-23,1000000.00,4.117644,102.265625
08:00:41,912810UC0,TSRYS5860825,D,S,T,2024-08-23,1000000.00,4.123036,102.171875
08:00:41,912810UC0,TSRYS5860825,D,S,C,2024-08-23,5000000.00,4.120564,102.21484375
08:00:41,912810UC0,TSRYS5860825,D,S,D,2024-08-23,1000000.00,4.117644,102.265625
08:00:41,912810UC0,TSRYS5860825,D,S,D,2024-08-23,1000000.00,4.118317,102.25390625
08:00:41,912810UC0,TSRYS5860825,D,B,A,2024-08-23,5000000.00,4.121013,102.20703125
08:00:41,912810UC0,TSRYS5860825,D,S,D,2024-08-23,1000000.00,4.119665,102.23046875
08:00:41,912810UC0,TSRYS5860825,D,S,D,2024-08-23,1000000.00,4.12326,102.16796875
08:00:41,912810UC0,TSRYS5860825,D,S,T,2024-08-23,1000000.00,4.12326,102.16796875
08:00:41,912810UC0,TSRYS5860825,D,S,D,2024-08-23,1000000.00,4.116858,102.279296875
08:00:41,912810UC0,TSRYS5860825,D,S,D,2024-08-23,20000.00,4.122586,102.1796875
08:00:42,912810UC0,TSRYS5860825,D,B,C,2024-08-23,6000000.00,4.115961,102.29492
08:00:42,912810UC0,TSRYS5860825,D,S,A,2024-08-23,7850000.00,4.115848,102.296875
08:00:43,912810UC0,TSRYS5860825,D,S,C,2024-08-23,3100000.00,4.126622,102.109575
08:00:43,912810UC0,TSRYS5860825,D,S,D,2024-08-23,23000000.00,4.126841,102.105769231
08:00:43,912810UC0,TSRYS5860825,D,B,C,2024-08-23,7200000.00,4.12687,102.10526875
08:00:43,912810UC0,TSRYS5860825,D,S,D,2024-08-23,7200000.00,4.12687,102.10526875
08:00:43,912810UC0,TSRYS5860825,D,S,A,2024-08-23,5000000.00,4.13001,102.05078125
08:00:43,912810UC0,TSRYS5860825,D,S,D,2024-08-23,1500000.00,4.125734,102.125
08:00:44,912810UC0,TSRYS5860825,D,S,D,2024-08-23,3100000.00,4.126622,102.109575
08:00:44,912810UC0,TSRYS5860825,D,S,T,2024-08-23,1000000.00,4.126634,102.109375
08:00:44,912810UC0,TSRYS5860825,D,S,T,2024-08-23,1000000.00,4.127534,102.09375
08:00:44,912810UC0,TSRYS5860825,D,S,D,2024-08-23,1000000.00,4.128209,102.08203125
08:00:44,912810UC0,TSRYS5860825,D,S,T,2024-08-23,1000000.00,4.127534,102.09375
08:00:44,912810UC0,TSRYS5860825,D,S,D,2024-08-23,1000000.00,4.119665,102.23046875
08:00:44,912810UC0,TSRYS5860825,D,S,D,2024-08-23,1000000.00,4.122361,102.18359375
08:00:44,912810UC0,TSRYS5860825,D,S,D,2024-08-23,1000000.00,4.127534,102.09375
08:00:44,912810UC0,TSRYS5860825,D,S,T,2024-08-23,1000000.00,4.127534,102.09375
08:00:45,912810UC0,TSRYS5860825,D,S,D,2024-08-23,1000000.00,4.11989,102.2265625
08:00:45,912810UC0,TSRYS5860825,D,S,D,2024-08-23,1000000.00,4.125734,102.125
08:00:45,912810UC0,TSRYS5860825,D,S,D,2024-08-23,3000000.00,4.125734,102.125
08:00:45,912810UC0,TSRYS5860825,D,S,D,2024-08-23,1000000.00,4.117644,102.265625
08:00:45,912810UC0,TSRYS5860825,D,S,T,2024-08-23,1000000.00,4.122136,102.1875
08:00:45,912810UC0,TSRYS5860825,D,S,T,2024-08-23,1000000.00,4.124834,102.140625
08:00:46,912810UC0,TSRYS5860825,D,S,D,2024-08-23,1000000.00,4.120114,102.22265625
08:00:46,912810UC0,TSRYS5860825,D,S,A,2024-08-23,20000.00,4.122586,102.2046875
08:00:46,912810UC0,TSRYS5860825,D,S,T,2024-08-23,1000000.00,4.122361,102.18359375
08:00:46,912810UC0,TSRYS5860825,D,S,D,2024-08-23,5000000.00,4.120564,102.21484375
08:00:47,912810UC0,TSRYS5860825,D,S,D,2024-08-23,1000000.00,4.125172,102.134765625
08:00:47,912810UC0,TSRYS5860825,D,S,T,2024-08-23,1000000.00,4.124947,102.138671875
08:00:47,912810UC0,TSRYS5860825,D,S,T,2024-08-23,1000000.00,4.124834,102.140625
08:00:47,912810UC0,TSRYS5860825,D,S,T,2024-08-23,1000000.00,4.12326,102.16796875
08:00:48,912810UC0,TSRYS5860825,D,S,T,2024-08-23,1000000.00,4.12326,102.16796875
08:00:48,912810UC0,TSRYS5860825,D,S,T,2024-08-23,1000000.00,4.125172,102.134765625
08:00:48,912810UC0,TSRYS5860825,D,S,A,2024-08-23,1351000.00,4.115848,102.296875
08:00:48,912810UC0,TSRYS5860825,D,S,T,2024-08-23,1000000.00,4.117756,102.263671875
08:00:48,912810UC0,TSRYS5860825,D,S,D,2024-08-23,2000000.00,4.117756,102.263671875
08:00:48,912810UC0,TSRYS5860825,D,S,T,2024-08-23,1000000.00,4.122136,102.1875
08:00:48,912810UC0,TSRYS5860825,D,S,D,2024-08-23,1000000.00,4.117419,102.26953125
08:00:48,912810UC0,TSRYS5860825,D,S,D,2024-08-23,1000000.00,4.117644,102.265625
08:00:49,912810UC0,TSRYS5860825,D,S,T,2024-08-23,1000000.00,4.117644,102.265625
08:00:49,912810UC0,TSRYS5860825,D,S,T,2024-08-23,1000000.00,4.117644,102.265625
08:00:49,912810UC0,TSRYS5860825,D,S,T,2024-08-23,1000000.00,4.117644,102.265625
08:00:49,912810UC0,TSRYS5860825,D,S,T,2024-08-23,1000000.00,4.117644,102.265625
08:00:49,912810UC0,TSRYS5860825,D,S,T,2024-08-23,1000000.00,4.117644,102.265625
08:00:49,912810UC0,TSRYS5860825,D,S,T,2024-08-23,5000000.00,4.117644,102.265625
08:00:49,912810UC0,TSRYS5860825,D,S,T,2024-08-23,1000000.00,4.122136,102.1875
08:00:49,912810UC0,TSRYS5860825,D,S,T,2024-08-23,1000000.00,4.123373,102.166015625
08:00:49,912810UC0,TSRYS5860825,D,S,T,2024-08-23,1000000.00,4.123485,102.1640625
08:00:49,912810UC0,TSRYS5860825,D,S,D,2024-08-23,3000000.00,4.122218,102.186079545
08:00:49,912810UC0,TSRYS5860825,D,S,T,2024-08-23,1000000.00,4.125284,102.1328125
08:00:49,912810UC0,TSRYS5860825,D,S,D,2024-08-23,1000000.00,4.117644,102.265625
08:00:49,912810UC0,TSRYS5860825,D,S,D,2024-08-23,1000000.00,4.117868,102.26171875
08:00:49,912810UC0,TSRYS5860825,D,S,D,2024-08-23,6000000.00,4.115961,102.29492
08:00:51,912810UC0,TSRYS5860825,D,S,D,2024-08-23,1000000.00,4.121238,102.203125
08:00:51,912810UC0,TSRYS5860825,D,S,T,2024-08-23,1000000.00,4.12326,102.16796875
08:00:51,912810UC0,TSRYS5860825,D,S,A,2024-08-23,1500000.00,4.130235,102.046875
08:00:52,912810UC0,TSRYS5860825,D,S,T,2024-08-23,1000000.00,4.122136,102.1875
08:00:52,912810UC0,TSRYS5860825,D,S,T,2024-08-23,1000000.00,4.127534,102.09375
08:00:52,912810UC0,TSRYS5860825,D,S,T,2024-08-23,1000000.00,4.126634,102.109375
08:00:52,912810UC0,TSRYS5860825,D,S,D,2024-08-23,1000000.00,4.122361,102.18359375
08:00:52,912810UC0,TSRYS5860825,D,S,T,2024-08-23,1000000.00,4.128434,102.078125
08:00:52,912810UC0,TSRYS5860825,D,S,T,2024-08-23,1000000.00,4.127534,102.09375
08:00:52,912810UC0,TSRYS5860825,D,S,T,2024-08-23,1000000.00,4.126746,102.107421875
08:00:52,912810UC0,TSRYS5860825,D,S,T,2024-08-23,1000000.00,4.127534,102.09375
08:00:53,912810UC0,TSRYS5860825,D,S,D,2024-08-23,2000000.00,4.128254,102.08125
08:00:53,912810UC0,TSRYS5860825,D,S,T,2024-08-23,1000000.00,4.127534,102.09375
08:00:53,912810UC0,TSRYS5860825,D,S,T,2024-08-23,1000000.00,4.127534,102.09375
08:00:53,912810UC0,TSRYS5860825,D,S,D,2024-08-23,1000000.00,4.125509,102.12890625
08:00:53,912810UC0,TSRYS5860825,D,S,D,2024-08-23,1000000.00,4.125734,102.125
08:00:53,912810UC0,TSRYS5860825,D,S,D,2024-08-23,1000000.00,4.125734,102.125
08:00:54,912810UC0,TSRYS5860825,D,S,T,2024-08-23,1000000.00,4.121238,102.203125
08:00:54,912810UC0,TSRYS5860825,D,S,T,2024-08-23,1000000.00,4.121238,102.203125
08:00:54,912810UC0,TSRYS5860825,D,S,D,2024-08-23,1000.00,4.11989,102.2265625
08:00:54,912810UC0,TSRYS5860825,D,S,T,2024-08-23,1000000.00,4.120788,102.2109375
08:00:55,912810UC0,TSRYS5860825,D,S,T,2024-08-23,1000000.00,4.125172,102.134765625
08:00:57,912810UC0,TSRYS5860825,D,S,T,2024-08-23,1000000.00,4.123598,102.162109375
08:00:58,912810UC0,TSRYS5860825,D,S,D,2024-08-23,1000000.00,4.122361,102.18359375
08:00:58,912810UC0,TSRYS5860825,D,S,T,2024-08-23,1000000.00,4.125734,102.125
08:00:58,912810UC0,TSRYS5860825,D,S,T,2024-08-23,1000000.00,4.125621,102.12695313
08:00:58,912810UC0,TSRYS5860825,D,S,T,2024-08-23,1000000.00,4.125734,102.125
08:00:59,912810UC0,TSRYS5860825,D,S,D,2024-08-23,2000000.00,4.11944,102.234375
08:00:59,912810UC0,TSRYS5860825,D,S,T,2024-08-23,1000000.00,4.119328,102.236328125
08:00:59,912810UC0,TSRYS5860825,D,B,A,2024-08-23,2000000.00,4.11944,102.234375
08:00:59,912810UC0,TSRYS5860825,D,S,A,2024-08-23,1000000.00,4.118542,102.25
08:00:59,912810UC0,TSRYS5860825,D,S,T,2024-08-23,1000000.00,4.126977,102.103415625
08:00:59,912810UC0,TSRYS5860825,D,S,T,2024-08-23,1000000.00,4.126865,102.10536875
08:00:59,912810UC0,TSRYS5860825,D,S,T,2024-08-23,1000000.00,4.126977,102.103415625
08:00:59,912810UC0,TSRYS5860825,D,S,T,2024-08-23,1000000.00,4.123603,102.162009375
08:00:59,912810UC0,TSRYS5860825,D,S,T,2024-08-23,1000000.00,4.123935,102.15625
08:01:00,912810UC0,TSRYS5860825,D,S,T,2024-08-23,1000000.00,4.122474,102.181640625
08:01:00,912810UC0,TSRYS5860825,D,S,T,2024-08-23,1000000.00,4.122474,102.181640625
08:01:00,912810UC0,TSRYS5860825,D,S,T,2024-08-23,1000000.00,4.122249,102.185546875
08:01:00,912810UC0,TSRYS5860825,D,S,T,2024-08-23,1000000.00,4.11866,102.247946875
08:01:00,912810UC0,TSRYS5860825,D,S,T,2024-08-23,1000000.00,4.118323,102.25380625
08:01:00,912810UC0,TSRYS5860825,D,S,T,2024-08-23,1000000.00,4.120564,102.21484375
08:01:01,912810UC0,TSRYS5860825,D,S,T,2024-08-23,1000000.00,4.122361,102.18359375
08:01:01,912810UC0,TSRYS5860825,D,S,C,2024-08-23,1000000.00,4.125648,102.1265
08:01:01,912810UC0,TSRYS5860825,D,S,T,2024-08-23,1000000.00,4.123822,102.158203125
08:01:01,912810UC0,TSRYS5860825,D,S,T,2024-08-23,1000000.00,4.123822,102.158203125
08:01:02,912810UC0,TSRYS5860825,D,S,C,2024-08-23,1000000.00,4.125509,102.12890625
08:01:02,912810UC0,TSRYS5860825,D,S,D,2024-08-23,1000000.00,4.125734,102.125
08:01:02,912810UC0,TSRYS5860825,D,S,D,2024-08-23,1000000.00,4.117195,102.2734375
08:01:02,912810UC0,TSRYS5860825,D,S,D,2024-08-23,1000000.00,4.118093,102.2578125
08:01:02,912810UC0,TSRYS5860825,D,S,D,2024-08-23,1000000.00,4.118093,102.2578125
08:01:02,912810UC0,TSRYS5860825,D,S,D,2024-08-23,1000000.00,4.117644,102.265625
08:01:02,912810UC0,TSRYS5860825,D,S,D,2024-08-23,1000000.00,4.118093,102.2578125
08:01:02,912810UC0,TSRYS5860825,D,S,D,2024-08-23,2000000.00,4.11944,102.234375
08:01:02,912810UC0,TSRYS5860825,D,S,D,2024-08-23,1000000.00,4.118093,102.2578125
08:01:02,912810UC0,TSRYS5860825,D,S,D,2024-08-23,1000000.00,4.116073,102.29296875
08:01:02,912810UC0,TSRYS5860825,D,S,D,2024-08-23,1000000.00,4.115624,102.30078125
08:01:02,912810UC0,TSRYS5860825,D,S,D,2024-08-23,1000000.00,4.11697,102.27734375
08:01:02,912810UC0,TSRYS5860825,D,S,T,2024-08-23,1000000.00,4.125172,102.134765625
08:01:02,912810UC0,TSRYS5860825,D,B,C,2024-08-23,1000000.00,4.114726,102.31640625
08:01:02,912810UC0,TSRYS5860825,D,S,D,2024-08-23,1000000.00,4.115848,102.296875
08:01:02,912810UC0,TSRYS5860825,D,S,D,2024-08-23,1000000.00,4.115848,102.296875
08:01:02,912810UC0,TSRYS5860825,D,B,C,2024-08-23,1000000.00,4.117419,102.26953125
08:01:02,912810UC0,TSRYS5860825,D,S,D,2024-08-23,1000000.00,4.116297,102.2890625
08:01:02,912810UC0,TSRYS5860825,D,B,C,2024-08-23,1000000.00,4.117419,102.26953125
08:01:02,912810UC0,TSRYS5860825,D,S,D,2024-08-23,1000000.00,4.115399,102.3046875
08:01:02,912810UC0,TSRYS5860825,D,S,D,2024-08-23,1000000.00,4.114726,102.31640625
08:01:02,912810UC0,TSRYS5860825,D,B,C,2024-08-23,1000000.00,4.11697,102.27734375
08:01:02,912810UC0,TSRYS5860825,D,B,C,2024-08-23,1000000.00,4.117419,102.26953125
08:01:02,912810UC0,TSRYS5860825,D,S,D,2024-08-23,1000000.00,4.117419,102.26953125
08:01:02,912810UC0,TSRYS5860825,D,S,D,2024-08-23,1000000.00,4.117419,102.26953125
08:01:02,912810UC0,TSRYS5860825,D,S,D,2024-08-23,1000000.00,4.117419,102.26953125
08:01:02,912810UC0,TSRYS5860825,D,S,D,2024-08-23,1000000.00,4.117644,102.265625
08:01:02,912810UC0,TSRYS5860825,D,S,D,2024-08-23,1000000.00,4.117419,102.26953125
08:01:02,912810UC0,TSRYS5860825,D,B,C,2024-08-23,1000000.00,4.122586,102.1796875
08:01:02,912810UC0,TSRYS5860825,D,B,C,2024-08-23,1000000.00,4.122586,102.1796875
08:01:02,912810UC0,TSRYS5860825,D,B,C,2024-08-23,1000000.00,4.117419,102.26953125
08:01:02,912810UC0,TSRYS5860825,D,S,D,2024-08-23,1000000.00,4.122586,102.1796875
08:01:02,912810UC0,TSRYS5860825,D,S,D,2024-08-23,1000000.00,4.118991,102.2421875
08:01:02,912810UC0,TSRYS5860825,D,S,D,2024-08-23,1000000.00,4.122586,102.1796875
08:01:02,912810UC0,TSRYS5860825,D,S,D,2024-08-23,1000000.00,4.12326,102.16796875
08:01:02,912810UC0,TSRYS5860825,D,S,C,2024-08-23,1000000.00,4.121687,102.1953125
08:01:02,912810UC0,TSRYS5860825,D,S,C,2024-08-23,1000000.00,4.12371,102.16015625
08:01:02,912810UC0,TSRYS5860825,D,S,D,2024-08-23,1000000.00,4.12326,102.16796875
08:01:02,912810UC0,TSRYS5860825,D,S,D,2024-08-23,1000000.00,4.123485,102.1640625
08:01:02,912810UC0,TSRYS5860825,D,S,D,2024-08-23,1000000.00,4.122361,102.18359375
08:01:02,912810UC0,TSRYS5860825,D,S,D,2024-08-23,1000000.00,4.122361,102.18359375
08:01:02,912810UC0,TSRYS5860825,D,S,C,2024-08-23,1000000.00,4.11989,102.2265625
08:01:02,912810UC0,TSRYS5860825,D,S,T,2024-08-23,1000000.00,4.124834,102.140625
08:01:02,912810UC0,TSRYS5860825,D,S,D,2024-08-23,1000000.00,4.115399,102.3046875
08:01:02,912810UC0,TSRYS5860825,D,S,C,2024-08-23,1000000.00,4.114726,102.31640625
08:01:02,912810UC0,TSRYS5860825,D,B,C,2024-08-23,1000000.00,4.115399,102.3046875
08:01:02,912810UC0,TSRYS5860825,D,S,C,2024-08-23,1000000.00,4.11697,102.27734375
08:01:02,912810UC0,TSRYS5860825,D,S,D,2024-08-23,1000000.00,4.11944,102.234375
08:01:02,912810UC0,TSRYS5860825,D,S,D,2024-08-23,1000000.00,4.121013,102.20703125
08:01:02,912810UC0,TSRYS5860825,D,S,D,2024-08-23,1000000.00,4.118542,102.25
08:01:02,912810UC0,TSRYS5860825,D,S,D,2024-08-23,1000000.00,4.121912,102.19140625
08:01:02,912810UC0,TSRYS5860825,D,S,D,2024-08-23,1000000.00,4.116522,102.28515625
08:01:02,912810UC0,TSRYS5860825,D,S,C,2024-08-23,1000000.00,4.116073,102.29296875
08:01:02,912810UC0,TSRYS5860825,D,S,D,2024-08-23,1000000.00,4.115848,102.296875
08:01:02,912810UC0,TSRYS5860825,D,S,D,2024-08-23,1000000.00,4.114053,102.328125
08:01:02,912810UC0,TSRYS5860825,D,S,D,2024-08-23,1000000.00,4.117868,102.26171875
08:01:02,912810UC0,TSRYS5860825,D,S,D,2024-08-23,1000000.00,4.115848,102.296875
08:01:02,912810UC0,TSRYS5860825,D,S,D,2024-08-23,1000000.00,4.119216,102.23828125
08:01:02,912810UC0,TSRYS5860825,D,S,D,2024-08-23,1000000.00,4.131136,102.03125
08:01:02,912810UC0,TSRYS5860825,D,S,D,2024-08-23,1000000.00,4.122811,102.17578125
08:01:02,912810UC0,TSRYS5860825,D,S,D,2024-08-23,1000000.00,4.121912,102.19140625
08:01:02,912810UC0,TSRYS5860825,D,S,D,2024-08-23,1000000.00,4.131136,102.03125
08:01:02,912810UC0,TSRYS5860825,D,S,C,2024-08-23,1000000.00,4.115624,102.30078125
08:01:02,912810UC0,TSRYS5860825,D,S,D,2024-08-23,1000000.00,4.126634,102.109375
08:01:02,912810UC0,TSRYS5860825,D,S,D,2024-08-23,1000000.00,4.122811,102.17578125
08:01:02,912810UC0,TSRYS5860825,D,S,D,2024-08-23,3000000.00,4.116746,102.28125
08:01:02,912810UC0,TSRYS5860825,D,S,C,2024-08-23,1000000.00,4.12956,102.05859375
08:01:02,912810UC0,TSRYS5860825,D,S,D,2024-08-23,1000000.00,4.126184,102.1171875
08:01:02,912810UC0,TSRYS5860825,D,B,C,2024-08-23,1000000.00,4.12326,102.16796875
08:01:03,912810UC0,TSRYS5860825,D,S,D,2024-08-23,1000000.00,4.12326,102.16796875
08:01:03,912810UC0,TSRYS5860825,D,S,D,2024-08-23,1000000.00,4.126634,102.109375
08:01:03,912810UC0,TSRYS5860825,D,S,D,2024-08-23,1000000.00,4.127759,102.08984375
08:01:03,912810UC0,TSRYS5860825,D,S,C,2024-08-23,1000000.00,4.127984,102.0859375
08:01:03,912810UC0,TSRYS5860825,D,S,D,2024-08-23,1000000.00,4.127984,102.0859375
08:01:03,912810UC0,TSRYS5860825,D,S,D,2024-08-23,1000000.00,4.127534,102.09375
08:01:03,912810UC0,TSRYS5860825,D,S,D,2024-08-23,1000000.00,4.128209,102.08203125
08:01:03,912810UC0,TSRYS5860825,D,B,C,2024-08-23,1000000.00,4.122586,102.1796875
08:01:03,912810UC0,TSRYS5860825,D,S,D,2024-08-23,1000000.00,4.127984,102.0859375
08:01:03,912810UC0,TSRYS5860825,D,S,D,2024-08-23,1000000.00,4.122586,102.1796875
08:01:03,912810UC0,TSRYS5860825,D,B,C,2024-08-23,1000000.00,4.127984,102.0859375
08:01:03,912810UC0,TSRYS5860825,D,S,C,2024-08-23,1000000.00,4.128209,102.08203125
08:01:03,912810UC0,TSRYS5860825,D,B,C,2024-08-23,1000000.00,4.127984,102.0859375
08:01:03,912810UC0,TSRYS5860825,D,B,C,2024-08-23,1000000.00,4.127984,102.0859375
08:01:03,912810UC0,TSRYS5860825,D,S,D,2024-08-23,3000000.00,4.128434,102.078125
08:01:03,912810UC0,TSRYS5860825,D,S,D,2024-08-23,1000000.00,4.129785,102.0546875
08:01:03,912810UC0,TSRYS5860825,D,B,C,2024-08-23,1000000.00,4.127309,102.09765625
08:01:03,912810UC0,TSRYS5860825,D,B,C,2024-08-23,1000000.00,4.129785,102.0546875
08:01:03,912810UC0,TSRYS5860825,D,S,D,2024-08-23,3000000.00,4.128434,102.078125
08:01:03,912810UC0,TSRYS5860825,D,S,D,2024-08-23,1000000.00,4.127309,102.09765625
08:01:03,912810UC0,TSRYS5860825,D,S,D,2024-08-23,1000000.00,4.127984,102.0859375
08:01:03,912810UC0,TSRYS5860825,D,B,C,2024-08-23,1000000.00,4.127309,102.09765625
08:01:03,912810UC0,TSRYS5860825,D,B,C,2024-08-23,1000000.00,4.126409,102.11328125
08:01:03,912810UC0,TSRYS5860825,D,S,D,2024-08-23,1000000.00,4.127309,102.09765625
08:01:03,912810UC0,TSRYS5860825,D,S,D,2024-08-23,1000000.00,4.126409,102.11328125
08:01:03,912810UC0,TSRYS5860825,D,B,C,2024-08-23,1000000.00,4.127759,102.08984375
08:01:03,912810UC0,TSRYS5860825,D,S,D,2024-08-23,1000000.00,4.127759,102.08984375
08:01:03,912810UC0,TSRYS5860825,D,S,C,2024-08-23,1000000.00,4.127984,102.0859375
08:01:03,912810UC0,TSRYS5860825,D,B,C,2024-08-23,1000000.00,4.127534,102.09375
08:01:03,912810UC0,TSRYS5860825,D,S,D,2024-08-23,1000000.00,4.127534,102.09375
08:01:03,912810UC0,TSRYS5860825,D,S,D,2024-08-23,1000000.00,4.127534,102.09375
08:01:03,912810UC0,TSRYS5860825,D,B,C,2024-08-23,1000000.00,4.127534,102.09375
08:01:03,912810UC0,TSRYS5860825,D,S,D,2024-08-23,1000000.00,4.127534,102.09375
08:01:03,912810UC0,TSRYS5860825,D,B,C,2024-08-23,1000000.00,4.127534,102.09375
08:01:03,912810UC0,TSRYS5860825,D,B,C,2024-08-23,1000000.00,4.127534,102.09375
08:01:03,912810UC0,TSRYS5860825,D,S,D,2024-08-23,1000000.00,4.127534,102.09375
08:01:03,912810UC0,TSRYS5860825,D,S,D,2024-08-23,1000000.00,4.127534,102.09375
08:01:03,912810UC0,TSRYS5860825,D,B,C,2024-08-23,1000000.00,4.127534,102.09375
08:01:03,912810UC0,TSRYS5860825,D,B,C,2024-08-23,1000000.00,4.127534,102.09375
08:01:03,912810UC0,TSRYS5860825,D,B,C,2024-08-23,1000000.00,4.127534,102.09375
08:01:03,912810UC0,TSRYS5860825,D,S,D,2024-08-23,1000000.00,4.127534,102.09375
08:01:03,912810UC0,TSRYS5860825,D,S,D,2024-08-23,1000000.00,4.127534,102.09375
08:01:03,912810UC0,TSRYS5860825,D,B,C,2024-08-23,1000000.00,4.127534,102.09375
08:01:03,912810UC0,TSRYS5860825,D,S,D,2024-08-23,1000000.00,4.127534,102.09375
08:01:03,912810UC0,TSRYS5860825,D,S,C,2024-08-23,1000000.00,4.128209,102.08203125
08:01:03,912810UC0,TSRYS5860825,D,S,C,2024-08-23,1000000.00,4.127984,102.0859375
08:01:03,912810UC0,TSRYS5860825,D,S,D,2024-08-23,1000000.00,4.126184,102.1171875
08:01:03,912810UC0,TSRYS5860825,D,S,D,2024-08-23,1000000.00,4.126859,102.10546875
08:01:03,912810UC0,TSRYS5860825,D,S,D,2024-08-23,1000000.00,4.126184,102.1171875
08:01:03,912810UC0,TSRYS5860825,D,B,C,2024-08-23,1000000.00,4.126184,102.1171875
08:01:03,912810UC0,TSRYS5860825,D,S,D,2024-08-23,2000000.00,4.127084,102.1015625
08:01:03,912810UC0,TSRYS5860825,D,B,C,2024-08-23,1000000.00,4.126184,102.1171875
08:01:03,912810UC0,TSRYS5860825,D,S,D,2024-08-23,1000000.00,4.126184,102.1171875
08:01:03,912810UC0,TSRYS5860825,D,S,D,2024-08-23,2000000.00,4.126184,102.1171875
08:01:03,912810UC0,TSRYS5860825,D,S,D,2024-08-23,1000000.00,4.125509,102.12890625
08:01:03,912810UC0,TSRYS5860825,D,S,D,2024-08-23,1000000.00,4.125734,102.125
08:01:03,912810UC0,TSRYS5860825,D,S,D,2024-08-23,3000000.00,4.125734,102.125
08:01:03,912810UC0,TSRYS5860825,D,S,D,2024-08-23,1000000.00,4.125734,102.125
08:01:03,912810UC0,TSRYS5860825,D,S,D,2024-08-23,1000000.00,4.125734,102.125
08:01:03,912810UC0,TSRYS5860825,D,S,C,2024-08-23,1000000.00,4.124385,102.1484375
08:01:03,912810UC0,TSRYS5860825,D,S,C,2024-08-23,1000000.00,4.124385,102.1484375
08:01:03,912810UC0,TSRYS5860825,D,S,D,2024-08-23,1000000.00,4.124834,102.140625
08:01:03,912810UC0,TSRYS5860825,D,S,C,2024-08-23,1000000.00,4.124834,102.140625
08:01:03,912810UC0,TSRYS5860825,D,B,C,2024-08-23,1000000.00,4.122586,102.1796875
08:01:03,912810UC0,TSRYS5860825,D,S,D,2024-08-23,1000000.00,4.122586,102.1796875
08:01:03,912810UC0,TSRYS5860825,D,S,D,2024-08-23,1000000.00,4.119665,102.23046875
08:01:03,912810UC0,TSRYS5860825,D,S,D,2024-08-23,1000000.00,4.11944,102.234375
08:01:03,912810UC0,TSRYS5860825,D,S,C,2024-08-23,1000000.00,4.117419,102.26953125
08:01:03,912810UC0,TSRYS5860825,D,B,C,2024-08-23,1000000.00,4.117195,102.2734375
08:01:03,912810UC0,TSRYS5860825,D,S,D,2024-08-23,1000000.00,4.117195,102.2734375
08:01:03,912810UC0,TSRYS5860825,D,S,D,2024-08-23,1000000.00,4.118317,102.25390625
08:01:03,912810UC0,TSRYS5860825,D,S,D,2024-08-23,1000000.00,4.118093,102.2578125
08:01:03,912810UC0,TSRYS5860825,D,B,C,2024-08-23,1000000.00,4.117195,102.2734375
08:01:03,912810UC0,TSRYS5860825,D,S,C,2024-08-23,1000000.00,4.117195,102.2734375
08:01:03,912810UC0,TSRYS5860825,D,S,C,2024-08-23,1000000.00,4.117195,102.2734375
08:01:03,912810UC0,TSRYS5860825,D,B,C,2024-08-23,1000000.00,4.117195,102.2734375
08:01:03,912810UC0,TSRYS5860825,D,B,C,2024-08-23,1000000.00,4.117195,102.2734375
08:01:03,912810UC0,TSRYS5860825,D,S,D,2024-08-23,1000000.00,4.117195,102.2734375
08:01:03,912810UC0,TSRYS5860825,D,B,C,2024-08-23,1000000.00,4.117195,102.2734375
08:01:03,912810UC0,TSRYS5860825,D,S,C,2024-08-23,1000000.00,4.11697,102.27734375
08:01:03,912810UC0,TSRYS5860825,D,S,D,2024-08-23,1000000.00,4.117195,102.2734375
08:01:03,912810UC0,TSRYS5860825,D,S,C,2024-08-23,1000000.00,4.116522,102.28515625
08:01:03,912810UC0,TSRYS5860825,D,S,D,2024-08-23,1000000.00,4.117644,102.265625
08:01:03,912810UC0,TSRYS5860825,D,B,C,2024-08-23,1000000.00,4.115848,102.296875
08:01:03,912810UC0,TSRYS5860825,D,S,C,2024-08-23,1000000.00,4.116746,102.28125
08:01:03,912810UC0,TSRYS5860825,D,S,C,2024-08-23,1000000.00,4.115399,102.3046875
08:01:03,912810UC0,TSRYS5860825,D,S,D,2024-08-23,1000000.00,4.115848,102.296875
08:01:03,912810UC0,TSRYS5860825,D,B,C,2024-08-23,1000000.00,4.11697,102.27734375
08:01:03,912810UC0,TSRYS5860825,D,S,C,2024-08-23,1000000.00,4.11697,102.27734375
08:01:03,912810UC0,TSRYS5860825,D,S,D,2024-08-23,1000000.00,4.11697,102.27734375
08:01:03,912810UC0,TSRYS5860825,D,S,D,2024-08-23,1000000.00,4.117644,102.265625
08:01:03,912810UC0,TSRYS5860825,D,S,C,2024-08-23,1000000.00,4.117195,102.2734375
08:01:03,912810UC0,TSRYS5860825,D,S,C,2024-08-23,1000000.00,4.115624,102.30078125
08:01:06,912810UC0,TSRYS5860825,D,S,D,2024-08-23,5000000.00,4.117644,102.265625
08:01:07,912810UC0,TSRYS5860825,D,S,D,2024-08-23,5000000.00,4.114053,102.328125
08:01:07,912810UC0,TSRYS5860825,D,S,A,2024-08-23,1000000.00,4.118205,102.25585938
08:01:08,912810UC0,TSRYS5860825,D,S,T,2024-08-23,2000000.00,4.122149,102.187273
08:01:08,912810UC0,TSRYS5860825,D,B,A,2024-08-23,2000000.00,4.122149,102.187273
08:01:09,912810UC0,TSRYS5860825,D,S,D,2024-08-23,1000000.00,4.11944,102.234375
08:01:09,912810UC0,TSRYS5860825,D,S,D,2024-08-23,1000000.00,4.115848,102.296875
08:01:09,912810UC0,TSRYS5860825,D,S,D,2024-08-23,1000000.00,4.116522,102.28515625
08:01:09,912810UC0,TSRYS5860825,D,S,D,2024-08-23,1000000.00,4.115848,102.296875
08:01:09,912810UC0,TSRYS5860825,D,S,D,2024-08-23,1000000.00,4.114053,102.328125
08:01:10,912810UC0,TSRYS5860825,D,S,T,2024-08-23,1000000.00,4.11765,102.265525
08:01:10,912810UC0,TSRYS5860825,D,S,T,2024-08-23,1000000.00,4.123041,102.171775
08:01:10,912810UC0,TSRYS5860825,D,S,T,2024-08-23,1000000.00,4.11765,102.265525
08:01:10,912810UC0,TSRYS5860825,D,S,T,2024-08-23,1000000.00,4.122142,102.1874
08:01:10,912810UC0,TSRYS5860825,D,S,T,2024-08-23,1000000.00,4.123048,102.17165
08:01:10,912810UC0,TSRYS5860825,D,S,T,2024-08-23,1000000.00,4.123485,102.1640625
08:01:11,912810UC0,TSRYS5860825,D,B,C,2024-08-23,1000000.00,4.118062,102.2583568
08:01:11,912810UC0,TSRYS5860825,D,B,C,2024-08-23,2000000.00,4.123265,102.1678873
08:01:11,912810UC0,TSRYS5860825,D,B,C,2024-08-23,2000000.00,4.123633,102.1614864
08:01:11,912810UC0,TSRYS5860825,D,S,T,2024-08-23,1000000.00,4.118549,102.249875
08:01:11,912810UC0,TSRYS5860825,D,S,T,2024-08-23,1000000.00,4.116753,102.281125
08:01:14,912810UC0,TSRYS5860825,D,S,T,2024-08-23,1000000.00,4.118549,102.249875
08:01:15,912810UC0,TSRYS5860825,D,S,T,2024-08-23,1000000.00,4.116753,102.281125
08:01:15,912810UC0,TSRYS5860825,D,S,T,2024-08-23,1000000.00,4.114958,102.312375
08:01:16,912810UC0,TSRYS5860825,D,S,A,2024-08-23,1000000.00,4.122136,102.1875
08:01:18,912810UC0,TSRYS5860825,D,B,C,2024-08-23,1000000.00,4.123822,102.15820312
08:01:19,912810UC0,TSRYS5860825,D,S,D,2024-08-23,1000000.00,4.119665,102.23046875
08:01:19,912810UC0,TSRYS5860825,D,S,T,2024-08-23,1000000.00,4.121255,102.202825
08:01:20,912810UC0,TSRYS5860825,D,S,D,2024-08-23,1000000.00,4.121912,102.19140625
08:01:20,912810UC0,TSRYS5860825,D,B,C,2024-08-23,1000000.00,4.121912,102.19140625
08:01:20,912810UC0,TSRYS5860825,D,S,C,2024-08-23,3000000.00,4.115735,102.29885
08:01:20,912810UC0,TSRYS5860825,D,S,D,2024-08-23,1000000.00,4.12371,102.16015625
08:01:21,912810UC0,TSRYS5860825,D,S,T,2024-08-23,1000000.00,4.121255,102.202825
08:01:21,912810UC0,TSRYS5860825,D,S,D,2024-08-23,1000000.00,4.115624,102.30078125
08:01:22,912810UC0,TSRYS5860825,D,S,D,2024-08-23,1000000.00,4.115624,102.30078125
08:01:22,912810UC0,TSRYS5860825,D,S,D,2024-08-23,1000000.00,4.11697,102.27734375
08:01:22,912810UC0,TSRYS5860825,D,B,C,2024-08-23,1000000.00,4.120901,102.20898437
08:01:22,912810UC0,TSRYS5860825,D,S,D,2024-08-23,1000000.00,4.116073,102.29296875
08:01:22,912810UC0,TSRYS5860825,D,S,T,2024-08-23,1000000.00,4.116073,102.29296875
08:01:23,912810UC0,TSRYS5860825,D,S,T,2024-08-23,1000000.00,4.117083,102.27539062
08:01:23,912810UC0,TSRYS5860825,D,S,D,2024-08-23,1000000.00,4.117083,102.27539062
08:01:23,912810UC0,TSRYS5860825,D,S,C,2024-08-23,2000000.00,4.116594,102.2839
08:01:23,912810UC0,TSRYS5860825,D,S,T,2024-08-23,1000000.00,4.115624,102.30078125
08:01:23,912810UC0,TSRYS5860825,D,S,D,2024-08-23,1000000.00,4.115624,102.30078125
08:01:23,912810UC0,TSRYS5860825,D,S,D,2024-08-23,1000000.00,4.116746,102.28125
08:01:23,912810UC0,TSRYS5860825,D,S,C,2024-08-23,1000000.00,4.117644,102.265625
08:01:23,912810UC0,TSRYS5860825,D,S,A,2024-08-23,2500000.00,4.125734,102.125
08:01:23,912810UC0,TSRYS5860825,D,S,D,2024-08-23,1000000.00,4.116746,102.28125
08:01:23,912810UC0,TSRYS5860825,D,S,T,2024-08-23,1000000.00,4.122586,102.1796875
08:01:24,912810UC0,TSRYS5860825,D,S,T,2024-08-23,1000000.00,4.122474,102.18164062
08:01:24,912810UC0,TSRYS5860825,D,S,T,2024-08-23,1000000.00,4.122474,102.18164062
08:01:24,912810UC0,TSRYS5860825,D,S,T,2024-08-23,1000000.00,4.122586,102.1796875
08:01:24,912810UC0,TSRYS5860825,D,S,T,2024-08-23,1000000.00,4.122586,102.1796875
08:01:24,912810UC0,TSRYS5860825,D,S,T,2024-08-23,2000000.00,4.122361,102.18359375
08:01:24,912810UC0,TSRYS5860825,D,S,T,2024-08-23,1000000.00,4.122586,102.1796875
08:01:24,912810UC0,TSRYS5860825,D,S,T,2024-08-23,1000000.00,4.122361,102.18359375
08:01:24,912810UC0,TSRYS5860825,D,B,C,2024-08-23,2000000.00,4.117532,102.26757812
08:01:24,912810UC0,TSRYS5860825,D,S,T,2024-08-23,2000000.00,4.125284,102.1328125
08:01:24,912810UC0,TSRYS5860825,D,S,T,2024-08-23,1000000.00,4.125172,102.13476562
08:01:24,912810UC0,TSRYS5860825,D,S,T,2024-08-23,2000000.00,4.125059,102.13671875
08:01:24,912810UC0,TSRYS5860825,D,S,T,2024-08-23,1000000.00,4.125284,102.1328125
08:01:24,912810UC0,TSRYS5860825,D,S,T,2024-08-23,1000000.00,4.125172,102.13476562
08:01:24,912810UC0,TSRYS5860825,D,S,T,2024-08-23,1000000.00,4.125284,102.1328125
08:01:24,912810UC0,TSRYS5860825,D,S,T,2024-08-23,1000000.00,4.125284,102.1328125
08:01:24,912810UC0,TSRYS5860825,D,S,T,2024-08-23,1000000.00,4.124843,102.140475
08:01:24,912810UC0,TSRYS5860825,D,S,T,2024-08-23,1000000.00,4.124843,102.140475
08:01:24,912810UC0,TSRYS5860825,D,S,D,2024-08-23,1000000.00,4.125284,102.1328125
08:01:24,912810UC0,TSRYS5860825,D,B,C,2024-08-23,4000000.00,4.115869,102.29652
08:01:24,912810UC0,TSRYS5860825,D,S,T,2024-08-23,1000000.00,4.125284,102.1328125
08:01:24,912810UC0,TSRYS5860825,D,S,T,2024-08-23,1000000.00,4.11843,102.25195312
08:01:24,912810UC0,TSRYS5860825,D,S,T,2024-08-23,2000000.00,4.125284,102.1328125
08:01:24,912810UC0,TSRYS5860825,D,S,T,2024-08-23,1000000.00,4.125284,102.1328125
08:01:24,912810UC0,TSRYS5860825,D,S,T,2024-08-23,1000000.00,4.125284,102.1328125
08:01:24,912810UC0,TSRYS5860825,D,S,D,2024-08-23,1000000.00,4.125284,102.1328125
08:01:24,912810UC0,TSRYS5860825,D,B,C,2024-08-23,1000000.00,4.123822,102.15820312
08:01:24,912810UC0,TSRYS5860825,D,S,D,2024-08-23,1000000.00,4.125284,102.1328125
08:01:24,912810UC0,TSRYS5860825,D,S,D,2024-08-23,2000000.00,4.11944,102.234375
08:01:25,912810UC0,TSRYS5860825,D,S,T,2024-08-23,1000000.00,4.126642,102.109225
08:01:25,912810UC0,TSRYS5860825,D,S,T,2024-08-23,1000000.00,4.126521,102.11132812
08:01:25,912810UC0,TSRYS5860825,D,S,T,2024-08-23,1000000.00,4.126642,102.109225
08:01:25,912810UC0,TSRYS5860825,D,S,T,2024-08-23,1000000.00,4.126634,102.109375
08:01:25,912810UC0,TSRYS5860825,D,S,T,2024-08-23,1000000.00,4.126634,102.109375
08:01:25,912810UC0,TSRYS5860825,D,S,T,2024-08-23,1000000.00,4.126642,102.109225
08:01:25,912810UC0,TSRYS5860825,D,S,T,2024-08-23,1000000.00,4.126642,102.109225
08:01:25,912810UC0,TSRYS5860825,D,S,T,2024-08-23,1000000.00,4.126642,102.109225
08:01:25,912810UC0,TSRYS5860825,D,S,T,2024-08-23,1000000.00,4.126642,102.109225
08:01:25,912810UC0,TSRYS5860825,D,B,C,2024-08-23,1000000.00,4.127984,102.0859375
08:01:25,912810UC0,TSRYS5860825,D,B,C,2024-08-23,1000000.00,4.122474,102.18164062
08:01:25,912810UC0,TSRYS5860825,D,S,D,2024-08-23,1000000.00,4.127984,102.0859375
08:01:25,912810UC0,TSRYS5860825,D,S,D,2024-08-23,1000000.00,4.127984,102.0859375
08:01:25,912810UC0,TSRYS5860825,D,S,T,2024-08-23,1000000.00,4.127984,102.0859375
08:01:26,912810UC0,TSRYS5860825,D,S,T,2024-08-23,1000000.00,4.127871,102.087890625
08:01:26,912810UC0,TSRYS5860825,D,S,C,2024-08-23,20000000.00,4.127544,102.09357
08:01:26,912810UC0,TSRYS5860825,D,S,C,2024-08-23,22000000.00,4.123764,102.15922
08:01:27,912810UC0,TSRYS5860825,D,S,D,2024-08-23,1000000.00,4.117083,102.27539062
08:01:27,912810UC0,TSRYS5860825,D,S,T,2024-08-23,1000000.00,4.117083,102.27539062
08:01:27,912810UC0,TSRYS5860825,D,S,C,2024-08-23,17000000.00,4.127308,102.09767
08:01:27,912810UC0,TSRYS5860825,D,S,T,2024-08-23,1000000.00,4.127084,102.1015625
08:01:27,912810UC0,TSRYS5860825,D,S,D,2024-08-23,1000000.00,4.12135,102.20117187
08:01:27,912810UC0,TSRYS5860825,D,S,T,2024-08-23,1000000.00,4.126859,102.10546875
08:01:27,912810UC0,TSRYS5860825,D,S,T,2024-08-23,1000000.00,4.127542,102.0936
08:01:27,912810UC0,TSRYS5860825,D,S,T,2024-08-23,1000000.00,4.127984,102.0859375
08:01:28,912810UC0,TSRYS5860825,D,S,T,2024-08-23,1000000.00,4.127984,102.0859375
08:01:28,912810UC0,TSRYS5860825,D,S,T,2024-08-23,2000000.00,4.127984,102.0859375
08:01:28,912810UC0,TSRYS5860825,D,S,D,2024-08-23,1000000.00,4.127984,102.0859375
08:01:28,912810UC0,TSRYS5860825,D,S,T,2024-08-23,1000000.00,4.127984,102.0859375
08:01:28,912810UC0,TSRYS5860825,D,S,T,2024-08-23,1000000.00,4.127984,102.0859375
08:01:28,912810UC0,TSRYS5860825,D,S,T,2024-08-23,1000000.00,4.127984,102.0859375
08:01:28,912810UC0,TSRYS5860825,D,S,T,2024-08-23,1000000.00,4.128434,102.078125
08:01:28,912810UC0,TSRYS5860825,D,S,D,2024-08-23,1000000.00,4.128209,102.08203125
08:01:28,912810UC0,TSRYS5860825,D,S,D,2024-08-23,1000000.00,4.128209,102.08203125
08:01:28,912810UC0,TSRYS5860825,D,S,D,2024-08-23,1000000.00,4.127984,102.0859375
08:01:28,912810UC0,TSRYS5860825,D,S,T,2024-08-23,1000000.00,4.127084,102.1015625
08:01:28,912810UC0,TSRYS5860825,D,S,D,2024-08-23,1000000.00,4.126859,102.10546875
08:01:28,912810UC0,TSRYS5860825,D,S,T,2024-08-23,1000000.00,4.126859,102.10546875
08:01:28,912810UC0,TSRYS5860825,D,S,D,2024-08-23,1000000.00,4.127084,102.1015625
08:01:28,912810UC0,TSRYS5860825,D,S,T,2024-08-23,1000000.00,4.127084,102.1015625
08:01:28,912810UC0,TSRYS5860825,D,S,T,2024-08-23,2000000.00,4.127084,102.1015625
08:01:28,912810UC0,TSRYS5860825,D,S,T,2024-08-23,1000000.00,4.127084,102.1015625
08:01:28,912810UC0,TSRYS5860825,D,S,T,2024-08-23,1000000.00,4.127084,102.1015625
08:01:28,912810UC0,TSRYS5860825,D,S,T,2024-08-23,1000000.00,4.127084,102.1015625
08:01:28,912810UC0,TSRYS5860825,D,S,T,2024-08-23,1000000.00,4.126642,102.109225
08:01:28,912810UC0,TSRYS5860825,D,S,T,2024-08-23,1000000.00,4.121245,102.202995
08:01:28,912810UC0,TSRYS5860825,D,S,T,2024-08-23,1000000.00,4.125743,102.12485
08:01:28,912810UC0,TSRYS5860825,D,B,C,2024-08-23,1000000.00,4.126184,102.1171875
08:01:28,912810UC0,TSRYS5860825,D,S,T,2024-08-23,1000000.00,4.126859,102.10546875
08:01:28,912810UC0,TSRYS5860825,D,S,T,2024-08-23,1000000.00,4.122142,102.1874
08:01:28,912810UC0,TSRYS5860825,D,S,D,2024-08-23,1000000.00,4.126859,102.10546875
08:01:28,912810UC0,TSRYS5860825,D,S,T,2024-08-23,1000000.00,4.122136,102.1875
08:01:28,912810UC0,TSRYS5860825,D,S,T,2024-08-23,1000000.00,4.122136,102.1875
08:01:28,912810UC0,TSRYS5860825,D,S,T,2024-08-23,1000000.00,4.122136,102.1875
08:01:28,912810UC0,TSRYS5860825,D,S,T,2024-08-23,1000000.00,4.127084,102.1015625
08:01:28,912810UC0,TSRYS5860825,D,S,T,2024-08-23,1000000.00,4.121245,102.202995
08:01:28,912810UC0,TSRYS5860825,D,S,T,2024-08-23,2000000.00,4.127084,102.1015625
08:01:28,912810UC0,TSRYS5860825,D,S,T,2024-08-23,1000000.00,4.126642,102.109225
08:01:28,912810UC0,TSRYS5860825,D,S,D,2024-08-23,1000000.00,4.11989,102.2265625
08:01:28,912810UC0,TSRYS5860825,D,S,D,2024-08-23,2000000.00,4.127084,102.1015625
08:01:28,912810UC0,TSRYS5860825,D,S,D,2024-08-23,1000000.00,4.119665,102.23046875
08:01:28,912810UC0,TSRYS5860825,D,S,T,2024-08-23,1000000.00,4.127084,102.1015625
08:01:28,912810UC0,TSRYS5860825,D,S,D,2024-08-23,1000000.00,4.11989,102.2265625
08:01:28,912810UC0,TSRYS5860825,D,S,T,2024-08-23,1000000.00,4.124722,102.142578125
08:01:28,912810UC0,TSRYS5860825,D,S,T,2024-08-23,1000000.00,4.122142,102.1874
08:01:28,912810UC0,TSRYS5860825,D,B,A,2024-08-23,1000000.00,4.114632,102.31640625
08:01:28,912810UC0,TSRYS5860825,D,S,T,2024-08-23,1000000.00,4.124722,102.142578125
08:01:28,912810UC0,TSRYS5860825,D,S,T,2024-08-23,1000000.00,4.125743,102.12485
08:01:28,912810UC0,TSRYS5860825,D,S,D,2024-08-23,1000000.00,4.117083,102.27539062
08:01:28,912810UC0,TSRYS5860825,D,S,T,2024-08-23,1000000.00,4.124947,102.138671875
08:01:29,912810UC0,TSRYS5860825,D,S,T,2024-08-23,1000000.00,4.124947,102.138671875
08:01:29,912810UC0,TSRYS5860825,D,S,T,2024-08-23,1000000.00,4.125734,102.125
08:01:29,912810UC0,TSRYS5860825,D,S,D,2024-08-23,1000000.00,4.125734,102.125
08:01:29,912810UC0,TSRYS5860825,D,S,T,2024-08-23,1000000.00,4.124385,102.1484375
08:01:29,912810UC0,TSRYS5860825,D,S,T,2024-08-23,1000000.00,4.125621,102.12695312
08:01:29,912810UC0,TSRYS5860825,D,S,D,2024-08-23,1000000.00,4.117083,102.27539062
08:01:29,912810UC0,TSRYS5860825,D,S,T,2024-08-23,1000000.00,4.125743,102.12485
08:01:29,912810UC0,TSRYS5860825,D,S,D,2024-08-23,1000000.00,4.125509,102.12890625
08:01:29,912810UC0,TSRYS5860825,D,S,T,2024-08-23,1000000.00,4.124047,102.154296875
08:01:29,912810UC0,TSRYS5860825,D,S,T,2024-08-23,1000000.00,4.125743,102.12485
08:01:29,912810UC0,TSRYS5860825,D,S,T,2024-08-23,1000000.00,4.125743,102.12485
08:01:29,912810UC0,TSRYS5860825,D,S,T,2024-08-23,1000000.00,4.125743,102.12485
08:01:29,912810UC0,TSRYS5860825,D,S,D,2024-08-23,1000000.00,4.117083,102.27539062
08:01:29,912810UC0,TSRYS5860825,D,S,T,2024-08-23,1000000.00,4.124385,102.1484375
08:01:29,912810UC0,TSRYS5860825,D,S,T,2024-08-23,1000000.00,4.124385,102.1484375
08:01:29,912810UC0,TSRYS5860825,D,S,T,2024-08-23,1000000.00,4.124385,102.1484375
08:01:29,912810UC0,TSRYS5860825,D,S,D,2024-08-23,1000000.00,4.124385,102.1484375
08:01:29,912810UC0,TSRYS5860825,D,S,T,2024-08-23,1000000.00,4.124385,102.1484375
08:01:29,912810UC0,TSRYS5860825,D,S,T,2024-08-23,1000000.00,4.116746,102.28125
08:01:29,912810UC0,TSRYS5860825,D,S,D,2024-08-23,1000000.00,4.124385,102.1484375
08:01:29,912810UC0,TSRYS5860825,D,S,T,2024-08-23,1000000.00,4.124385,102.1484375
08:01:29,912810UC0,TSRYS5860825,D,S,D,2024-08-23,1000000.00,4.124834,102.140625
08:01:29,912810UC0,TSRYS5860825,D,S,T,2024-08-23,1000000.00,4.124843,102.140475
08:01:29,912810UC0,TSRYS5860825,D,S,T,2024-08-23,1000000.00,4.124843,102.140475
08:01:29,912810UC0,TSRYS5860825,D,B,C,2024-08-23,1000000.00,4.11944,102.234375
08:01:29,912810UC0,TSRYS5860825,D,S,D,2024-08-23,1000000.00,4.11944,102.234375
08:01:29,912810UC0,TSRYS5860825,D,B,C,2024-08-23,1000000.00,4.11944,102.234375
08:01:29,912810UC0,TSRYS5860825,D,S,D,2024-08-23,1000000.00,4.11944,102.234375
08:01:29,912810UC0,TSRYS5860825,D,S,C,2024-08-23,1000000.00,4.11944,102.234375
08:01:29,912810UC0,TSRYS5860825,D,S,T,2024-08-23,1000000.00,4.124843,102.140475
08:01:29,912810UC0,TSRYS5860825,D,S,T,2024-08-23,1000000.00,4.125059,102.13671875
08:01:29,912810UC0,TSRYS5860825,D,S,T,2024-08-23,1000000.00,4.125059,102.13671875
08:01:29,912810UC0,TSRYS5860825,D,S,T,2024-08-23,1000000.00,4.124834,102.140625
08:01:29,912810UC0,TSRYS5860825,D,S,D,2024-08-23,1000000.00,4.124834,102.140625
08:01:29,912810UC0,TSRYS5860825,D,S,T,2024-08-23,1000000.00,4.124843,102.140475
08:01:29,912810UC0,TSRYS5860825,D,S,T,2024-08-23,1000000.00,4.124843,102.140475
08:01:29,912810UC0,TSRYS5860825,D,S,T,2024-08-23,1000000.00,4.124843,102.140475
08:01:29,912810UC0,TSRYS5860825,D,S,T,2024-08-23,1000000.00,4.124843,102.140475
08:01:29,912810UC0,TSRYS5860825,D,S,T,2024-08-23,1000000.00,4.124843,102.140475
08:01:30,912810UC0,TSRYS5860825,D,S,C,2024-08-23,21000000.00,4.125686,102.12584
08:01:30,912810UC0,TSRYS5860825,D,S,T,2024-08-23,2000000.00,4.12371,102.16015625
08:01:30,912810UC0,TSRYS5860825,D,S,T,2024-08-23,1000000.00,4.12371,102.16015625
08:01:30,912810UC0,TSRYS5860825,D,S,T,2024-08-23,1000000.00,4.12371,102.16015625
08:01:30,912810UC0,TSRYS5860825,D,B,C,2024-08-23,1000000.00,4.117532,102.26757812
08:01:31,912810UC0,TSRYS5860825,D,S,T,2024-08-23,1000000.00,4.122361,102.18359375
08:01:31,912810UC0,TSRYS5860825,D,S,C,2024-08-23,1000000.00,4.12326,102.16796875
08:01:31,912810UC0,TSRYS5860825,D,S,T,2024-08-23,1000000.00,4.122361,102.18359375
08:01:31,912810UC0,TSRYS5860825,D,S,D,2024-08-23,1000000.00,4.117083,102.27539062
08:01:31,912810UC0,TSRYS5860825,D,S,T,2024-08-23,1000000.00,4.116746,102.28125
08:01:31,912810UC0,TSRYS5860825,D,S,D,2024-08-23,1500000.00,4.123485,102.1640625
08:01:31,912810UC0,TSRYS5860825,D,S,T,2024-08-23,2000000.00,4.121013,102.20703125
08:01:31,912810UC0,TSRYS5860825,D,B,A,2024-08-23,5000000.00,4.124811,102.140625
08:01:31,912810UC0,TSRYS5860825,D,S,C,2024-08-23,17000000.00,4.122144,102.18737
08:01:31,912810UC0,TSRYS5860825,D,S,T,2024-08-23,1000000.00,4.119665,102.23046875
08:01:31,912810UC0,TSRYS5860825,D,S,D,2024-08-23,1000000.00,4.119665,102.23046875
08:01:31,912810UC0,TSRYS5860825,D,S,D,2024-08-23,1000000.00,4.11989,102.2265625
08:01:31,912810UC0,TSRYS5860825,D,S,D,2024-08-23,1000000.00,4.11989,102.2265625
08:01:31,912810UC0,TSRYS5860825,D,S,D,2024-08-23,1000000.00,4.11944,102.234375
08:01:31,912810UC0,TSRYS5860825,D,S,T,2024-08-23,1000000.00,4.128096,102.083984375
08:01:31,912810UC0,TSRYS5860825,D,S,D,2024-08-23,1000000.00,4.11944,102.234375
08:01:31,912810UC0,TSRYS5860825,D,S,D,2024-08-23,2000000.00,4.123822,102.15820312
08:01:32,912810UC0,TSRYS5860825,D,B,C,2024-08-23,1000000.00,4.117532,102.26757812
