tradeTime,cusip,issueSymbolIdentifier,priceType,reportingSideCode,contraPartyTypeCode,tradeDate,reportedTradeVolume,lastSaleYield,lastSalePrice
08:00:03,912810UA4,TSRYS5802849,D,S,T,2024-07-23,1000000.00,4.466373,102.59375
08:00:03,912810UA4,TSRYS5802849,D,S,D,2024-07-23,1000000.00,4.469533,102.541015625
08:00:03,912810UA4,TSRYS5802849,D,S,D,2024-07-23,1000000.00,4.469415,102.54296875
08:00:03,912810UA4,TSRYS5802849,D,B,C,2024-07-23,1000000.00,4.464267,102.62890625
08:00:03,912810UA4,TSRYS5802849,D,S,T,2024-07-23,1000000.00,4.461813,102.669921875
08:00:03,912810UA4,TSRYS5802849,D,S,D,2024-07-23,1000000.00,4.460177,102.697265625
08:00:03,912810UA4,TSRYS5802849,D,S,D,2024-07-23,1000000.00,4.459593,102.70703125
08:00:03,912810UA4,TSRYS5802849,D,S,D,2024-07-23,1000000.00,4.459476,102.708984375
08:00:04,912810UA4,TSRYS5802849,D,B,C,2024-07-23,1000000.00,4.455857,102.76953125
08:00:04,912810UA4,TSRYS5802849,D,S,D,2024-07-23,1000000.00,4.457024,102.75
08:00:04,912810UA4,TSRYS5802849,D,S,D,2024-07-23,1000000.00,4.462046,102.666015625
08:00:04,912810UA4,TSRYS5802849,D,B,C,2024-07-23,1000000.00,4.467309,102.578125
08:00:04,912810UA4,TSRYS5802849,D,B,C,2024-07-23,1000000.00,4.467309,102.578125
08:00:04,912810UA4,TSRYS5802849,D,S,T,2024-07-23,1000000.00,4.467309,102.578125
08:00:04,912810UA4,TSRYS5802849,D,S,T,2024-07-23,1000000.00,4.466724,102.587890625
08:00:04,912810UA4,TSRYS5802849,D,S,T,2024-07-23,1000000.00,4.46532,102.611328125
08:00:04,912810UA4,TSRYS5802849,D,B,C,2024-07-23,1000000.00,4.466607,102.58984375
08:00:04,912810UA4,TSRYS5802849,D,S,T,2024-07-23,1000000.00,4.466373,102.59375
08:00:04,912810UA4,TSRYS5802849,D,S,T,2024-07-23,1000000.00,4.466607,102.58984375
08:00:04,912810UA4,TSRYS5802849,D,S,D,2024-07-23,1000000.00,4.467309,102.578125
08:00:04,912810UA4,TSRYS5802849,D,B,C,2024-07-23,1000000.00,4.467192,102.580078125
08:00:04,912810UA4,TSRYS5802849,D,B,C,2024-07-23,1000000.00,4.467192,102.580078125
08:00:04,912810UA4,TSRYS5802849,D,B,C,2024-07-23,1000000.00,4.467192,102.580078125
08:00:04,912810UA4,TSRYS5802849,D,B,C,2024-07-23,1000000.00,4.467192,102.580078125
08:00:04,912810UA4,TSRYS5802849,D,B,C,2024-07-23,1000000.00,4.465554,102.607421875
08:00:04,912810UA4,TSRYS5802849,D,B,C,2024-07-23,1000000.00,4.467192,102.580078125
08:00:04,912810UA4,TSRYS5802849,D,B,C,2024-07-23,1000000.00,4.467192,102.580078125
08:00:04,912810UA4,TSRYS5802849,D,B,C,2024-07-23,1000000.00,4.473281,102.478515625
08:00:04,912810UA4,TSRYS5802849,D,S,T,2024-07-23,1000000.00,4.472929,102.484375
08:00:04,912810UA4,TSRYS5802849,D,B,C,2024-07-23,1000000.00,4.471758,102.50390625
08:00:04,912810UA4,TSRYS5802849,D,B,C,2024-07-23,1000000.00,4.471758,102.50390625
08:00:04,912810UA4,TSRYS5802849,D,S,T,2024-07-23,1000000.00,4.471523,102.5078125
08:00:04,912810UA4,TSRYS5802849,D,S,T,2024-07-23,1000000.00,4.473163,102.48046875
08:00:04,912810UA4,TSRYS5802849,D,S,T,2024-07-23,1000000.00,4.471875,102.501953125
08:00:04,912810UA4,TSRYS5802849,D,S,T,2024-07-23,1000000.00,4.470352,102.52734375
08:00:04,912810UA4,TSRYS5802849,D,S,D,2024-07-23,1000000.00,4.470352,102.52734375
08:00:04,912810UA4,TSRYS5802849,D,S,T,2024-07-23,1000000.00,4.469767,102.537109375
08:00:04,912810UA4,TSRYS5802849,D,B,C,2024-07-23,1000000.00,4.464501,102.625
08:00:04,912810UA4,TSRYS5802849,D,B,C,2024-07-23,1000000.00,4.464618,102.623046875
08:00:04,912810UA4,TSRYS5802849,D,S,T,2024-07-23,1000000.00,4.464501,102.625
08:00:04,912810UA4,TSRYS5802849,D,S,T,2024-07-23,1000000.00,4.454806,102.787109375
08:00:04,912810UA4,TSRYS5802849,D,S,T,2024-07-23,1000000.00,4.454806,102.787109375
08:00:04,912810UA4,TSRYS5802849,D,S,T,2024-07-23,1000000.00,4.45469,102.7890625
08:00:04,912810UA4,TSRYS5802849,D,S,T,2024-07-23,1000000.00,4.45469,102.7890625
08:00:04,912810UA4,TSRYS5802849,D,S,T,2024-07-23,1000000.00,4.45434,102.794921875
08:00:04,912810UA4,TSRYS5802849,D,S,T,2024-07-23,1000000.00,4.45434,102.794921875
08:00:04,912810UA4,TSRYS5802849,D,S,D,2024-07-23,1000000.00,4.447113,102.916015625
08:00:04,912810UA4,TSRYS5802849,D,S,T,2024-07-23,1000000.00,4.447695,102.90625
08:00:04,912810UA4,TSRYS5802849,D,S,D,2024-07-23,1000000.00,4.446414,102.927734375
08:00:04,912810UA4,TSRYS5802849,D,S,D,2024-07-23,1000000.00,4.446414,102.927734375
08:00:04,912810UA4,TSRYS5802849,D,S,D,2024-07-23,1000000.00,4.446298,102.9296875
08:00:04,912810UA4,TSRYS5802849,D,S,D,2024-07-23,1000000.00,4.447229,102.9140625
08:00:04,912810UA4,TSRYS5802849,D,S,T,2024-07-23,1000000.00,4.445832,102.9375
08:00:04,912810UA4,TSRYS5802849,D,S,T,2024-07-23,1000000.00,4.445832,102.9375
08:00:04,912810UA4,TSRYS5802849,D,S,T,2024-07-23,1000000.00,4.447113,102.916015625
08:00:04,912810UA4,TSRYS5802849,D,S,T,2024-07-23,1000000.00,4.445832,102.9375
08:00:04,912810UA4,TSRYS5802849,D,S,T,2024-07-23,1000000.00,4.445832,102.9375
08:00:04,912810UA4,TSRYS5802849,D,S,T,2024-07-23,1000000.00,4.450492,102.859375
08:00:04,912810UA4,TSRYS5802849,D,S,T,2024-07-23,1000000.00,4.452124,102.83203125
08:00:04,912810UA4,TSRYS5802849,D,S,T,2024-07-23,1000000.00,4.450492,102.859375
08:00:04,912810UA4,TSRYS5802849,D,S,T,2024-07-23,1000000.00,4.449559,102.875
08:00:04,912810UA4,TSRYS5802849,D,S,T,2024-07-23,1000000.00,4.449559,102.875
08:00:04,912810UA4,TSRYS5802849,D,S,T,2024-07-23,1000000.00,4.447928,102.90234375
08:00:04,912810UA4,TSRYS5802849,D,S,D,2024-07-23,1000000.00,4.447928,102.90234375
08:00:04,912810UA4,TSRYS5802849,D,S,D,2024-07-23,1000000.00,4.447928,102.90234375
08:00:04,912810UA4,TSRYS5802849,D,S,D,2024-07-23,1000000.00,4.447928,102.90234375
08:00:04,912810UA4,TSRYS5802849,D,S,D,2024-07-23,1000000.00,4.447928,102.90234375
08:00:04,912810UA4,TSRYS5802849,D,S,D,2024-07-23,1000000.00,4.447695,102.90625
08:00:04,912810UA4,TSRYS5802849,D,S,T,2024-07-23,1000000.00,4.447695,102.90625
08:00:05,912810UA4,TSRYS5802849,D,S,T,2024-07-23,1000000.00,4.467309,102.578125
08:00:05,912810UA4,TSRYS5802849,D,S,T,2024-07-23,1000000.00,4.464501,102.625
08:00:05,912810UA4,TSRYS5802849,D,S,T,2024-07-23,1000000.00,4.464501,102.625
08:00:05,912810UA4,TSRYS5802849,D,S,T,2024-07-23,1000000.00,4.458892,102.71875
08:00:05,912810UA4,TSRYS5802849,D,S,T,2024-07-23,1000000.00,4.446764,102.921875
08:00:06,912810UA4,TSRYS5802849,D,S,T,2024-07-23,1000000.00,4.462631,102.65625
08:00:07,912810UA4,TSRYS5802849,D,S,D,2024-07-23,1000000.00,4.462631,102.65625
08:00:07,912810UA4,TSRYS5802849,D,S,D,2024-07-23,1000000.00,4.463224,102.646484375
08:00:07,912810UA4,TSRYS5802849,D,S,D,2024-07-23,1000000.00,4.462631,102.65625
08:00:07,912810UA4,TSRYS5802849,D,S,D,2024-07-23,1000000.00,4.461471,102.67578125
08:00:07,912810UA4,TSRYS5802849,D,S,D,2024-07-23,1000000.00,4.460761,102.6875
08:00:07,912810UA4,TSRYS5802849,D,S,D,2024-07-23,1000000.00,4.460761,102.6875
08:00:07,912810UA4,TSRYS5802849,D,S,D,2024-07-23,1000000.00,4.460761,102.6875
08:00:07,912810UA4,TSRYS5802849,D,S,D,2024-07-23,1000000.00,4.460761,102.6875
08:00:07,912810UA4,TSRYS5802849,D,S,D,2024-07-23,1000000.00,4.460653,102.689453125
08:00:07,912810UA4,TSRYS5802849,D,S,D,2024-07-23,1000000.00,4.460653,102.689453125
08:00:07,912810UA4,TSRYS5802849,D,S,T,2024-07-23,1000000.00,4.450492,102.859375
08:00:07,912810UA4,TSRYS5802849,D,S,T,2024-07-23,1000000.00,4.448627,102.890625
08:00:08,912810UA4,TSRYS5802849,D,S,T,2024-07-23,1000000.00,4.458892,102.71875
08:00:08,912810UA4,TSRYS5802849,D,S,T,2024-07-23,1000000.00,4.457024,102.75
08:00:08,912810UA4,TSRYS5802849,D,S,T,2024-07-23,1000000.00,4.457958,102.734375
08:00:08,912810UA4,TSRYS5802849,D,S,T,2024-07-23,1000000.00,4.457958,102.734375
08:00:08,912810UA4,TSRYS5802849,D,S,T,2024-07-23,1000000.00,4.459242,102.712890625
08:00:09,912810UA4,TSRYS5802849,D,S,D,2024-07-23,1000000.00,4.457024,102.75
08:00:09,912810UA4,TSRYS5802849,D,S,D,2024-07-23,1000000.00,4.457958,102.734375
08:00:09,912810UA4,TSRYS5802849,D,S,D,2024-07-23,1000000.00,4.457958,102.734375
08:00:09,912810UA4,TSRYS5802849,D,S,D,2024-07-23,1000000.00,4.459242,102.712890625
08:00:09,912810UA4,TSRYS5802849,D,S,D,2024-07-23,1000000.00,4.458892,102.71875
08:00:10,912810UA4,TSRYS5802849,D,S,D,2024-07-23,1000000.00,4.457024,102.75
08:00:10,912810UA4,TSRYS5802849,D,S,D,2024-07-23,1000000.00,4.45609,102.765625
08:00:10,912810UA4,TSRYS5802849,D,S,D,2024-07-23,1000000.00,4.45609,102.765625
08:00:10,912810UA4,TSRYS5802849,D,S,D,2024-07-23,1000000.00,4.45609,102.765625
08:00:10,912810UA4,TSRYS5802849,D,S,D,2024-07-23,1000000.00,4.45609,102.765625
08:00:10,912810UA4,TSRYS5802849,D,S,D,2024-07-23,1000000.00,4.45609,102.765625
08:00:10,912810UA4,TSRYS5802849,D,S,D,2024-07-23,1000000.00,4.45609,102.765625
08:00:10,912810UA4,TSRYS5802849,D,S,D,2024-07-23,1000000.00,4.45609,102.765625
08:00:10,912810UA4,TSRYS5802849,D,S,D,2024-07-23,1000000.00,4.45609,102.765625
08:00:10,912810UA4,TSRYS5802849,D,S,D,2024-07-23,1000000.00,4.456207,102.763671875
08:00:10,912810UA4,TSRYS5802849,D,S,D,2024-07-23,1000000.00,4.45609,102.765625
08:00:10,912810UA4,TSRYS5802849,D,S,D,2024-07-23,1000000.00,4.45609,102.765625
08:00:10,912810UA4,TSRYS5802849,D,S,D,2024-07-23,1000000.00,4.45609,102.765625
08:00:10,912810UA4,TSRYS5802849,D,S,C,2024-07-23,50000.00,4.449535,102.8854
08:00:10,912810UA4,TSRYS5802849,D,S,T,2024-07-23,1000000.00,4.469181,102.546875
08:00:10,912810UA4,TSRYS5802849,D,S,T,2024-07-23,1000000.00,4.461696,102.671875
08:00:10,912810UA4,TSRYS5802849,D,S,T,2024-07-23,1000000.00,4.461696,102.671875
08:00:10,912810UA4,TSRYS5802849,D,S,T,2024-07-23,1000000.00,4.460761,102.6875
08:00:10,912810UA4,TSRYS5802849,D,S,D,2024-07-23,1000000.00,4.458892,102.71875
08:00:10,912810UA4,TSRYS5802849,D,S,T,2024-07-23,1000000.00,4.458892,102.71875
08:00:10,912810UA4,TSRYS5802849,D,S,T,2024-07-23,1000000.00,4.460995,102.68359375
08:00:10,912810UA4,TSRYS5802849,D,S,T,2024-07-23,1000000.00,4.457024,102.75
08:00:10,912810UA4,TSRYS5802849,D,S,T,2024-07-23,1000000.00,4.454223,102.796875
08:00:10,912810UA4,TSRYS5802849,D,S,T,2024-07-23,1000000.00,4.464267,102.62890625
08:00:10,912810UA4,TSRYS5802849,D,S,T,2024-07-23,1000000.00,4.466373,102.59375
08:00:10,912810UA4,TSRYS5802849,D,S,T,2024-07-23,1000000.00,4.468245,102.5625
08:00:10,912810UA4,TSRYS5802849,D,S,T,2024-07-23,1000000.00,4.465437,102.609375
08:00:10,912810UA4,TSRYS5802849,D,S,T,2024-07-23,1000000.00,4.466724,102.587890625
08:00:10,912810UA4,TSRYS5802849,D,S,T,2024-07-23,1000000.00,4.467075,102.58203125
08:00:10,912810UA4,TSRYS5802849,D,S,T,2024-07-23,1000000.00,4.467309,102.578125
08:00:10,912810UA4,TSRYS5802849,D,S,T,2024-07-23,1000000.00,4.467309,102.578125
08:00:10,912810UA4,TSRYS5802849,D,S,T,2024-07-23,1000000.00,4.470118,102.53125
08:00:10,912810UA4,TSRYS5802849,D,S,T,2024-07-23,1000000.00,4.470118,102.53125
08:00:10,912810UA4,TSRYS5802849,D,S,D,2024-07-23,1000000.00,4.47246,102.4921875
08:00:10,912810UA4,TSRYS5802849,D,S,T,2024-07-23,1000000.00,4.472929,102.484375
08:00:10,912810UA4,TSRYS5802849,D,S,T,2024-07-23,1000000.00,4.470118,102.53125
08:00:11,912810UA4,TSRYS5802849,D,S,T,2024-07-23,1000000.00,4.45469,102.7890625
08:00:11,912810UA4,TSRYS5802849,D,S,D,2024-07-23,1000000.00,4.453757,102.8046875
08:00:11,912810UA4,TSRYS5802849,D,S,T,2024-07-23,2000000.00,4.449559,102.875
08:00:11,912810UA4,TSRYS5802849,D,S,T,2024-07-23,1000000.00,4.448627,102.890625
08:00:11,912810UA4,TSRYS5802849,D,S,T,2024-07-23,1000000.00,4.451657,102.83984375
08:00:11,912810UA4,TSRYS5802849,D,S,T,2024-07-23,1000000.00,4.450025,102.8671875
08:00:11,912810UA4,TSRYS5802849,D,S,T,2024-07-23,1000000.00,4.449559,102.875
08:00:11,912810UA4,TSRYS5802849,D,S,T,2024-07-23,1000000.00,4.448627,102.890625
08:00:11,912810UA4,TSRYS5802849,D,S,T,2024-07-23,2000000.00,4.447695,102.90625
08:00:11,912810UA4,TSRYS5802849,D,S,T,2024-07-23,1000000.00,4.447695,102.90625
08:00:11,912810UA4,TSRYS5802849,D,S,T,2024-07-23,1000000.00,4.448744,102.888671875
08:00:12,912810UA4,TSRYS5802849,D,S,T,2024-07-23,1000000.00,4.46228,102.662109375
08:00:12,912810UA4,TSRYS5802849,D,B,C,2024-07-23,10000000.00,4.462655,102.65585
08:00:12,912810UA4,TSRYS5802849,D,S,T,2024-07-23,1000000.00,4.46228,102.662109375
08:00:12,912810UA4,TSRYS5802849,D,S,T,2024-07-23,8000000.00,4.46228,102.662109375
08:00:12,912810UA4,TSRYS5802849,D,S,D,2024-07-23,1000000.00,4.46965,102.5390625
08:00:12,912810UA4,TSRYS5802849,D,S,D,2024-07-23,700000.00,4.459593,102.70703125
08:00:13,912810UA4,TSRYS5802849,D,S,T,2024-07-23,1000000.00,4.458892,102.71875
08:00:13,912810UA4,TSRYS5802849,D,S,D,2024-07-23,1000000.00,4.458892,102.71875
08:00:13,912810UA4,TSRYS5802849,D,S,D,2024-07-23,1000000.00,4.458892,102.71875
08:00:13,912810UA4,TSRYS5802849,D,S,T,2024-07-23,1000000.00,4.457024,102.75
08:00:13,912810UA4,TSRYS5802849,D,S,T,2024-07-23,1000000.00,4.45609,102.765625
08:00:15,912810UA4,TSRYS5802849,D,S,C,2024-07-23,400000.00,4.457491,102.7441875
08:00:15,912810UA4,TSRYS5802849,D,S,D,2024-07-23,1000000.00,4.461228,102.6796875
08:00:17,912810UA4,TSRYS5802849,D,S,T,2024-07-23,1000000.00,4.460761,102.6875
08:00:17,912810UA4,TSRYS5802849,D,S,T,2024-07-23,1000000.00,4.460761,102.6875
08:00:17,912810UA4,TSRYS5802849,D,S,T,2024-07-23,1000000.00,4.460761,102.6875
08:00:17,912810UA4,TSRYS5802849,D,S,T,2024-07-23,1000000.00,4.460761,102.6875
08:00:17,912810UA4,TSRYS5802849,D,S,T,2024-07-23,1000000.00,4.45609,102.765625
08:00:17,912810UA4,TSRYS5802849,D,S,T,2024-07-23,1000000.00,4.45609,102.765625
08:00:17,912810UA4,TSRYS5802849,D,S,T,2024-07-23,1000000.00,4.45609,102.765625
08:00:17,912810UA4,TSRYS5802849,D,S,T,2024-07-23,1000000.00,4.45609,102.765625
08:00:17,912810UA4,TSRYS5802849,D,S,T,2024-07-23,1000000.00,4.45609,102.765625
08:00:17,912810UA4,TSRYS5802849,D,S,T,2024-07-23,1000000.00,4.45609,102.765625
08:00:17,912810UA4,TSRYS5802849,D,S,D,2024-07-23,1000000.00,4.454923,102.78515625
08:00:17,912810UA4,TSRYS5802849,D,S,D,2024-07-23,1000000.00,4.454923,102.78515625
08:00:19,912810UA4,TSRYS5802849,D,S,D,2024-07-23,1000000.00,4.459359,102.7109375
08:00:19,912810UA4,TSRYS5802849,D,S,D,2024-07-23,1000000.00,4.459359,102.7109375
08:00:19,912810UA4,TSRYS5802849,D,S,D,2024-07-23,1000000.00,4.458892,102.71875
08:00:21,912810UA4,TSRYS5802849,D,S,D,2024-07-23,1000000.00,4.457257,102.74609375
08:00:21,912810UA4,TSRYS5802849,D,S,D,2024-07-23,1000000.00,4.457257,102.74609375
08:00:21,912810UA4,TSRYS5802849,D,S,D,2024-07-23,1000000.00,4.455857,102.76953125
08:00:21,912810UA4,TSRYS5802849,D,S,C,2024-07-23,3000000.00,4.471046,102.515625
08:00:22,912810UA4,TSRYS5802849,D,S,T,2024-07-23,1000000.00,4.462631,102.65625
08:00:22,912810UA4,TSRYS5802849,D,S,D,2024-07-23,500000.00,,102.70703125
08:00:22,912810UA4,TSRYS5802849,D,B,A,2024-07-23,3000000.00,4.459826,102.703125
08:00:22,912810UA4,TSRYS5802849,D,S,T,2024-07-23,1000000.00,4.45609,102.765625
08:00:22,912810UA4,TSRYS5802849,D,S,T,2024-07-23,1000000.00,4.456207,102.763671875
08:00:22,912810UA4,TSRYS5802849,D,S,T,2024-07-23,1000000.00,4.45609,102.765625
08:00:22,912810UA4,TSRYS5802849,D,S,T,2024-07-23,1000000.00,4.45609,102.765625
08:00:24,912810UA4,TSRYS5802849,D,S,D,2024-07-23,1000000.00,4.460761,102.6875
08:00:24,912810UA4,TSRYS5802849,D,B,C,2024-07-23,1000000.00,4.460761,102.6875
08:00:24,912810UA4,TSRYS5802849,D,S,D,2024-07-23,1000000.00,4.462631,102.65625
08:00:24,912810UA4,TSRYS5802849,D,S,D,2024-07-23,1000000.00,4.461696,102.671875
08:00:24,912810UA4,TSRYS5802849,D,S,D,2024-07-23,1000000.00,4.461696,102.671875
08:00:24,912810UA4,TSRYS5802849,D,S,D,2024-07-23,1000000.00,4.466841,102.5859375
08:00:24,912810UA4,TSRYS5802849,D,S,T,2024-07-23,1000000.00,4.461696,102.671875
08:00:25,912810UA4,TSRYS5802849,D,S,T,2024-07-23,1000000.00,4.461696,102.671875
08:00:25,912810UA4,TSRYS5802849,D,S,T,2024-07-23,1000000.00,4.461696,102.671875
08:00:25,912810UA4,TSRYS5802849,D,S,T,2024-07-23,1000000.00,4.461696,102.671875
08:00:25,912810UA4,TSRYS5802849,D,S,D,2024-07-23,1000000.00,4.466139,102.59765625
08:00:25,912810UA4,TSRYS5802849,D,S,D,2024-07-23,1000000.00,4.467777,102.5703125
08:00:25,912810UA4,TSRYS5802849,D,S,D,2024-07-23,1000000.00,4.468245,102.5625
08:00:25,912810UA4,TSRYS5802849,D,S,D,2024-07-23,1000000.00,4.465905,102.6015625
08:00:25,912810UA4,TSRYS5802849,D,S,D,2024-07-23,1000000.00,4.466373,102.59375
08:00:26,912810UA4,TSRYS5802849,D,S,T,2024-07-23,1000000.00,4.461696,102.671875
08:00:26,912810UA4,TSRYS5802849,D,S,D,2024-07-23,1000000.00,4.466373,102.59375
08:00:26,912810UA4,TSRYS5802849,D,S,D,2024-07-23,1000000.00,4.467309,102.578125
08:00:26,912810UA4,TSRYS5802849,D,S,T,2024-07-23,1000000.00,4.461579,102.673828125
08:00:26,912810UA4,TSRYS5802849,D,S,T,2024-07-23,2000000.00,4.461579,102.673828125
08:00:26,912810UA4,TSRYS5802849,D,S,T,2024-07-23,1000000.00,4.461696,102.671875
08:00:26,912810UA4,TSRYS5802849,D,S,T,2024-07-23,1000000.00,4.461696,102.671875
08:00:26,912810UA4,TSRYS5802849,D,S,T,2024-07-23,1000000.00,4.470118,102.53125
08:00:26,912810UA4,TSRYS5802849,D,S,T,2024-07-23,1000000.00,4.470118,102.53125
08:00:26,912810UA4,TSRYS5802849,D,S,T,2024-07-23,1000000.00,4.470118,102.53125
08:00:26,912810UA4,TSRYS5802849,D,S,T,2024-07-23,1000000.00,4.470118,102.53125
08:00:26,912810UA4,TSRYS5802849,D,S,T,2024-07-23,1000000.00,4.470118,102.53125
08:00:26,912810UA4,TSRYS5802849,D,S,T,2024-07-23,1000000.00,4.470118,102.53125
08:00:26,912810UA4,TSRYS5802849,D,S,T,2024-07-23,1000000.00,4.470118,102.53125
08:00:26,912810UA4,TSRYS5802849,D,S,T,2024-07-23,1000000.00,4.470118,102.53125
08:00:26,912810UA4,TSRYS5802849,D,S,T,2024-07-23,1000000.00,4.462631,102.65625
08:00:26,912810UA4,TSRYS5802849,D,S,T,2024-07-23,1000000.00,4.450492,102.859375
08:00:26,912810UA4,TSRYS5802849,D,S,T,2024-07-23,2000000.00,4.459826,102.703125
08:00:26,912810UA4,TSRYS5802849,D,S,T,2024-07-23,1000000.00,4.461696,102.671875
08:00:26,912810UA4,TSRYS5802849,D,S,T,2024-07-23,1000000.00,4.461696,102.671875
08:00:26,912810UA4,TSRYS5802849,D,S,T,2024-07-23,1000000.00,4.460761,102.6875
08:00:27,912810UA4,TSRYS5802849,D,S,D,2024-07-23,1000000.00,4.468479,102.55859375
08:00:27,912810UA4,TSRYS5802849,D,S,D,2024-07-23,1000000.00,4.461696,102.671875
08:00:27,912810UA4,TSRYS5802849,D,S,T,2024-07-23,1000000.00,4.46965,102.5390625
08:00:27,912810UA4,TSRYS5802849,D,S,D,2024-07-23,1000000.00,4.468947,102.55078125
08:00:27,912810UA4,TSRYS5802849,D,S,D,2024-07-23,1000000.00,4.468713,102.5546875
08:00:27,912810UA4,TSRYS5802849,D,S,C,2024-07-23,1000000.00,4.467309,102.578125
08:00:27,912810UA4,TSRYS5802849,D,S,T,2024-07-23,1000000.00,4.462864,102.65234375
08:00:27,912810UA4,TSRYS5802849,D,S,T,2024-07-23,1000000.00,4.460761,102.6875
08:00:27,912810UA4,TSRYS5802849,D,S,T,2024-07-23,1000000.00,4.45609,102.765625
08:00:27,912810UA4,TSRYS5802849,D,S,D,2024-07-23,1000000.00,4.459359,102.7109375
08:00:27,912810UA4,TSRYS5802849,D,S,D,2024-07-23,1000000.00,4.459359,102.7109375
08:00:27,912810UA4,TSRYS5802849,D,S,T,2024-07-23,1000000.00,4.455156,102.78125
08:00:27,912810UA4,TSRYS5802849,D,S,D,2024-07-23,1000000.00,4.466139,102.59765625
08:00:27,912810UA4,TSRYS5802849,D,S,D,2024-07-23,1000000.00,4.466139,102.59765625
08:00:27,912810UA4,TSRYS5802849,D,S,T,2024-07-23,1000000.00,4.466139,102.59765625
08:00:27,912810UA4,TSRYS5802849,D,S,T,2024-07-23,1000000.00,4.467309,102.578125
08:00:27,912810UA4,TSRYS5802849,D,S,T,2024-07-23,1000000.00,4.467309,102.578125
08:00:27,912810UA4,TSRYS5802849,D,S,D,2024-07-23,1000000.00,4.467309,102.578125
08:00:27,912810UA4,TSRYS5802849,D,S,D,2024-07-23,1000000.00,4.468947,102.55078125
08:00:27,912810UA4,TSRYS5802849,D,S,D,2024-07-23,1000000.00,4.470352,102.52734375
08:00:27,912810UA4,TSRYS5802849,D,S,D,2024-07-23,1000000.00,4.470352,102.52734375
08:00:27,912810UA4,TSRYS5802849,D,S,D,2024-07-23,1000000.00,4.471289,102.51171875
08:00:27,912810UA4,TSRYS5802849,D,S,D,2024-07-23,1000000.00,4.471523,102.5078125
08:00:27,912810UA4,TSRYS5802849,D,S,D,2024-07-23,1000000.00,4.471758,102.50390625
08:00:27,912810UA4,TSRYS5802849,D,S,D,2024-07-23,1000000.00,4.471758,102.50390625
08:00:27,912810UA4,TSRYS5802849,D,S,D,2024-07-23,1000000.00,4.473163,102.48046875
08:00:27,912810UA4,TSRYS5802849,D,S,D,2024-07-23,1000000.00,4.473163,102.48046875
08:00:27,912810UA4,TSRYS5802849,D,S,T,2024-07-23,1000000.00,4.461579,102.673828125
08:00:27,912810UA4,TSRYS5802849,D,S,D,2024-07-23,2000000.00,4.464501,102.625
08:00:27,912810UA4,TSRYS5802849,D,S,D,2024-07-23,1000000.00,4.464034,102.6328125
08:00:27,912810UA4,TSRYS5802849,D,B,C,2024-07-23,3000000.00,4.463566,102.640625
08:00:27,912810UA4,TSRYS5802849,D,S,D,2024-07-23,1000000.00,4.461696,102.671875
08:00:27,912810UA4,TSRYS5802849,D,S,D,2024-07-23,1000000.00,4.46006,102.69921875
08:00:27,912810UA4,TSRYS5802849,D,S,D,2024-07-23,1000000.00,4.446764,102.921875
08:00:27,912810UA4,TSRYS5802849,D,S,D,2024-07-23,2000000.00,4.447462,102.91015625
08:00:27,912810UA4,TSRYS5802849,D,S,D,2024-07-23,1000000.00,4.446996,102.91796875
08:00:27,912810UA4,TSRYS5802849,D,S,D,2024-07-23,1000000.00,4.446764,102.921875
08:00:27,912810UA4,TSRYS5802849,D,S,T,2024-07-23,1000000.00,4.446764,102.921875
08:00:27,912810UA4,TSRYS5802849,D,S,T,2024-07-23,1000000.00,4.446996,102.91796875
08:00:27,912810UA4,TSRYS5802849,D,S,T,2024-07-23,1000000.00,4.446065,102.93359375
08:00:27,912810UA4,TSRYS5802849,D,S,D,2024-07-23,1000000.00,4.45259,102.82421875
08:00:27,912810UA4,TSRYS5802849,D,S,T,2024-07-23,1000000.00,4.451424,102.84375
08:00:27,912810UA4,TSRYS5802849,D,S,T,2024-07-23,1000000.00,4.461696,102.671875
08:00:27,912810UA4,TSRYS5802849,D,S,D,2024-07-23,1000000.00,4.449093,102.8828125
08:00:27,912810UA4,TSRYS5802849,D,S,T,2024-07-23,1000000.00,4.44886,102.88671875
08:00:27,912810UA4,TSRYS5802849,D,S,D,2024-07-23,1000000.00,4.449326,102.87890625
08:00:27,912810UA4,TSRYS5802849,D,S,D,2024-07-23,2000000.00,4.450259,102.86328125
08:00:27,912810UA4,TSRYS5802849,D,S,T,2024-07-23,1000000.00,4.461579,102.673828125
08:00:27,912810UA4,TSRYS5802849,D,S,T,2024-07-23,1000000.00,4.461696,102.671875
08:00:27,912810UA4,TSRYS5802849,D,S,T,2024-07-23,1000000.00,4.460761,102.6875
08:00:27,912810UA4,TSRYS5802849,D,S,T,2024-07-23,1000000.00,4.461696,102.671875
08:00:27,912810UA4,TSRYS5802849,D,S,T,2024-07-23,1000000.00,4.461696,102.671875
08:00:27,912810UA4,TSRYS5802849,D,S,T,2024-07-23,1000000.00,4.461696,102.671875
08:00:27,912810UA4,TSRYS5802849,D,S,T,2024-07-23,1000000.00,4.460761,102.6875
08:00:27,912810UA4,TSRYS5802849,D,S,T,2024-07-23,1000000.00,4.461462,102.67578125
08:00:28,912810UA4,TSRYS5802849,D,S,A,2024-07-23,3000000.00,4.469181,102.546875
08:00:28,912810UA4,TSRYS5802849,D,S,T,2024-07-23,1000000.00,4.461696,102.671875
08:00:28,912810UA4,TSRYS5802849,D,S,C,2024-07-23,10000000.00,4.467309,102.578125
08:00:28,912810UA4,TSRYS5802849,D,S,T,2024-07-23,1000000.00,4.461696,102.671875
08:00:28,912810UA4,TSRYS5802849,D,S,T,2024-07-23,1000000.00,4.466373,102.59375
08:00:28,912810UA4,TSRYS5802849,D,S,D,2024-07-23,1000000.00,4.471758,102.50390625
08:00:28,912810UA4,TSRYS5802849,D,S,D,2024-07-23,1000000.00,4.471758,102.50390625
08:00:28,912810UA4,TSRYS5802849,D,S,D,2024-07-23,1000000.00,4.471523,102.5078125
08:00:28,912810UA4,TSRYS5802849,D,S,D,2024-07-23,1000000.00,4.47246,102.4921875
08:00:28,912810UA4,TSRYS5802849,D,S,D,2024-07-23,1000000.00,4.47246,102.4921875
08:00:28,912810UA4,TSRYS5802849,D,S,T,2024-07-23,1000000.00,4.466373,102.59375
08:00:28,912810UA4,TSRYS5802849,D,S,T,2024-07-23,1000000.00,4.466022,102.599609375
08:00:28,912810UA4,TSRYS5802849,D,S,T,2024-07-23,1000000.00,4.466256,102.595703125
08:00:28,912810UA4,TSRYS5802849,D,S,D,2024-07-23,1000000.00,4.469415,102.54296875
08:00:28,912810UA4,TSRYS5802849,D,S,D,2024-07-23,1000000.00,4.469181,102.546875
08:00:28,912810UA4,TSRYS5802849,D,S,T,2024-07-23,1000000.00,4.461696,102.671875
08:00:28,912810UA4,TSRYS5802849,D,S,T,2024-07-23,1000000.00,4.460761,102.6875
08:00:28,912810UA4,TSRYS5802849,D,S,T,2024-07-23,1000000.00,4.461696,102.671875
08:00:28,912810UA4,TSRYS5802849,D,S,T,2024-07-23,1000000.00,4.466373,102.59375
08:00:28,912810UA4,TSRYS5802849,D,S,T,2024-07-23,1000000.00,4.461462,102.67578125
08:00:28,912810UA4,TSRYS5802849,D,S,T,2024-07-23,1000000.00,4.466373,102.59375
08:00:28,912810UA4,TSRYS5802849,D,S,T,2024-07-23,1000000.00,4.461579,102.673828125
08:00:29,912810UA4,TSRYS5802849,D,S,T,2024-07-23,1000000.00,4.466373,102.59375
08:00:29,912810UA4,TSRYS5802849,D,S,T,2024-07-23,1000000.00,4.461696,102.671875
08:00:29,912810UA4,TSRYS5802849,D,S,T,2024-07-23,1000000.00,4.466256,102.595703125
08:00:29,912810UA4,TSRYS5802849,D,B,A,2024-07-23,5000000.00,4.462397,102.66015625
08:00:29,912810UA4,TSRYS5802849,D,S,T,2024-07-23,4000000.00,4.460761,102.6875
08:00:29,912810UA4,TSRYS5802849,D,S,T,2024-07-23,1000000.00,4.460761,102.6875
08:00:29,912810UA4,TSRYS5802849,D,S,T,2024-07-23,1000000.00,4.460761,102.6875
08:00:30,912810UA4,TSRYS5802849,D,S,T,2024-07-23,1000000.00,4.471992,102.5
08:00:30,912810UA4,TSRYS5802849,D,S,T,2024-07-23,1000000.00,4.471992,102.5
08:00:30,912810UA4,TSRYS5802849,D,S,T,2024-07-23,1000000.00,4.46965,102.5390625
08:00:30,912810UA4,TSRYS5802849,D,S,T,2024-07-23,1000000.00,4.469533,102.541015625
08:00:30,912810UA4,TSRYS5802849,D,S,T,2024-07-23,1000000.00,4.468245,102.5625
08:00:30,912810UA4,TSRYS5802849,D,S,T,2024-07-23,1000000.00,4.468245,102.5625
08:00:30,912810UA4,TSRYS5802849,D,S,T,2024-07-23,1000000.00,4.467894,102.568359375
08:00:30,912810UA4,TSRYS5802849,D,S,T,2024-07-23,1000000.00,4.468128,102.564453125
08:00:30,912810UA4,TSRYS5802849,D,S,T,2024-07-23,1000000.00,4.468011,102.56640625
08:00:30,912810UA4,TSRYS5802849,D,S,T,2024-07-23,1000000.00,4.467777,102.5703125
08:00:30,912810UA4,TSRYS5802849,D,S,T,2024-07-23,1000000.00,4.467777,102.5703125
08:00:30,912810UA4,TSRYS5802849,D,S,T,2024-07-23,1000000.00,4.467777,102.5703125
08:00:30,912810UA4,TSRYS5802849,D,S,T,2024-07-23,1000000.00,4.469181,102.546875
08:00:30,912810UA4,TSRYS5802849,D,S,T,2024-07-23,1000000.00,4.469181,102.546875
08:00:30,912810UA4,TSRYS5802849,D,S,T,2024-07-23,1000000.00,4.469181,102.546875
08:00:30,912810UA4,TSRYS5802849,D,S,T,2024-07-23,1000000.00,4.469064,102.548828125
08:00:30,912810UA4,TSRYS5802849,D,S,T,2024-07-23,1000000.00,4.468947,102.55078125
08:00:30,912810UA4,TSRYS5802849,D,S,T,2024-07-23,1000000.00,4.461696,102.671875
08:00:30,912810UA4,TSRYS5802849,D,S,T,2024-07-23,1000000.00,4.462631,102.65625
08:00:30,912810UA4,TSRYS5802849,D,S,T,2024-07-23,1000000.00,4.462631,102.65625
08:00:30,912810UA4,TSRYS5802849,D,S,T,2024-07-23,1000000.00,4.462981,102.650390625
08:00:30,912810UA4,TSRYS5802849,D,S,T,2024-07-23,1000000.00,4.461696,102.671875
08:00:30,912810UA4,TSRYS5802849,D,S,T,2024-07-23,1000000.00,4.463566,102.640625
08:00:30,912810UA4,TSRYS5802849,D,S,T,2024-07-23,1000000.00,4.463566,102.640625
08:00:30,912810UA4,TSRYS5802849,D,S,T,2024-07-23,1000000.00,4.463566,102.640625
08:00:30,912810UA4,TSRYS5802849,D,S,T,2024-07-23,1000000.00,4.463566,102.640625
08:00:30,912810UA4,TSRYS5802849,D,S,T,2024-07-23,1000000.00,4.460761,102.6875
08:00:30,912810UA4,TSRYS5802849,D,S,T,2024-07-23,1000000.00,4.460761,102.6875
08:00:30,912810UA4,TSRYS5802849,D,S,T,2024-07-23,1000000.00,4.460761,102.6875
08:00:30,912810UA4,TSRYS5802849,D,S,T,2024-07-23,1000000.00,4.460878,102.685546875
08:00:30,912810UA4,TSRYS5802849,D,S,T,2024-07-23,1000000.00,4.460761,102.6875
08:00:30,912810UA4,TSRYS5802849,D,S,D,2024-07-23,1000000.00,4.462864,102.65234375
08:00:30,912810UA4,TSRYS5802849,D,S,D,2024-07-23,1000000.00,4.462631,102.65625
08:00:30,912810UA4,TSRYS5802849,D,S,T,2024-07-23,1000000.00,4.466373,102.59375
08:00:30,912810UA4,TSRYS5802849,D,S,T,2024-07-23,1000000.00,4.460761,102.6875
08:00:30,912810UA4,TSRYS5802849,D,S,T,2024-07-23,1000000.00,4.458892,102.71875
08:00:30,912810UA4,TSRYS5802849,D,S,T,2024-07-23,1000000.00,4.458892,102.71875
08:00:30,912810UA4,TSRYS5802849,D,S,T,2024-07-23,1000000.00,4.459826,102.703125
08:00:30,912810UA4,TSRYS5802849,D,S,T,2024-07-23,1000000.00,4.459943,102.701171875
08:00:30,912810UA4,TSRYS5802849,D,S,T,2024-07-23,1000000.00,4.460761,102.6875
08:00:30,912810UA4,TSRYS5802849,D,S,T,2024-07-23,1000000.00,4.460761,102.6875
08:00:30,912810UA4,TSRYS5802849,D,S,T,2024-07-23,1000000.00,4.459826,102.703125
08:00:30,912810UA4,TSRYS5802849,D,S,T,2024-07-23,2000000.00,4.46006,102.69921875
08:00:30,912810UA4,TSRYS5802849,D,S,D,2024-07-23,1000000.00,4.461696,102.671875
08:00:30,912810UA4,TSRYS5802849,D,S,T,2024-07-23,1000000.00,4.458892,102.71875
08:00:30,912810UA4,TSRYS5802849,D,S,T,2024-07-23,1000000.00,4.458892,102.71875
08:00:30,912810UA4,TSRYS5802849,D,S,T,2024-07-23,1000000.00,4.458658,102.72265625
08:00:30,912810UA4,TSRYS5802849,D,S,T,2024-07-23,1000000.00,4.458775,102.720703125
08:00:30,912810UA4,TSRYS5802849,D,S,T,2024-07-23,1000000.00,4.458892,102.71875
08:00:30,912810UA4,TSRYS5802849,D,S,T,2024-07-23,1000000.00,4.457491,102.7421875
08:00:30,912810UA4,TSRYS5802849,D,S,T,2024-07-23,2000000.00,4.457024,102.75
08:00:30,912810UA4,TSRYS5802849,D,S,T,2024-07-23,1000000.00,4.457257,102.74609375
08:00:30,912810UA4,TSRYS5802849,D,S,T,2024-07-23,1000000.00,4.458892,102.71875
08:00:30,912810UA4,TSRYS5802849,D,S,T,2024-07-23,1000000.00,4.455857,102.76953125
08:00:30,912810UA4,TSRYS5802849,D,S,T,2024-07-23,1000000.00,4.45574,102.771484375
08:00:30,912810UA4,TSRYS5802849,D,S,T,2024-07-23,1000000.00,4.457024,102.75
08:00:30,912810UA4,TSRYS5802849,D,S,T,2024-07-23,1000000.00,4.457024,102.75
08:00:30,912810UA4,TSRYS5802849,D,S,T,2024-07-23,1000000.00,4.466373,102.59375
08:00:30,912810UA4,TSRYS5802849,D,S,T,2024-07-23,1000000.00,4.45609,102.765625
08:00:30,912810UA4,TSRYS5802849,D,S,T,2024-07-23,2000000.00,4.457024,102.75
08:00:30,912810UA4,TSRYS5802849,D,S,T,2024-07-23,1000000.00,4.45609,102.765625
08:00:30,912810UA4,TSRYS5802849,D,S,T,2024-07-23,1000000.00,4.45609,102.765625
08:00:30,912810UA4,TSRYS5802849,D,S,T,2024-07-23,1000000.00,4.45609,102.765625
08:00:30,912810UA4,TSRYS5802849,D,S,T,2024-07-23,1000000.00,4.455156,102.78125
08:00:30,912810UA4,TSRYS5802849,D,S,T,2024-07-23,1000000.00,4.455156,102.78125
08:00:30,912810UA4,TSRYS5802849,D,S,T,2024-07-23,1000000.00,4.455156,102.78125
08:00:30,912810UA4,TSRYS5802849,D,S,T,2024-07-23,1000000.00,4.454573,102.791015625
08:00:30,912810UA4,TSRYS5802849,D,S,T,2024-07-23,1000000.00,4.454456,102.79296875
08:00:30,912810UA4,TSRYS5802849,D,S,T,2024-07-23,1000000.00,4.45434,102.794921875
08:00:30,912810UA4,TSRYS5802849,D,S,T,2024-07-23,1000000.00,4.45609,102.765625
08:00:30,912810UA4,TSRYS5802849,D,S,T,2024-07-23,1000000.00,4.454106,102.798828125
08:00:30,912810UA4,TSRYS5802849,D,S,T,2024-07-23,1000000.00,4.457024,102.75
08:00:30,912810UA4,TSRYS5802849,D,S,T,2024-07-23,1000000.00,4.457024,102.75
08:00:30,912810UA4,TSRYS5802849,D,S,T,2024-07-23,1000000.00,4.457024,102.75
08:00:30,912810UA4,TSRYS5802849,D,S,T,2024-07-23,1000000.00,4.457024,102.75
08:00:30,912810UA4,TSRYS5802849,D,S,T,2024-07-23,1000000.00,4.455156,102.78125
08:00:30,912810UA4,TSRYS5802849,D,S,T,2024-07-23,1000000.00,4.455156,102.78125
08:00:30,912810UA4,TSRYS5802849,D,S,T,2024-07-23,1000000.00,4.45609,102.765625
08:00:30,912810UA4,TSRYS5802849,D,S,T,2024-07-23,1000000.00,4.45609,102.765625
08:00:30,912810UA4,TSRYS5802849,D,S,T,2024-07-23,1000000.00,4.457958,102.734375
08:00:30,912810UA4,TSRYS5802849,D,S,T,2024-07-23,1000000.00,4.457024,102.75
08:00:30,912810UA4,TSRYS5802849,D,S,T,2024-07-23,1000000.00,4.457024,102.75
08:00:30,912810UA4,TSRYS5802849,D,S,T,2024-07-23,1000000.00,4.457024,102.75
08:00:30,912810UA4,TSRYS5802849,D,S,T,2024-07-23,1000000.00,4.457024,102.75
08:00:30,912810UA4,TSRYS5802849,D,S,T,2024-07-23,1000000.00,4.457024,102.75
08:00:30,912810UA4,TSRYS5802849,D,S,T,2024-07-23,1000000.00,4.459826,102.703125
08:00:30,912810UA4,TSRYS5802849,D,S,T,2024-07-23,1000000.00,4.459826,102.703125
08:00:30,912810UA4,TSRYS5802849,D,S,T,2024-07-23,1000000.00,4.459826,102.703125
08:00:30,912810UA4,TSRYS5802849,D,S,T,2024-07-23,1000000.00,4.457958,102.734375
08:00:30,912810UA4,TSRYS5802849,D,S,T,2024-07-23,1000000.00,4.457958,102.734375
08:00:30,912810UA4,TSRYS5802849,D,S,T,2024-07-23,1000000.00,4.461696,102.671875
08:00:30,912810UA4,TSRYS5802849,D,S,T,2024-07-23,2000000.00,4.461696,102.671875
08:00:30,912810UA4,TSRYS5802849,D,S,T,2024-07-23,1000000.00,4.461696,102.671875
08:00:30,912810UA4,TSRYS5802849,D,S,T,2024-07-23,1000000.00,4.462631,102.65625
08:00:30,912810UA4,TSRYS5802849,D,B,A,2024-07-23,10000000.00,4.468479,102.55859375
08:00:30,912810UA4,TSRYS5802849,D,S,T,2024-07-23,1000000.00,4.466373,102.59375
08:00:30,912810UA4,TSRYS5802849,D,S,T,2024-07-23,1000000.00,4.466373,102.59375
08:00:30,912810UA4,TSRYS5802849,D,S,T,2024-07-23,1000000.00,4.467309,102.578125
08:00:30,912810UA4,TSRYS5802849,D,S,T,2024-07-23,1000000.00,4.466373,102.59375
08:00:30,912810UA4,TSRYS5802849,D,S,T,2024-07-23,1000000.00,4.466139,102.59765625
08:00:30,912810UA4,TSRYS5802849,D,S,T,2024-07-23,1000000.00,4.466256,102.595703125
08:00:30,912810UA4,TSRYS5802849,D,S,T,2024-07-23,1000000.00,4.466022,102.599609375
08:00:30,912810UA4,TSRYS5802849,D,S,T,2024-07-23,1000000.00,4.467426,102.576171875
08:00:30,912810UA4,TSRYS5802849,D,S,T,2024-07-23,1000000.00,4.467309,102.578125
08:00:30,912810UA4,TSRYS5802849,D,S,T,2024-07-23,1000000.00,4.467309,102.578125
08:00:30,912810UA4,TSRYS5802849,D,S,T,2024-07-23,1000000.00,4.469181,102.546875
08:00:30,912810UA4,TSRYS5802849,D,S,T,2024-07-23,1000000.00,4.469181,102.546875
08:00:30,912810UA4,TSRYS5802849,D,S,T,2024-07-23,1000000.00,4.471055,102.515625
08:00:30,912810UA4,TSRYS5802849,D,S,T,2024-07-23,1000000.00,4.471055,102.515625
08:00:30,912810UA4,TSRYS5802849,D,S,T,2024-07-23,1000000.00,4.472929,102.484375
08:00:30,912810UA4,TSRYS5802849,D,S,T,2024-07-23,1000000.00,4.47246,102.4921875
08:00:30,912810UA4,TSRYS5802849,D,S,T,2024-07-23,1000000.00,4.470118,102.53125
08:00:30,912810UA4,TSRYS5802849,D,S,T,2024-07-23,1000000.00,4.470118,102.53125
08:00:30,912810UA4,TSRYS5802849,D,S,T,2024-07-23,1000000.00,4.470118,102.53125
08:00:30,912810UA4,TSRYS5802849,D,S,T,2024-07-23,1000000.00,4.470118,102.53125
08:00:30,912810UA4,TSRYS5802849,D,S,T,2024-07-23,1000000.00,4.470118,102.53125
08:00:30,912810UA4,TSRYS5802849,D,S,T,2024-07-23,1000000.00,4.470118,102.53125
08:00:30,912810UA4,TSRYS5802849,D,S,T,2024-07-23,1000000.00,4.470118,102.53125
08:00:30,912810UA4,TSRYS5802849,D,S,T,2024-07-23,1000000.00,4.470118,102.53125
08:00:30,912810UA4,TSRYS5802849,D,S,T,2024-07-23,1000000.00,4.470118,102.53125
08:00:30,912810UA4,TSRYS5802849,D,S,T,2024-07-23,1000000.00,4.470118,102.53125
08:00:30,912810UA4,TSRYS5802849,D,S,T,2024-07-23,1000000.00,4.470118,102.53125
08:00:30,912810UA4,TSRYS5802849,D,S,T,2024-07-23,1000000.00,4.470118,102.53125
08:00:30,912810UA4,TSRYS5802849,D,S,T,2024-07-23,1000000.00,4.470118,102.53125
08:00:30,912810UA4,TSRYS5802849,D,S,T,2024-07-23,1000000.00,4.470118,102.53125
08:00:30,912810UA4,TSRYS5802849,D,S,T,2024-07-23,1000000.00,4.470118,102.53125
08:00:30,912810UA4,TSRYS5802849,D,S,T,2024-07-23,1000000.00,4.470118,102.53125
08:00:30,912810UA4,TSRYS5802849,D,S,T,2024-07-23,1000000.00,4.457958,102.734375
08:00:31,912810UA4,TSRYS5802849,D,S,T,2024-07-23,1000000.00,4.470118,102.53125
08:00:31,912810UA4,TSRYS5802849,D,S,T,2024-07-23,1000000.00,4.466373,102.59375
08:00:31,912810UA4,TSRYS5802849,D,S,T,2024-07-23,1000000.00,4.466373,102.59375
08:00:31,912810UA4,TSRYS5802849,D,S,T,2024-07-23,1000000.00,4.465437,102.609375
08:00:31,912810UA4,TSRYS5802849,D,S,T,2024-07-23,1000000.00,4.464501,102.625
08:00:31,912810UA4,TSRYS5802849,D,S,T,2024-07-23,1000000.00,4.464501,102.625
08:00:31,912810UA4,TSRYS5802849,D,S,T,2024-07-23,1000000.00,4.464501,102.625
08:00:31,912810UA4,TSRYS5802849,D,S,T,2024-07-23,1000000.00,4.464501,102.625
08:00:31,912810UA4,TSRYS5802849,D,S,T,2024-07-23,1000000.00,4.464501,102.625
08:00:31,912810UA4,TSRYS5802849,D,S,T,2024-07-23,1000000.00,4.464501,102.625
08:00:31,912810UA4,TSRYS5802849,D,S,T,2024-07-23,1000000.00,4.464501,102.625
08:00:31,912810UA4,TSRYS5802849,D,S,T,2024-07-23,1000000.00,4.464501,102.625
08:00:31,912810UA4,TSRYS5802849,D,S,T,2024-07-23,1000000.00,4.464501,102.625
08:00:31,912810UA4,TSRYS5802849,D,S,T,2024-07-23,1000000.00,4.464501,102.625
08:00:31,912810UA4,TSRYS5802849,D,S,T,2024-07-23,1000000.00,4.464501,102.625
08:00:31,912810UA4,TSRYS5802849,D,S,T,2024-07-23,1000000.00,4.462631,102.65625
08:00:31,912810UA4,TSRYS5802849,D,S,T,2024-07-23,1000000.00,4.464501,102.625
08:00:31,912810UA4,TSRYS5802849,D,S,T,2024-07-23,1000000.00,4.464501,102.625
08:00:31,912810UA4,TSRYS5802849,D,S,T,2024-07-23,1000000.00,4.464501,102.625
08:00:31,912810UA4,TSRYS5802849,D,S,T,2024-07-23,1000000.00,4.464501,102.625
08:00:31,912810UA4,TSRYS5802849,D,S,T,2024-07-23,1000000.00,4.463566,102.640625
08:00:31,912810UA4,TSRYS5802849,D,S,T,2024-07-23,1000000.00,4.462631,102.65625
08:00:31,912810UA4,TSRYS5802849,D,S,T,2024-07-23,1000000.00,4.463566,102.640625
08:00:31,912810UA4,TSRYS5802849,D,S,T,2024-07-23,1000000.00,4.461696,102.671875
08:00:31,912810UA4,TSRYS5802849,D,S,T,2024-07-23,1000000.00,4.461696,102.671875
08:00:31,912810UA4,TSRYS5802849,D,S,T,2024-07-23,1000000.00,4.461696,102.671875
08:00:31,912810UA4,TSRYS5802849,D,S,T,2024-07-23,1000000.00,4.459009,102.716796875
08:00:31,912810UA4,TSRYS5802849,D,S,T,2024-07-23,1000000.00,4.458892,102.71875
08:00:31,912810UA4,TSRYS5802849,D,S,T,2024-07-23,1000000.00,4.458892,102.71875
08:00:31,912810UA4,TSRYS5802849,D,S,T,2024-07-23,1000000.00,4.458892,102.71875
08:00:31,912810UA4,TSRYS5802849,D,S,T,2024-07-23,1000000.00,4.458892,102.71875
08:00:31,912810UA4,TSRYS5802849,D,S,D,2024-07-23,1000000.00,4.466373,102.59375
08:00:31,912810UA4,TSRYS5802849,D,S,T,2024-07-23,1000000.00,4.460761,102.6875
08:00:31,912810UA4,TSRYS5802849,D,S,T,2024-07-23,1000000.00,4.460761,102.6875
08:00:31,912810UA4,TSRYS5802849,D,S,T,2024-07-23,1000000.00,4.462631,102.65625
08:00:31,912810UA4,TSRYS5802849,D,S,T,2024-07-23,1000000.00,4.463566,102.640625
08:00:31,912810UA4,TSRYS5802849,D,S,T,2024-07-23,1000000.00,4.463566,102.640625
08:00:31,912810UA4,TSRYS5802849,D,S,T,2024-07-23,1000000.00,4.464501,102.625
08:00:31,912810UA4,TSRYS5802849,D,S,T,2024-07-23,1000000.00,4.464501,102.625
08:00:31,912810UA4,TSRYS5802849,D,S,T,2024-07-23,1000000.00,4.464501,102.625
08:00:31,912810UA4,TSRYS5802849,D,S,T,2024-07-23,1000000.00,4.464501,102.625
08:00:31,912810UA4,TSRYS5802849,D,S,T,2024-07-23,1000000.00,4.464501,102.625
08:00:31,912810UA4,TSRYS5802849,D,S,T,2024-07-23,1000000.00,4.464501,102.625
08:00:31,912810UA4,TSRYS5802849,D,S,T,2024-07-23,1000000.00,4.464501,102.625
08:00:31,912810UA4,TSRYS5802849,D,S,T,2024-07-23,1000000.00,4.464501,102.625
08:00:31,912810UA4,TSRYS5802849,D,S,T,2024-07-23,2000000.00,4.464501,102.625
08:00:31,912810UA4,TSRYS5802849,D,S,T,2024-07-23,1000000.00,4.465437,102.609375
08:00:31,912810UA4,TSRYS5802849,D,S,T,2024-07-23,1000000.00,4.464969,102.6171875
08:00:31,912810UA4,TSRYS5802849,D,S,T,2024-07-23,1000000.00,4.464969,102.6171875
08:00:31,912810UA4,TSRYS5802849,D,S,T,2024-07-23,1000000.00,4.464735,102.62109375
08:00:31,912810UA4,TSRYS5802849,D,S,T,2024-07-23,1000000.00,4.464618,102.623046875
08:00:31,912810UA4,TSRYS5802849,D,S,T,2024-07-23,1000000.00,4.464501,102.625
08:00:31,912810UA4,TSRYS5802849,D,S,T,2024-07-23,1000000.00,4.462631,102.65625
08:00:31,912810UA4,TSRYS5802849,D,S,T,2024-07-23,1000000.00,4.462631,102.65625
08:00:31,912810UA4,TSRYS5802849,D,S,T,2024-07-23,1000000.00,4.463566,102.640625
08:00:31,912810UA4,TSRYS5802849,D,S,T,2024-07-23,1000000.00,4.463098,102.6484375
08:00:31,912810UA4,TSRYS5802849,D,S,T,2024-07-23,1000000.00,4.461696,102.671875
08:00:31,912810UA4,TSRYS5802849,D,S,T,2024-07-23,1000000.00,4.462046,102.666015625
08:00:31,912810UA4,TSRYS5802849,D,S,T,2024-07-23,1000000.00,4.459826,102.703125
08:00:31,912810UA4,TSRYS5802849,D,S,T,2024-07-23,1000000.00,4.458775,102.720703125
08:00:31,912810UA4,TSRYS5802849,D,S,T,2024-07-23,1000000.00,4.466373,102.59375
08:00:31,912810UA4,TSRYS5802849,D,S,T,2024-07-23,1000000.00,4.456907,102.751953125
08:00:31,912810UA4,TSRYS5802849,D,S,T,2024-07-23,1000000.00,4.457958,102.734375
08:00:31,912810UA4,TSRYS5802849,D,S,T,2024-07-23,1000000.00,4.457958,102.734375
08:00:31,912810UA4,TSRYS5802849,D,S,T,2024-07-23,1000000.00,4.457958,102.734375
08:00:31,912810UA4,TSRYS5802849,D,S,T,2024-07-23,1000000.00,4.457958,102.734375
08:00:31,912810UA4,TSRYS5802849,D,S,T,2024-07-23,1000000.00,4.457958,102.734375
08:00:31,912810UA4,TSRYS5802849,D,S,T,2024-07-23,1000000.00,4.457841,102.736328125
08:00:31,912810UA4,TSRYS5802849,D,S,T,2024-07-23,1000000.00,4.458308,102.728515625
08:00:31,912810UA4,TSRYS5802849,D,S,T,2024-07-23,1000000.00,4.458892,102.71875
08:00:31,912810UA4,TSRYS5802849,D,S,T,2024-07-23,1000000.00,4.458892,102.71875
08:00:31,912810UA4,TSRYS5802849,D,S,T,2024-07-23,1000000.00,4.45469,102.7890625
08:00:31,912810UA4,TSRYS5802849,D,S,T,2024-07-23,1000000.00,4.45469,102.7890625
08:00:31,912810UA4,TSRYS5802849,D,S,T,2024-07-23,1000000.00,4.45259,102.82421875
08:00:31,912810UA4,TSRYS5802849,D,S,T,2024-07-23,1000000.00,4.452357,102.828125
08:00:31,912810UA4,TSRYS5802849,D,S,T,2024-07-23,1000000.00,4.452357,102.828125
08:00:31,912810UA4,TSRYS5802849,D,S,T,2024-07-23,1000000.00,4.45259,102.82421875
08:00:31,912810UA4,TSRYS5802849,D,S,T,2024-07-23,1000000.00,4.452357,102.828125
08:00:31,912810UA4,TSRYS5802849,D,S,T,2024-07-23,1000000.00,4.448627,102.890625
08:00:31,912810UA4,TSRYS5802849,D,S,T,2024-07-23,1000000.00,4.448627,102.890625
08:00:31,912810UA4,TSRYS5802849,D,S,T,2024-07-23,1000000.00,4.449559,102.875
08:00:31,912810UA4,TSRYS5802849,D,S,T,2024-07-23,1000000.00,4.447695,102.90625
08:00:31,912810UA4,TSRYS5802849,D,S,T,2024-07-23,1000000.00,4.447695,102.90625
08:00:31,912810UA4,TSRYS5802849,D,S,T,2024-07-23,1000000.00,4.447695,102.90625
08:00:31,912810UA4,TSRYS5802849,D,S,T,2024-07-23,1000000.00,4.448627,102.890625
08:00:31,912810UA4,TSRYS5802849,D,S,T,2024-07-23,1000000.00,4.448627,102.890625
08:00:31,912810UA4,TSRYS5802849,D,S,T,2024-07-23,1000000.00,4.448627,102.890625
08:00:31,912810UA4,TSRYS5802849,D,S,T,2024-07-23,1000000.00,4.449559,102.875
08:00:31,912810UA4,TSRYS5802849,D,S,T,2024-07-23,1000000.00,4.450492,102.859375
08:00:31,912810UA4,TSRYS5802849,D,S,T,2024-07-23,2000000.00,4.450492,102.859375
08:00:31,912810UA4,TSRYS5802849,D,S,T,2024-07-23,1000000.00,4.450492,102.859375
08:00:31,912810UA4,TSRYS5802849,D,S,T,2024-07-23,1000000.00,4.450492,102.859375
08:00:31,912810UA4,TSRYS5802849,D,S,T,2024-07-23,1000000.00,4.452357,102.828125
08:00:31,912810UA4,TSRYS5802849,D,S,T,2024-07-23,1000000.00,4.451424,102.84375
08:00:31,912810UA4,TSRYS5802849,D,S,T,2024-07-23,1000000.00,4.449559,102.875
08:00:31,912810UA4,TSRYS5802849,D,S,T,2024-07-23,1000000.00,4.449559,102.875
08:00:31,912810UA4,TSRYS5802849,D,S,C,2024-07-23,10000000.00,4.470118,102.53125
08:00:31,912810UA4,TSRYS5802849,D,S,T,2024-07-23,1000000.00,4.449559,102.875
08:00:31,912810UA4,TSRYS5802849,D,S,T,2024-07-23,2000000.00,4.449559,102.875
08:00:31,912810UA4,TSRYS5802849,D,S,T,2024-07-23,1000000.00,4.446764,102.921875
08:00:31,912810UA4,TSRYS5802849,D,S,T,2024-07-23,1000000.00,4.448627,102.890625
08:00:31,912810UA4,TSRYS5802849,D,S,T,2024-07-23,1000000.00,4.448627,102.890625
08:00:31,912810UA4,TSRYS5802849,D,S,T,2024-07-23,1000000.00,4.447695,102.90625
08:00:31,912810UA4,TSRYS5802849,D,S,T,2024-07-23,1000000.00,4.447695,102.90625
08:00:31,912810UA4,TSRYS5802849,D,S,T,2024-07-23,1000000.00,4.445832,102.9375
08:00:31,912810UA4,TSRYS5802849,D,S,T,2024-07-23,1000000.00,4.447695,102.90625
08:00:31,912810UA4,TSRYS5802849,D,S,T,2024-07-23,1000000.00,4.447695,102.90625
08:00:31,912810UA4,TSRYS5802849,D,S,T,2024-07-23,2000000.00,4.447695,102.90625
08:00:31,912810UA4,TSRYS5802849,D,S,T,2024-07-23,1000000.00,4.445133,102.94921875
08:00:31,912810UA4,TSRYS5802849,D,S,T,2024-07-23,1000000.00,4.445133,102.94921875
08:00:31,912810UA4,TSRYS5802849,D,S,T,2024-07-23,1000000.00,4.446764,102.921875
08:00:31,912810UA4,TSRYS5802849,D,S,T,2024-07-23,1000000.00,4.447695,102.90625
08:00:31,912810UA4,TSRYS5802849,D,S,T,2024-07-23,1000000.00,4.448627,102.890625
08:00:31,912810UA4,TSRYS5802849,D,S,T,2024-07-23,1000000.00,4.448627,102.890625
08:00:31,912810UA4,TSRYS5802849,D,S,T,2024-07-23,1000000.00,4.448627,102.890625
08:00:31,912810UA4,TSRYS5802849,D,S,T,2024-07-23,1000000.00,4.448627,102.890625
08:00:31,912810UA4,TSRYS5802849,D,S,T,2024-07-23,1000000.00,4.448278,102.896484375
08:00:31,912810UA4,TSRYS5802849,D,S,T,2024-07-23,1000000.00,4.449676,102.873046875
08:00:31,912810UA4,TSRYS5802849,D,S,T,2024-07-23,2000000.00,4.449559,102.875
08:00:31,912810UA4,TSRYS5802849,D,S,T,2024-07-23,1000000.00,4.449559,102.875
08:00:31,912810UA4,TSRYS5802849,D,S,T,2024-07-23,1000000.00,4.449559,102.875
08:00:31,912810UA4,TSRYS5802849,D,S,T,2024-07-23,1000000.00,4.448627,102.890625
08:00:31,912810UA4,TSRYS5802849,D,S,T,2024-07-23,1000000.00,4.449559,102.875
08:00:31,912810UA4,TSRYS5802849,D,S,T,2024-07-23,1000000.00,4.449676,102.873046875
08:00:31,912810UA4,TSRYS5802849,D,S,T,2024-07-23,1000000.00,4.449559,102.875
08:00:31,912810UA4,TSRYS5802849,D,S,T,2024-07-23,1000000.00,4.449559,102.875
08:00:31,912810UA4,TSRYS5802849,D,S,T,2024-07-23,2000000.00,4.449559,102.875
08:00:31,912810UA4,TSRYS5802849,D,S,T,2024-07-23,1000000.00,4.449559,102.875
08:00:31,912810UA4,TSRYS5802849,D,S,T,2024-07-23,1000000.00,4.449559,102.875
08:00:32,912810UA4,TSRYS5802849,D,S,T,2024-07-23,1000000.00,4.447695,102.90625
08:00:32,912810UA4,TSRYS5802849,D,S,T,2024-07-23,1000000.00,4.447695,102.90625
08:00:32,912810UA4,TSRYS5802849,D,S,T,2024-07-23,1000000.00,4.446647,102.923828125
08:00:32,912810UA4,TSRYS5802849,D,S,T,2024-07-23,1000000.00,4.446764,102.921875
08:00:32,912810UA4,TSRYS5802849,D,S,T,2024-07-23,1000000.00,4.446764,102.921875
08:00:32,912810UA4,TSRYS5802849,D,S,T,2024-07-23,1000000.00,4.446996,102.91796875
08:00:32,912810UA4,TSRYS5802849,D,S,T,2024-07-23,1000000.00,4.445832,102.9375
08:00:32,912810UA4,TSRYS5802849,D,S,T,2024-07-23,1000000.00,4.446065,102.93359375
08:00:32,912810UA4,TSRYS5802849,D,S,T,2024-07-23,1000000.00,4.446764,102.921875
08:00:32,912810UA4,TSRYS5802849,D,S,T,2024-07-23,1000000.00,4.446764,102.921875
08:00:32,912810UA4,TSRYS5802849,D,S,T,2024-07-23,1000000.00,4.446764,102.921875
08:00:32,912810UA4,TSRYS5802849,D,S,T,2024-07-23,1000000.00,4.446764,102.921875
08:00:32,912810UA4,TSRYS5802849,D,S,T,2024-07-23,1000000.00,4.446764,102.921875
08:00:32,912810UA4,TSRYS5802849,D,S,T,2024-07-23,1000000.00,4.446764,102.921875
08:00:32,912810UA4,TSRYS5802849,D,S,T,2024-07-23,1000000.00,4.446764,102.921875
08:00:32,912810UA4,TSRYS5802849,D,S,T,2024-07-23,1000000.00,4.446764,102.921875
08:00:32,912810UA4,TSRYS5802849,D,S,T,2024-07-23,1000000.00,4.446764,102.921875
08:00:32,912810UA4,TSRYS5802849,D,S,T,2024-07-23,1000000.00,4.446764,102.921875
08:00:32,912810UA4,TSRYS5802849,D,S,T,2024-07-23,1000000.00,4.446764,102.921875
08:00:32,912810UA4,TSRYS5802849,D,S,T,2024-07-23,1000000.00,4.447113,102.916015625
08:00:32,912810UA4,TSRYS5802849,D,S,T,2024-07-23,2000000.00,4.447113,102.916015625
08:00:32,912810UA4,TSRYS5802849,D,S,T,2024-07-23,1000000.00,4.447113,102.916015625
08:00:32,912810UA4,TSRYS5802849,D,S,T,2024-07-23,1000000.00,4.446996,102.91796875
08:00:32,912810UA4,TSRYS5802849,D,S,T,2024-07-23,1000000.00,4.44688,102.919921875
08:00:32,912810UA4,TSRYS5802849,D,S,T,2024-07-23,1000000.00,4.446065,102.93359375
08:00:32,912810UA4,TSRYS5802849,D,S,T,2024-07-23,1000000.00,4.446065,102.93359375
08:00:32,912810UA4,TSRYS5802849,D,S,T,2024-07-23,1000000.00,4.458892,102.71875
08:00:32,912810UA4,TSRYS5802849,D,S,D,2024-07-23,1000000.00,4.447695,102.90625
08:00:32,912810UA4,TSRYS5802849,D,S,T,2024-07-23,1000000.00,4.448627,102.890625
08:00:32,912810UA4,TSRYS5802849,D,S,D,2024-07-23,1000000.00,4.449792,102.87109375
08:00:32,912810UA4,TSRYS5802849,D,S,T,2024-07-23,1000000.00,4.449559,102.875
08:00:32,912810UA4,TSRYS5802849,D,S,T,2024-07-23,1000000.00,4.449909,102.869140625
08:00:32,912810UA4,TSRYS5802849,D,S,T,2024-07-23,1000000.00,4.451308,102.845703125
08:00:32,912810UA4,TSRYS5802849,D,S,T,2024-07-23,1000000.00,4.451308,102.845703125
08:00:32,912810UA4,TSRYS5802849,D,S,T,2024-07-23,1000000.00,4.451424,102.84375
08:00:32,912810UA4,TSRYS5802849,D,S,T,2024-07-23,1000000.00,4.451541,102.841796875
08:00:32,912810UA4,TSRYS5802849,D,S,T,2024-07-23,1000000.00,4.452357,102.828125
08:00:32,912810UA4,TSRYS5802849,D,S,T,2024-07-23,1000000.00,4.457958,102.734375
08:00:32,912810UA4,TSRYS5802849,D,S,T,2024-07-23,1000000.00,4.45294,102.818359375
08:00:32,912810UA4,TSRYS5802849,D,S,T,2024-07-23,1000000.00,4.45294,102.818359375
08:00:32,912810UA4,TSRYS5802849,D,S,T,2024-07-23,1000000.00,4.45329,102.8125
08:00:32,912810UA4,TSRYS5802849,D,S,T,2024-07-23,1000000.00,4.45329,102.8125
08:00:32,912810UA4,TSRYS5802849,D,S,T,2024-07-23,1000000.00,4.453173,102.814453125
08:00:32,912810UA4,TSRYS5802849,D,S,T,2024-07-23,1000000.00,4.453057,102.81640625
08:00:32,912810UA4,TSRYS5802849,D,S,T,2024-07-23,1000000.00,4.452357,102.828125
08:00:32,912810UA4,TSRYS5802849,D,S,T,2024-07-23,1000000.00,4.454223,102.796875
08:00:32,912810UA4,TSRYS5802849,D,S,T,2024-07-23,1000000.00,4.454223,102.796875
08:00:32,912810UA4,TSRYS5802849,D,S,T,2024-07-23,1000000.00,4.454223,102.796875
08:00:32,912810UA4,TSRYS5802849,D,S,T,2024-07-23,1000000.00,4.454223,102.796875
08:00:32,912810UA4,TSRYS5802849,D,S,T,2024-07-23,1000000.00,4.452823,102.8203125
08:00:32,912810UA4,TSRYS5802849,D,S,T,2024-07-23,1000000.00,4.451308,102.845703125
08:00:32,912810UA4,TSRYS5802849,D,S,T,2024-07-23,1000000.00,4.451424,102.84375
08:00:32,912810UA4,TSRYS5802849,D,S,T,2024-07-23,1000000.00,4.451424,102.84375
08:00:32,912810UA4,TSRYS5802849,D,B,A,2024-07-23,10000000.00,4.462631,102.65625
08:00:32,912810UA4,TSRYS5802849,D,S,T,2024-07-23,1000000.00,4.451424,102.84375
08:00:32,912810UA4,TSRYS5802849,D,S,T,2024-07-23,1000000.00,4.451657,102.83984375
08:00:32,912810UA4,TSRYS5802849,D,S,T,2024-07-23,2000000.00,4.451424,102.84375
08:00:32,912810UA4,TSRYS5802849,D,S,T,2024-07-23,1000000.00,4.451308,102.845703125
08:00:32,912810UA4,TSRYS5802849,D,S,T,2024-07-23,1000000.00,4.451424,102.84375
08:00:32,912810UA4,TSRYS5802849,D,S,T,2024-07-23,1000000.00,4.451308,102.845703125
08:00:32,912810UA4,TSRYS5802849,D,S,T,2024-07-23,1000000.00,4.452823,102.8203125
08:00:32,912810UA4,TSRYS5802849,D,S,T,2024-07-23,1000000.00,4.452357,102.828125
08:00:32,912810UA4,TSRYS5802849,D,S,T,2024-07-23,1000000.00,4.452823,102.8203125
08:00:32,912810UA4,TSRYS5802849,D,S,T,2024-07-23,1000000.00,4.451424,102.84375
08:00:32,912810UA4,TSRYS5802849,D,S,T,2024-07-23,1000000.00,4.451424,102.84375
08:00:32,912810UA4,TSRYS5802849,D,S,T,2024-07-23,1000000.00,4.451308,102.845703125
08:00:32,912810UA4,TSRYS5802849,D,S,T,2024-07-23,1000000.00,4.451308,102.845703125
08:00:32,912810UA4,TSRYS5802849,D,S,T,2024-07-23,1000000.00,4.451308,102.845703125
08:00:32,912810UA4,TSRYS5802849,D,S,T,2024-07-23,1000000.00,4.451308,102.845703125
08:00:32,912810UA4,TSRYS5802849,D,S,T,2024-07-23,1000000.00,4.451308,102.845703125
08:00:32,912810UA4,TSRYS5802849,D,S,T,2024-07-23,1000000.00,4.451308,102.845703125
08:00:32,912810UA4,TSRYS5802849,D,S,T,2024-07-23,1000000.00,4.449909,102.869140625
08:00:32,912810UA4,TSRYS5802849,D,S,T,2024-07-23,1000000.00,4.448394,102.89453125
08:00:32,912810UA4,TSRYS5802849,D,S,T,2024-07-23,1000000.00,4.448511,102.892578125
08:00:32,912810UA4,TSRYS5802849,D,S,T,2024-07-23,1000000.00,4.448627,102.890625
08:00:32,912810UA4,TSRYS5802849,D,S,T,2024-07-23,1000000.00,4.448627,102.890625
08:00:32,912810UA4,TSRYS5802849,D,S,T,2024-07-23,1000000.00,4.448627,102.890625
08:00:32,912810UA4,TSRYS5802849,D,S,T,2024-07-23,1000000.00,4.448627,102.890625
08:00:32,912810UA4,TSRYS5802849,D,S,T,2024-07-23,1000000.00,4.448511,102.892578125
08:00:32,912810UA4,TSRYS5802849,D,S,T,2024-07-23,1000000.00,4.457958,102.734375
08:00:32,912810UA4,TSRYS5802849,D,S,T,2024-07-23,1000000.00,4.449559,102.875
08:00:32,912810UA4,TSRYS5802849,D,S,T,2024-07-23,2000000.00,4.446764,102.921875
08:00:32,912810UA4,TSRYS5802849,D,S,T,2024-07-23,1000000.00,4.446764,102.921875
08:00:32,912810UA4,TSRYS5802849,D,S,T,2024-07-23,3000000.00,4.446764,102.921875
08:00:32,912810UA4,TSRYS5802849,D,S,T,2024-07-23,1000000.00,4.447695,102.90625
08:00:32,912810UA4,TSRYS5802849,D,S,T,2024-07-23,1000000.00,4.447695,102.90625
08:00:32,912810UA4,TSRYS5802849,D,S,T,2024-07-23,1000000.00,4.447695,102.90625
08:00:32,912810UA4,TSRYS5802849,D,S,T,2024-07-23,1000000.00,4.446531,102.92578125
08:00:32,912810UA4,TSRYS5802849,D,S,T,2024-07-23,1000000.00,4.448627,102.890625
08:00:32,912810UA4,TSRYS5802849,D,S,T,2024-07-23,1000000.00,4.448627,102.890625
08:00:32,912810UA4,TSRYS5802849,D,S,T,2024-07-23,1000000.00,4.448627,102.890625
08:00:32,912810UA4,TSRYS5802849,D,S,T,2024-07-23,1000000.00,4.448744,102.888671875
08:00:32,912810UA4,TSRYS5802849,D,S,T,2024-07-23,1000000.00,4.44921,102.880859375
08:00:32,912810UA4,TSRYS5802849,D,S,T,2024-07-23,1000000.00,4.449093,102.8828125
08:00:32,912810UA4,TSRYS5802849,D,S,T,2024-07-23,1000000.00,4.449093,102.8828125
08:00:32,912810UA4,TSRYS5802849,D,S,T,2024-07-23,1000000.00,4.448627,102.890625
08:00:32,912810UA4,TSRYS5802849,D,S,T,2024-07-23,1000000.00,4.448627,102.890625
08:00:32,912810UA4,TSRYS5802849,D,S,T,2024-07-23,2000000.00,4.44921,102.880859375
08:00:32,912810UA4,TSRYS5802849,D,S,T,2024-07-23,1000000.00,4.449559,102.875
08:00:32,912810UA4,TSRYS5802849,D,S,T,2024-07-23,2000000.00,4.449559,102.875
08:00:32,912810UA4,TSRYS5802849,D,S,D,2024-07-23,1000000.00,4.449559,102.875
08:00:32,912810UA4,TSRYS5802849,D,S,D,2024-07-23,1000000.00,4.449559,102.875
08:00:32,912810UA4,TSRYS5802849,D,S,T,2024-07-23,1000000.00,4.449093,102.8828125
08:00:32,912810UA4,TSRYS5802849,D,S,T,2024-07-23,1000000.00,4.450608,102.857421875
08:00:32,912810UA4,TSRYS5802849,D,S,T,2024-07-23,2000000.00,4.450492,102.859375
08:00:32,912810UA4,TSRYS5802849,D,S,T,2024-07-23,1000000.00,4.450492,102.859375
08:00:32,912810UA4,TSRYS5802849,D,S,T,2024-07-23,1000000.00,4.450492,102.859375
08:00:32,912810UA4,TSRYS5802849,D,S,T,2024-07-23,1000000.00,4.450492,102.859375
08:00:32,912810UA4,TSRYS5802849,D,S,T,2024-07-23,1000000.00,4.450492,102.859375
08:00:32,912810UA4,TSRYS5802849,D,S,T,2024-07-23,1000000.00,4.448161,102.8984375
08:00:32,912810UA4,TSRYS5802849,D,S,D,2024-07-23,1000000.00,4.46965,102.5390625
08:00:32,912810UA4,TSRYS5802849,D,S,D,2024-07-23,1000000.00,4.461228,102.6796875
08:00:32,912810UA4,TSRYS5802849,D,S,D,2024-07-23,1000000.00,4.458892,102.71875
08:00:32,912810UA4,TSRYS5802849,D,S,D,2024-07-23,1000000.00,4.454923,102.78515625
08:00:32,912810UA4,TSRYS5802849,D,S,D,2024-07-23,1000000.00,4.45469,102.7890625
08:00:32,912810UA4,TSRYS5802849,D,S,D,2024-07-23,1000000.00,4.454923,102.78515625
08:00:32,912810UA4,TSRYS5802849,D,S,D,2024-07-23,1000000.00,4.454923,102.78515625
08:00:32,912810UA4,TSRYS5802849,D,S,D,2024-07-23,1000000.00,4.458892,102.71875
08:00:32,912810UA4,TSRYS5802849,D,S,D,2024-07-23,1000000.00,4.457257,102.74609375
08:00:32,912810UA4,TSRYS5802849,D,S,D,2024-07-23,1000000.00,4.457257,102.74609375
08:00:32,912810UA4,TSRYS5802849,D,S,D,2024-07-23,1000000.00,4.455857,102.76953125
08:00:32,912810UA4,TSRYS5802849,D,S,D,2024-07-23,1000000.00,4.45539,102.77734375
08:00:32,912810UA4,TSRYS5802849,D,S,D,2024-07-23,1000000.00,4.466841,102.5859375
08:00:32,912810UA4,TSRYS5802849,D,S,D,2024-07-23,1000000.00,4.466139,102.59765625
08:00:32,912810UA4,TSRYS5802849,D,S,D,2024-07-23,1000000.00,4.468245,102.5625
08:00:32,912810UA4,TSRYS5802849,D,S,D,2024-07-23,1000000.00,4.466607,102.58984375
08:00:32,912810UA4,TSRYS5802849,D,S,D,2024-07-23,1000000.00,4.467309,102.578125
08:00:32,912810UA4,TSRYS5802849,D,S,D,2024-07-23,1000000.00,4.47246,102.4921875
08:00:32,912810UA4,TSRYS5802849,D,S,D,2024-07-23,1000000.00,4.469181,102.546875
08:00:32,912810UA4,TSRYS5802849,D,S,D,2024-07-23,1000000.00,4.469415,102.54296875
08:00:32,912810UA4,TSRYS5802849,D,S,D,2024-07-23,1000000.00,4.469181,102.546875
08:00:32,912810UA4,TSRYS5802849,D,S,D,2024-07-23,1000000.00,4.463332,102.64453125
08:00:32,912810UA4,TSRYS5802849,D,S,D,2024-07-23,1000000.00,4.454456,102.79296875
08:00:32,912810UA4,TSRYS5802849,D,S,D,2024-07-23,1000000.00,4.452124,102.83203125
08:00:32,912810UA4,TSRYS5802849,D,S,D,2024-07-23,1000000.00,4.452124,102.83203125
08:00:32,912810UA4,TSRYS5802849,D,S,D,2024-07-23,1000000.00,4.451891,102.8359375
08:00:32,912810UA4,TSRYS5802849,D,S,D,2024-07-23,1000000.00,4.450958,102.8515625
08:00:32,912810UA4,TSRYS5802849,D,S,D,2024-07-23,1000000.00,4.448394,102.89453125
08:00:32,912810UA4,TSRYS5802849,D,S,D,2024-07-23,1000000.00,4.447462,102.91015625
08:00:32,912810UA4,TSRYS5802849,D,S,D,2024-07-23,1000000.00,4.447229,102.9140625
08:00:32,912810UA4,TSRYS5802849,D,S,D,2024-07-23,1000000.00,4.447928,102.90234375
08:00:32,912810UA4,TSRYS5802849,D,S,T,2024-07-23,1000000.00,4.466373,102.59375
08:00:32,912810UA4,TSRYS5802849,D,S,T,2024-07-23,1000000.00,4.466139,102.59765625
08:00:32,912810UA4,TSRYS5802849,D,S,D,2024-07-23,1000000.00,4.447695,102.90625
08:00:32,912810UA4,TSRYS5802849,D,S,D,2024-07-23,1000000.00,4.452357,102.828125
08:00:32,912810UA4,TSRYS5802849,D,S,D,2024-07-23,1000000.00,4.449093,102.8828125
08:00:32,912810UA4,TSRYS5802849,D,S,D,2024-07-23,1000000.00,4.449093,102.8828125
08:00:32,912810UA4,TSRYS5802849,D,S,D,2024-07-23,1000000.00,4.460177,102.697265625
08:00:32,912810UA4,TSRYS5802849,D,S,D,2024-07-23,1000000.00,4.459593,102.70703125
08:00:32,912810UA4,TSRYS5802849,D,S,D,2024-07-23,1000000.00,4.459009,102.716796875
08:00:32,912810UA4,TSRYS5802849,D,S,D,2024-07-23,1000000.00,4.458892,102.71875
08:00:32,912810UA4,TSRYS5802849,D,S,D,2024-07-23,1000000.00,4.455857,102.76953125
08:00:32,912810UA4,TSRYS5802849,D,S,D,2024-07-23,1000000.00,4.454923,102.78515625
08:00:32,912810UA4,TSRYS5802849,D,S,D,2024-07-23,1000000.00,4.455973,102.767578125
08:00:32,912810UA4,TSRYS5802849,D,S,D,2024-07-23,1000000.00,4.455623,102.7734375
08:00:32,912810UA4,TSRYS5802849,D,S,D,2024-07-23,1000000.00,4.457841,102.736328125
08:00:32,912810UA4,TSRYS5802849,D,S,D,2024-07-23,1000000.00,4.460761,102.6875
08:00:32,912810UA4,TSRYS5802849,D,S,D,2024-07-23,1000000.00,4.451774,102.837890625
08:00:32,912810UA4,TSRYS5802849,D,S,D,2024-07-23,1000000.00,4.451657,102.83984375
08:00:32,912810UA4,TSRYS5802849,D,S,D,2024-07-23,1000000.00,4.447462,102.91015625
08:00:32,912810UA4,TSRYS5802849,D,S,D,2024-07-23,1000000.00,4.447113,102.916015625
08:00:32,912810UA4,TSRYS5802849,D,S,D,2024-07-23,1000000.00,4.446764,102.921875
08:00:32,912810UA4,TSRYS5802849,D,S,D,2024-07-23,1000000.00,4.446298,102.9296875
08:00:32,912810UA4,TSRYS5802849,D,S,D,2024-07-23,1000000.00,4.448045,102.900390625
08:00:32,912810UA4,TSRYS5802849,D,S,D,2024-07-23,1000000.00,4.447229,102.9140625
08:00:32,912810UA4,TSRYS5802849,D,S,D,2024-07-23,1000000.00,4.447229,102.9140625
08:00:32,912810UA4,TSRYS5802849,D,S,D,2024-07-23,1000000.00,4.447928,102.90234375
08:00:32,912810UA4,TSRYS5802849,D,S,D,2024-07-23,1000000.00,4.450142,102.865234375
08:00:32,912810UA4,TSRYS5802849,D,S,D,2024-07-23,1000000.00,4.450025,102.8671875
08:00:32,912810UA4,TSRYS5802849,D,S,D,2024-07-23,1000000.00,4.450608,102.857421875
08:00:32,912810UA4,TSRYS5802849,D,S,D,2024-07-23,1000000.00,4.451891,102.8359375
08:00:32,912810UA4,TSRYS5802849,D,S,D,2024-07-23,1000000.00,4.451891,102.8359375
08:00:32,912810UA4,TSRYS5802849,D,S,D,2024-07-23,1000000.00,4.449559,102.875
08:00:32,912810UA4,TSRYS5802849,D,S,D,2024-07-23,1000000.00,4.450492,102.859375
08:00:32,912810UA4,TSRYS5802849,D,S,D,2024-07-23,1000000.00,4.447579,102.908203125
08:00:32,912810UA4,TSRYS5802849,D,S,D,2024-07-23,1000000.00,4.446298,102.9296875
08:00:32,912810UA4,TSRYS5802849,D,S,D,2024-07-23,1000000.00,4.445948,102.935546875
08:00:33,912810UA4,TSRYS5802849,D,S,D,2024-07-23,1000000.00,4.444086,102.966796875
08:00:33,912810UA4,TSRYS5802849,D,S,D,2024-07-23,1000000.00,4.446181,102.931640625
08:00:33,912810UA4,TSRYS5802849,D,S,D,2024-07-23,1000000.00,4.445599,102.94140625
08:00:33,912810UA4,TSRYS5802849,D,S,D,2024-07-23,1000000.00,4.446298,102.9296875
08:00:33,912810UA4,TSRYS5802849,D,S,D,2024-07-23,1000000.00,4.446298,102.9296875
08:00:33,912810UA4,TSRYS5802849,D,S,D,2024-07-23,1000000.00,4.446298,102.9296875
08:00:33,912810UA4,TSRYS5802849,D,S,D,2024-07-23,1000000.00,4.446414,102.927734375
08:00:33,912810UA4,TSRYS5802849,D,S,D,2024-07-23,1000000.00,4.448394,102.89453125
08:00:33,912810UA4,TSRYS5802849,D,S,D,2024-07-23,1000000.00,4.448394,102.89453125
08:00:33,912810UA4,TSRYS5802849,D,S,D,2024-07-23,1000000.00,4.447695,102.90625
08:00:33,912810UA4,TSRYS5802849,D,S,D,2024-07-23,1000000.00,4.452823,102.8203125
08:00:33,912810UA4,TSRYS5802849,D,S,D,2024-07-23,1000000.00,4.453057,102.81640625
08:00:33,912810UA4,TSRYS5802849,D,S,D,2024-07-23,1000000.00,4.45259,102.82421875
08:00:33,912810UA4,TSRYS5802849,D,S,D,2024-07-23,1000000.00,4.450608,102.857421875
08:00:33,912810UA4,TSRYS5802849,D,S,D,2024-07-23,1000000.00,4.450608,102.857421875
08:00:33,912810UA4,TSRYS5802849,D,S,D,2024-07-23,1000000.00,4.451891,102.8359375
08:00:33,912810UA4,TSRYS5802849,D,S,D,2024-07-23,1000000.00,4.452357,102.828125
08:00:33,912810UA4,TSRYS5802849,D,S,D,2024-07-23,1000000.00,4.452357,102.828125
08:00:33,912810UA4,TSRYS5802849,D,S,D,2024-07-23,1000000.00,4.446531,102.92578125
08:00:33,912810UA4,TSRYS5802849,D,S,D,2024-07-23,1000000.00,4.448511,102.892578125
08:00:33,912810UA4,TSRYS5802849,D,S,D,2024-07-23,1000000.00,4.449443,102.876953125
08:00:33,912810UA4,TSRYS5802849,D,S,T,2024-07-23,1000000.00,4.46965,102.5390625
08:00:33,912810UA4,TSRYS5802849,D,S,T,2024-07-23,1000000.00,4.461696,102.671875
08:00:33,912810UA4,TSRYS5802849,D,S,T,2024-07-23,1000000.00,4.459826,102.703125
08:00:33,912810UA4,TSRYS5802849,D,S,T,2024-07-23,1000000.00,4.460761,102.6875
08:00:33,912810UA4,TSRYS5802849,D,S,T,2024-07-23,1000000.00,4.460878,102.685546875
08:00:33,912810UA4,TSRYS5802849,D,S,T,2024-07-23,1000000.00,4.460761,102.6875
08:00:33,912810UA4,TSRYS5802849,D,S,T,2024-07-23,1000000.00,4.460177,102.697265625
08:00:33,912810UA4,TSRYS5802849,D,S,T,2024-07-23,1000000.00,4.458075,102.732421875
08:00:33,912810UA4,TSRYS5802849,D,S,T,2024-07-23,1000000.00,4.458075,102.732421875
08:00:33,912810UA4,TSRYS5802849,D,S,T,2024-07-23,1000000.00,4.454923,102.78515625
08:00:33,912810UA4,TSRYS5802849,D,S,T,2024-07-23,1000000.00,4.454806,102.787109375
08:00:33,912810UA4,TSRYS5802849,D,S,T,2024-07-23,1000000.00,4.457374,102.744140625
08:00:33,912810UA4,TSRYS5802849,D,S,T,2024-07-23,1000000.00,4.457374,102.744140625
08:00:33,912810UA4,TSRYS5802849,D,S,T,2024-07-23,1000000.00,4.457491,102.7421875
08:00:33,912810UA4,TSRYS5802849,D,S,T,2024-07-23,1000000.00,4.457374,102.744140625
08:00:33,912810UA4,TSRYS5802849,D,S,T,2024-07-23,1000000.00,4.457257,102.74609375
08:00:33,912810UA4,TSRYS5802849,D,S,T,2024-07-23,1000000.00,4.457257,102.74609375
08:00:33,912810UA4,TSRYS5802849,D,S,T,2024-07-23,1000000.00,4.457257,102.74609375
08:00:33,912810UA4,TSRYS5802849,D,S,T,2024-07-23,1000000.00,4.457257,102.74609375
08:00:33,912810UA4,TSRYS5802849,D,S,T,2024-07-23,1000000.00,4.455857,102.76953125
08:00:33,912810UA4,TSRYS5802849,D,S,T,2024-07-23,1000000.00,4.45574,102.771484375
08:00:33,912810UA4,TSRYS5802849,D,S,T,2024-07-23,1000000.00,4.460177,102.697265625
08:00:33,912810UA4,TSRYS5802849,D,S,T,2024-07-23,1000000.00,4.46041,102.693359375
08:00:33,912810UA4,TSRYS5802849,D,S,T,2024-07-23,1000000.00,4.464267,102.62890625
08:00:33,912810UA4,TSRYS5802849,D,S,T,2024-07-23,1000000.00,4.466373,102.59375
08:00:33,912810UA4,TSRYS5802849,D,S,T,2024-07-23,1000000.00,4.466256,102.595703125
08:00:33,912810UA4,TSRYS5802849,D,S,T,2024-07-23,1000000.00,4.466139,102.59765625
08:00:33,912810UA4,TSRYS5802849,D,S,T,2024-07-23,1000000.00,4.467309,102.578125
08:00:33,912810UA4,TSRYS5802849,D,S,T,2024-07-23,1000000.00,4.467309,102.578125
08:00:33,912810UA4,TSRYS5802849,D,S,T,2024-07-23,1000000.00,4.467309,102.578125
08:00:33,912810UA4,TSRYS5802849,D,S,T,2024-07-23,1000000.00,4.467309,102.578125
08:00:33,912810UA4,TSRYS5802849,D,S,T,2024-07-23,1000000.00,4.467309,102.578125
08:00:33,912810UA4,TSRYS5802849,D,S,T,2024-07-23,1000000.00,4.467075,102.58203125
08:00:33,912810UA4,TSRYS5802849,D,S,T,2024-07-23,1000000.00,4.467075,102.58203125
08:00:33,912810UA4,TSRYS5802849,D,S,T,2024-07-23,1000000.00,4.468011,102.56640625
08:00:33,912810UA4,TSRYS5802849,D,S,T,2024-07-23,1000000.00,4.468011,102.56640625
08:00:33,912810UA4,TSRYS5802849,D,S,T,2024-07-23,1000000.00,4.468011,102.56640625
08:00:33,912810UA4,TSRYS5802849,D,S,T,2024-07-23,1000000.00,4.46649,102.591796875
08:00:33,912810UA4,TSRYS5802849,D,S,T,2024-07-23,1000000.00,4.466373,102.59375
08:00:33,912810UA4,TSRYS5802849,D,S,T,2024-07-23,1000000.00,4.467309,102.578125
08:00:33,912810UA4,TSRYS5802849,D,S,T,2024-07-23,1000000.00,4.467777,102.5703125
08:00:33,912810UA4,TSRYS5802849,D,S,T,2024-07-23,1000000.00,4.470821,102.51953125
08:00:33,912810UA4,TSRYS5802849,D,S,T,2024-07-23,2000000.00,4.471992,102.5
08:00:33,912810UA4,TSRYS5802849,D,S,T,2024-07-23,1000000.00,4.470586,102.5234375
08:00:33,912810UA4,TSRYS5802849,D,S,T,2024-07-23,1000000.00,4.470118,102.53125
08:00:33,912810UA4,TSRYS5802849,D,S,T,2024-07-23,1000000.00,4.470118,102.53125
08:00:33,912810UA4,TSRYS5802849,D,S,T,2024-07-23,1000000.00,4.470118,102.53125
08:00:33,912810UA4,TSRYS5802849,D,S,T,2024-07-23,1000000.00,4.470118,102.53125
08:00:33,912810UA4,TSRYS5802849,D,S,T,2024-07-23,1000000.00,4.469415,102.54296875
08:00:33,912810UA4,TSRYS5802849,D,S,T,2024-07-23,1000000.00,4.470352,102.52734375
08:00:33,912810UA4,TSRYS5802849,D,S,T,2024-07-23,1000000.00,4.470586,102.5234375
08:00:33,912810UA4,TSRYS5802849,D,S,T,2024-07-23,1000000.00,4.467426,102.576171875
08:00:33,912810UA4,TSRYS5802849,D,S,T,2024-07-23,1000000.00,4.465437,102.609375
08:00:33,912810UA4,TSRYS5802849,D,S,T,2024-07-23,1000000.00,4.465086,102.615234375
08:00:33,912810UA4,TSRYS5802849,D,S,T,2024-07-23,1000000.00,4.464969,102.6171875
08:00:33,912810UA4,TSRYS5802849,D,S,T,2024-07-23,1000000.00,4.464969,102.6171875
08:00:33,912810UA4,TSRYS5802849,D,S,T,2024-07-23,1000000.00,4.464969,102.6171875
08:00:33,912810UA4,TSRYS5802849,D,S,T,2024-07-23,1000000.00,4.464618,102.623046875
08:00:33,912810UA4,TSRYS5802849,D,S,T,2024-07-23,1000000.00,4.464618,102.623046875
08:00:33,912810UA4,TSRYS5802849,D,S,T,2024-07-23,1000000.00,4.462864,102.65234375
08:00:33,912810UA4,TSRYS5802849,D,S,T,2024-07-23,1000000.00,4.458308,102.728515625
08:00:33,912810UA4,TSRYS5802849,D,S,T,2024-07-23,1000000.00,4.45364,102.806640625
08:00:33,912810UA4,TSRYS5802849,D,S,T,2024-07-23,1000000.00,4.454456,102.79296875
08:00:33,912810UA4,TSRYS5802849,D,S,T,2024-07-23,2000000.00,4.454456,102.79296875
08:00:33,912810UA4,TSRYS5802849,D,S,T,2024-07-23,1000000.00,4.454456,102.79296875
08:00:33,912810UA4,TSRYS5802849,D,S,T,2024-07-23,1000000.00,4.454456,102.79296875
08:00:33,912810UA4,TSRYS5802849,D,S,T,2024-07-23,1000000.00,4.454456,102.79296875
08:00:33,912810UA4,TSRYS5802849,D,S,T,2024-07-23,1000000.00,4.454456,102.79296875
08:00:33,912810UA4,TSRYS5802849,D,S,T,2024-07-23,1000000.00,4.454456,102.79296875
08:00:33,912810UA4,TSRYS5802849,D,S,T,2024-07-23,2000000.00,4.454456,102.79296875
08:00:33,912810UA4,TSRYS5802849,D,S,T,2024-07-23,1000000.00,4.454456,102.79296875
08:00:33,912810UA4,TSRYS5802849,D,S,T,2024-07-23,1000000.00,4.454456,102.79296875
08:00:33,912810UA4,TSRYS5802849,D,S,T,2024-07-23,1000000.00,4.454456,102.79296875
08:00:33,912810UA4,TSRYS5802849,D,S,T,2024-07-23,1000000.00,4.454456,102.79296875
08:00:33,912810UA4,TSRYS5802849,D,S,T,2024-07-23,1000000.00,4.454456,102.79296875
08:00:33,912810UA4,TSRYS5802849,D,S,T,2024-07-23,2000000.00,4.454456,102.79296875
08:00:33,912810UA4,TSRYS5802849,D,S,T,2024-07-23,1000000.00,4.454456,102.79296875
08:00:33,912810UA4,TSRYS5802849,D,S,T,2024-07-23,1000000.00,4.454456,102.79296875
08:00:33,912810UA4,TSRYS5802849,D,S,T,2024-07-23,2000000.00,4.454456,102.79296875
08:00:33,912810UA4,TSRYS5802849,D,S,T,2024-07-23,1000000.00,4.454456,102.79296875
08:00:33,912810UA4,TSRYS5802849,D,S,T,2024-07-23,2000000.00,4.454456,102.79296875
08:00:33,912810UA4,TSRYS5802849,D,S,T,2024-07-23,1000000.00,4.454456,102.79296875
08:00:33,912810UA4,TSRYS5802849,D,S,T,2024-07-23,1000000.00,4.454923,102.78515625
08:00:33,912810UA4,TSRYS5802849,D,S,T,2024-07-23,1000000.00,4.454806,102.787109375
08:00:33,912810UA4,TSRYS5802849,D,S,T,2024-07-23,1000000.00,4.45469,102.7890625
08:00:33,912810UA4,TSRYS5802849,D,S,T,2024-07-23,1000000.00,4.45469,102.7890625
08:00:33,912810UA4,TSRYS5802849,D,S,T,2024-07-23,1000000.00,4.454223,102.796875
08:00:33,912810UA4,TSRYS5802849,D,S,T,2024-07-23,1000000.00,4.454223,102.796875
08:00:33,912810UA4,TSRYS5802849,D,S,T,2024-07-23,1000000.00,4.451541,102.841796875
08:00:33,912810UA4,TSRYS5802849,D,S,T,2024-07-23,1000000.00,4.452124,102.83203125
08:00:33,912810UA4,TSRYS5802849,D,S,T,2024-07-23,1000000.00,4.452007,102.833984375
08:00:33,912810UA4,TSRYS5802849,D,S,T,2024-07-23,2000000.00,4.450492,102.859375
08:00:33,912810UA4,TSRYS5802849,D,S,T,2024-07-23,1000000.00,4.448161,102.8984375
08:00:33,912810UA4,TSRYS5802849,D,S,T,2024-07-23,1000000.00,4.448161,102.8984375
08:00:33,912810UA4,TSRYS5802849,D,S,T,2024-07-23,1000000.00,4.448278,102.896484375
08:00:33,912810UA4,TSRYS5802849,D,S,T,2024-07-23,1000000.00,4.448161,102.8984375
08:00:33,912810UA4,TSRYS5802849,D,S,T,2024-07-23,1000000.00,4.448627,102.890625
08:00:33,912810UA4,TSRYS5802849,D,S,T,2024-07-23,1000000.00,4.448627,102.890625
08:00:33,912810UA4,TSRYS5802849,D,S,T,2024-07-23,1000000.00,4.448161,102.8984375
08:00:33,912810UA4,TSRYS5802849,D,S,T,2024-07-23,2000000.00,4.448161,102.8984375
08:00:33,912810UA4,TSRYS5802849,D,S,T,2024-07-23,1000000.00,4.445832,102.9375
08:00:33,912810UA4,TSRYS5802849,D,S,T,2024-07-23,1000000.00,4.446181,102.931640625
08:00:33,912810UA4,TSRYS5802849,D,S,T,2024-07-23,1000000.00,4.447229,102.9140625
08:00:33,912810UA4,TSRYS5802849,D,S,T,2024-07-23,1000000.00,4.447229,102.9140625
08:00:33,912810UA4,TSRYS5802849,D,S,T,2024-07-23,1000000.00,4.450142,102.865234375
08:00:33,912810UA4,TSRYS5802849,D,S,T,2024-07-23,1000000.00,4.450259,102.86328125
08:00:33,912810UA4,TSRYS5802849,D,S,T,2024-07-23,1000000.00,4.450492,102.859375
08:00:33,912810UA4,TSRYS5802849,D,S,T,2024-07-23,1000000.00,4.446298,102.9296875
08:00:33,912810UA4,TSRYS5802849,D,S,T,2024-07-23,1000000.00,4.446764,102.921875
08:00:33,912810UA4,TSRYS5802849,D,S,T,2024-07-23,1000000.00,4.446647,102.923828125
08:00:33,912810UA4,TSRYS5802849,D,S,T,2024-07-23,1000000.00,4.446065,102.93359375
08:00:33,912810UA4,TSRYS5802849,D,S,T,2024-07-23,1000000.00,4.449093,102.8828125
08:00:33,912810UA4,TSRYS5802849,D,S,T,2024-07-23,1000000.00,4.453057,102.81640625
08:00:33,912810UA4,TSRYS5802849,D,S,T,2024-07-23,1000000.00,4.45224,102.830078125
08:00:33,912810UA4,TSRYS5802849,D,S,T,2024-07-23,1000000.00,4.450492,102.859375
08:00:33,912810UA4,TSRYS5802849,D,S,T,2024-07-23,1000000.00,4.450375,102.861328125
08:00:33,912810UA4,TSRYS5802849,D,S,T,2024-07-23,1000000.00,4.450259,102.86328125
08:00:33,912810UA4,TSRYS5802849,D,S,T,2024-07-23,1000000.00,4.447462,102.91015625
08:00:33,912810UA4,TSRYS5802849,D,S,T,2024-07-23,1000000.00,4.447462,102.91015625
08:00:33,912810UA4,TSRYS5802849,D,S,T,2024-07-23,1000000.00,4.447462,102.91015625
08:00:33,912810UA4,TSRYS5802849,D,S,T,2024-07-23,1000000.00,4.44886,102.88671875
08:00:33,912810UA4,TSRYS5802849,D,S,T,2024-07-23,1000000.00,4.448744,102.888671875
08:00:33,912810UA4,TSRYS5802849,D,S,D,2024-07-23,1000000.00,4.463566,102.640625
08:00:33,912810UA4,TSRYS5802849,D,S,D,2024-07-23,1000000.00,4.460995,102.68359375
08:00:34,912810UA4,TSRYS5802849,D,S,A,2024-07-23,5000000.00,4.468245,102.5625
08:00:34,912810UA4,TSRYS5802849,D,S,T,2024-07-23,1000000.00,4.468947,102.55078125
08:00:34,912810UA4,TSRYS5802849,D,S,A,2024-07-23,10000000.00,4.461696,102.671875
08:00:34,912810UA4,TSRYS5802849,D,S,C,2024-07-23,11969000.00,4.461696,102.671875
08:00:34,912810UA4,TSRYS5802849,D,B,A,2024-07-23,1000000.00,4.460995,102.68359375
08:00:34,912810UA4,TSRYS5802849,D,S,T,2024-07-23,1000000.00,4.460761,102.6875
08:00:34,912810UA4,TSRYS5802849,D,B,A,2024-07-23,3000000.00,4.455857,102.76953125
08:00:34,912810UA4,TSRYS5802849,D,S,D,2024-07-23,1000000.00,4.464034,102.6328125
08:00:34,912810UA4,TSRYS5802849,D,B,A,2024-07-23,1000000.00,4.463332,102.64453125
08:00:34,912810UA4,TSRYS5802849,D,S,A,2024-07-23,3000000.00,4.466373,102.59375
08:00:34,912810UA4,TSRYS5802849,D,S,A,2024-07-23,2000000.00,4.466373,102.59375
08:00:34,912810UA4,TSRYS5802849,D,S,A,2024-07-23,2000000.00,4.466373,102.59375
08:00:34,912810UA4,TSRYS5802849,D,S,A,2024-07-23,500000.00,4.467777,102.5703125
08:00:34,912810UA4,TSRYS5802849,D,S,A,2024-07-23,2000000.00,4.464501,102.625
08:00:34,912810UA4,TSRYS5802849,D,S,A,2024-07-23,2000000.00,4.467309,102.578125
08:00:34,912810UA4,TSRYS5802849,D,B,A,2024-07-23,3000000.00,4.47246,102.4921875
08:00:34,912810UA4,TSRYS5802849,D,S,C,2024-07-23,1000000.00,4.472839,102.485875
08:00:34,912810UA4,TSRYS5802849,D,B,C,2024-07-23,7000000.00,4.470821,102.51953125
08:00:34,912810UA4,TSRYS5802849,D,S,D,2024-07-23,1000000.00,4.464267,102.62890625
08:00:34,912810UA4,TSRYS5802849,D,S,D,2024-07-23,1000000.00,4.464501,102.625
08:00:34,912810UA4,TSRYS5802849,D,S,D,2024-07-23,1000000.00,4.464501,102.625
08:00:34,912810UA4,TSRYS5802849,D,S,D,2024-07-23,1000000.00,4.464501,102.625
08:00:34,912810UA4,TSRYS5802849,D,S,D,2024-07-23,1000000.00,4.464034,102.6328125
08:00:34,912810UA4,TSRYS5802849,D,S,D,2024-07-23,1000000.00,4.464267,102.62890625
08:00:34,912810UA4,TSRYS5802849,D,B,A,2024-07-23,8000000.00,4.461696,102.671875
08:00:34,912810UA4,TSRYS5802849,D,S,T,2024-07-23,1000000.00,4.45971,102.705078125
08:00:34,912810UA4,TSRYS5802849,D,S,D,2024-07-23,1000000.00,4.463332,102.64453125
08:00:34,912810UA4,TSRYS5802849,D,S,D,2024-07-23,1000000.00,4.460761,102.6875
08:00:34,912810UA4,TSRYS5802849,D,S,D,2024-07-23,1000000.00,4.460761,102.6875
08:00:34,912810UA4,TSRYS5802849,D,S,A,2024-07-23,500000.00,4.463098,102.6484375
08:00:34,912810UA4,TSRYS5802849,D,S,D,2024-07-23,1000000.00,4.461696,102.671875
08:00:34,912810UA4,TSRYS5802849,D,S,D,2024-07-23,1000000.00,4.461696,102.671875
08:00:34,912810UA4,TSRYS5802849,D,S,D,2024-07-23,1000000.00,4.457894,102.7354456638
08:00:34,912810UA4,TSRYS5802849,D,B,A,2024-07-23,5000000.00,4.459359,102.7109375
08:00:34,912810UA4,TSRYS5802849,D,B,C,2024-07-23,5000000.00,4.454806,102.787109375
08:00:34,912810UA4,TSRYS5802849,D,S,D,2024-07-23,1000000.00,4.447229,102.9140625
08:00:34,912810UA4,TSRYS5802849,D,S,T,2024-07-23,1000000.00,4.446764,102.921875
08:00:34,912810UA4,TSRYS5802849,D,S,D,2024-07-23,1000000.00,4.448364,102.8950342006
08:00:34,912810UA4,TSRYS5802849,D,S,T,2024-07-23,1000000.00,4.447695,102.90625
08:00:34,912810UA4,TSRYS5802849,D,S,D,2024-07-23,1000000.00,4.451889,102.8359709582
08:00:34,912810UA4,TSRYS5802849,D,S,T,2024-07-23,1000000.00,4.451424,102.84375
08:00:34,912810UA4,TSRYS5802849,D,S,T,2024-07-23,1000000.00,4.451424,102.84375
08:00:34,912810UA4,TSRYS5802849,D,S,D,2024-07-23,1000000.00,4.451889,102.8359709582
08:00:34,912810UA4,TSRYS5802849,D,S,D,2024-07-23,1900000.00,4.452357,102.828125
08:00:34,912810UA4,TSRYS5802849,D,S,D,2024-07-23,1900000.00,4.452357,102.828125
08:00:34,912810UA4,TSRYS5802849,D,S,D,2024-07-23,1900000.00,4.452357,102.828125
08:00:34,912810UA4,TSRYS5802849,D,S,D,2024-07-23,1900000.00,4.452357,102.828125
08:00:34,912810UA4,TSRYS5802849,D,S,D,2024-07-23,1200000.00,4.452357,102.828125
08:00:34,912810UA4,TSRYS5802849,D,B,A,2024-07-23,500000.00,4.452124,102.83203125
08:00:34,912810UA4,TSRYS5802849,D,S,D,2024-07-23,2200000.00,4.452357,102.828125
08:00:34,912810UA4,TSRYS5802849,D,S,D,2024-07-23,1000000.00,4.452357,102.828125
08:00:34,912810UA4,TSRYS5802849,D,S,C,2024-07-23,500000.00,4.447695,102.90625
08:00:34,912810UA4,TSRYS5802849,D,S,T,2024-07-23,5000000.00,4.445832,102.9375
08:00:34,912810UA4,TSRYS5802849,D,S,A,2024-07-23,1500000.00,4.446065,102.93359375
08:00:34,912810UA4,TSRYS5802849,D,S,D,2024-07-23,1000000.00,4.447695,102.90625
08:00:35,912810UA4,TSRYS5802849,D,S,T,2024-07-23,1000000.00,4.446764,102.921875
08:00:35,912810UA4,TSRYS5802849,D,S,T,2024-07-23,1000000.00,4.446764,102.921875
08:00:35,912810UA4,TSRYS5802849,D,S,T,2024-07-23,1000000.00,4.446764,102.921875
08:00:35,912810UA4,TSRYS5802849,D,S,D,2024-07-23,1000000.00,4.457958,102.734375
08:00:35,912810UA4,TSRYS5802849,D,S,D,2024-07-23,1000000.00,4.457958,102.734375
08:00:35,912810UA4,TSRYS5802849,D,S,D,2024-07-23,1000000.00,4.457958,102.734375
08:00:35,912810UA4,TSRYS5802849,D,S,T,2024-07-23,1000000.00,4.457958,102.734375
08:00:35,912810UA4,TSRYS5802849,D,S,C,2024-07-23,1000000.00,4.452967,102.81790625
08:00:35,912810UA4,TSRYS5802849,D,S,D,2024-07-23,1000000.00,4.449559,102.875
08:00:35,912810UA4,TSRYS5802849,D,S,D,2024-07-23,1000000.00,4.449559,102.875
08:00:35,912810UA4,TSRYS5802849,D,S,T,2024-07-23,1000000.00,4.449559,102.875
08:00:35,912810UA4,TSRYS5802849,D,S,D,2024-07-23,1000000.00,4.449559,102.875
08:00:35,912810UA4,TSRYS5802849,D,S,D,2024-07-23,1000000.00,4.449559,102.875
08:00:35,912810UA4,TSRYS5802849,D,S,D,2024-07-23,1000000.00,4.449559,102.875
08:00:35,912810UA4,TSRYS5802849,D,S,D,2024-07-23,1000000.00,4.449559,102.875
08:00:35,912810UA4,TSRYS5802849,D,S,D,2024-07-23,1000000.00,4.449559,102.875
08:00:35,912810UA4,TSRYS5802849,D,S,D,2024-07-23,1000000.00,4.449093,102.8828125
08:00:35,912810UA4,TSRYS5802849,D,S,D,2024-07-23,1000000.00,4.449296,102.8794092006
08:00:35,912810UA4,TSRYS5802849,D,S,T,2024-07-23,8550000.00,4.412431,103.5
08:00:35,912810UA4,TSRYS5802849,D,S,T,2024-07-23,9500000.00,4.412431,103.5
08:00:35,912810UA4,TSRYS5802849,D,S,T,2024-07-23,1000000.00,4.448394,102.89453125
08:00:35,912810UA4,TSRYS5802849,D,S,T,2024-07-23,1000000.00,4.448045,102.900390625
08:00:35,912810UA4,TSRYS5802849,D,S,T,2024-07-23,1000000.00,4.450492,102.859375
08:00:35,912810UA4,TSRYS5802849,D,S,T,2024-07-23,1000000.00,4.450492,102.859375
08:00:35,912810UA4,TSRYS5802849,D,S,T,2024-07-23,1000000.00,4.450492,102.859375
08:00:35,912810UA4,TSRYS5802849,D,S,T,2024-07-23,1000000.00,4.448627,102.890625
08:00:35,912810UA4,TSRYS5802849,D,S,D,2024-07-23,1000000.00,4.449296,102.8794092006
08:00:35,912810UA4,TSRYS5802849,D,S,D,2024-07-23,1000000.00,4.449296,102.8794092006
08:00:35,912810UA4,TSRYS5802849,D,S,D,2024-07-23,1000000.00,4.450492,102.859375
08:00:35,912810UA4,TSRYS5802849,D,S,D,2024-07-23,1000000.00,4.450178,102.8646279443
08:00:35,912810UA4,TSRYS5802849,D,S,D,2024-07-23,1000000.00,4.450492,102.859375
08:00:35,912810UA4,TSRYS5802849,D,S,D,2024-07-23,1000000.00,4.45006,102.8666019807
08:00:35,912810UA4,TSRYS5802849,D,S,D,2024-07-23,1000000.00,4.45006,102.8666019807
08:00:35,912810UA4,TSRYS5802849,D,S,D,2024-07-23,1000000.00,4.45006,102.8666019807
08:00:35,912810UA4,TSRYS5802849,D,S,D,2024-07-23,1000000.00,4.449559,102.875
08:00:35,912810UA4,TSRYS5802849,D,S,D,2024-07-23,1000000.00,4.449559,102.875
08:00:35,912810UA4,TSRYS5802849,D,S,T,2024-07-23,1000000.00,4.448627,102.890625
08:00:35,912810UA4,TSRYS5802849,D,S,T,2024-07-23,1000000.00,4.449559,102.875
08:00:35,912810UA4,TSRYS5802849,D,S,T,2024-07-23,1000000.00,4.449559,102.875
08:00:35,912810UA4,TSRYS5802849,D,S,T,2024-07-23,1000000.00,4.449559,102.875
08:00:35,912810UA4,TSRYS5802849,D,S,T,2024-07-23,1000000.00,4.449559,102.875
08:00:35,912810UA4,TSRYS5802849,D,S,T,2024-07-23,1000000.00,4.449559,102.875
08:00:35,912810UA4,TSRYS5802849,D,S,T,2024-07-23,2000000.00,4.449559,102.875
08:00:35,912810UA4,TSRYS5802849,D,S,D,2024-07-23,1000000.00,4.449559,102.875
08:00:35,912810UA4,TSRYS5802849,D,S,D,2024-07-23,1000000.00,4.450492,102.859375
08:00:35,912810UA4,TSRYS5802849,D,S,C,2024-07-23,10000000.00,4.472929,102.484375
08:00:36,912810UA4,TSRYS5802849,D,S,D,2024-07-23,1000000.00,4.452124,102.83203125
08:00:36,912810UA4,TSRYS5802849,D,S,D,2024-07-23,1000000.00,4.448394,102.89453125
08:00:36,912810UA4,TSRYS5802849,D,S,D,2024-07-23,1000000.00,4.447462,102.91015625
08:00:37,912810UA4,TSRYS5802849,D,S,A,2024-07-23,1400000.00,4.464501,102.625
08:00:37,912810UA4,TSRYS5802849,D,S,T,2024-07-23,1000000.00,4.466373,102.59375
08:00:37,912810UA4,TSRYS5802849,D,S,D,2024-07-23,27000000.00,4.468245,102.5625
08:00:37,912810UA4,TSRYS5802849,D,B,C,2024-07-23,27000000.00,4.468245,102.5625
08:00:37,912810UA4,TSRYS5802849,D,S,D,2024-07-23,1000000.00,4.457958,102.734375
08:00:37,912810UA4,TSRYS5802849,D,S,T,2024-07-23,1000000.00,4.471055,102.515625
08:00:37,912810UA4,TSRYS5802849,D,S,D,2024-07-23,1000000.00,4.450492,102.859375
08:00:39,912810UA4,TSRYS5802849,D,S,D,2024-07-23,13000000.00,4.470469,102.525390625
08:00:39,912810UA4,TSRYS5802849,D,S,T,2024-07-23,1000000.00,4.467777,102.5703125
08:00:39,912810UA4,TSRYS5802849,D,S,D,2024-07-23,1000000.00,4.459826,102.703125
08:00:39,912810UA4,TSRYS5802849,D,S,D,2024-07-23,1000000.00,4.460761,102.6875
08:00:39,912810UA4,TSRYS5802849,D,S,T,2024-07-23,1000000.00,4.460761,102.6875
08:00:39,912810UA4,TSRYS5802849,D,S,T,2024-07-23,1000000.00,4.467543,102.57421875
08:00:39,912810UA4,TSRYS5802849,D,S,T,2024-07-23,1000000.00,4.460761,102.6875
08:00:39,912810UA4,TSRYS5802849,D,S,D,2024-07-23,888000.00,4.457958,102.734375
08:00:39,912810UA4,TSRYS5802849,D,B,C,2024-07-23,888000.00,4.457958,102.734375
08:00:40,912810UA4,TSRYS5802849,D,S,D,2024-07-23,1000000.00,4.45469,102.7890625
08:00:40,912810UA4,TSRYS5802849,D,S,D,2024-07-23,400000.00,4.457491,102.7421875
08:00:40,912810UA4,TSRYS5802849,D,S,D,2024-07-23,6000000.00,4.459203,102.713541667
08:00:40,912810UA4,TSRYS5802849,D,B,C,2024-07-23,10000000.00,4.47013,102.53105
08:00:40,912810UA4,TSRYS5802849,D,B,C,2024-07-23,10000000.00,4.469662,102.5388625
08:00:40,912810UA4,TSRYS5802849,D,S,T,2024-07-23,1000000.00,4.457841,102.736328125
08:00:40,912810UA4,TSRYS5802849,D,B,C,2024-07-23,3000000.00,4.463332,102.64453125
08:00:40,912810UA4,TSRYS5802849,D,S,D,2024-07-23,3000000.00,4.463332,102.64453125
08:00:41,912810UA4,TSRYS5802849,D,B,A,2024-07-23,1800000.00,4.456323,102.76171875
08:00:41,912810UA4,TSRYS5802849,D,S,T,2024-07-23,1000000.00,4.456096,102.765523
08:00:41,912810UA4,TSRYS5802849,D,S,T,2024-07-23,1000000.00,4.455156,102.78125
08:00:41,912810UA4,TSRYS5802849,D,B,A,2024-07-23,5000000.00,4.45679,102.75390625
08:00:41,912810UA4,TSRYS5802849,D,S,T,2024-07-23,1000000.00,4.455156,102.78125
08:00:41,912810UA4,TSRYS5802849,D,S,T,2024-07-23,1000000.00,4.456557,102.7578125
08:00:41,912810UA4,TSRYS5802849,D,S,T,2024-07-23,1000000.00,4.456557,102.7578125
08:00:41,912810UA4,TSRYS5802849,D,S,T,2024-07-23,1000000.00,4.456557,102.7578125
08:00:41,912810UA4,TSRYS5802849,D,S,T,2024-07-23,2000000.00,4.45703,102.749898
08:00:41,912810UA4,TSRYS5802849,D,S,T,2024-07-23,1000000.00,4.457958,102.734375
08:00:41,912810UA4,TSRYS5802849,D,S,D,2024-07-23,1000000.00,4.45609,102.765625
08:00:41,912810UA4,TSRYS5802849,D,S,T,2024-07-23,1000000.00,4.457958,102.734375
08:00:41,912810UA4,TSRYS5802849,D,S,T,2024-07-23,1000000.00,4.457958,102.734375
08:00:41,912810UA4,TSRYS5802849,D,B,C,2024-07-23,480000.00,4.444435,102.9609375
08:00:41,912810UA4,TSRYS5802849,D,S,D,2024-07-23,29000000.00,4.449035,102.883789062
08:00:42,912810UA4,TSRYS5802849,D,S,D,2024-07-23,1000000.00,4.457958,102.734375
08:00:42,912810UA4,TSRYS5802849,D,S,T,2024-07-23,1000000.00,4.457958,102.734375
08:00:42,912810UA4,TSRYS5802849,D,S,T,2024-07-23,1000000.00,4.47164,102.505859375
08:00:42,912810UA4,TSRYS5802849,D,S,T,2024-07-23,1000000.00,4.472343,102.494140625
08:00:42,912810UA4,TSRYS5802849,D,B,A,2024-07-23,9550000.00,4.470845,102.51913125
08:00:42,912810UA4,TSRYS5802849,D,B,A,2024-07-23,1000000.00,4.457958,102.734375
08:00:42,912810UA4,TSRYS5802849,D,S,T,2024-07-23,1000000.00,4.470821,102.51953125
08:00:42,912810UA4,TSRYS5802849,D,S,T,2024-07-23,1000000.00,4.470821,102.51953125
08:00:42,912810UA4,TSRYS5802849,D,S,C,2024-07-23,1000000.00,4.459826,102.703125
08:00:42,912810UA4,TSRYS5802849,D,S,T,2024-07-23,1000000.00,4.471055,102.515625
08:00:42,912810UA4,TSRYS5802849,D,S,T,2024-07-23,1000000.00,4.471055,102.515625
08:00:42,912810UA4,TSRYS5802849,D,S,T,2024-07-23,1000000.00,4.471055,102.515625
08:00:42,912810UA4,TSRYS5802849,D,S,T,2024-07-23,1000000.00,4.471055,102.515625
08:00:42,912810UA4,TSRYS5802849,D,S,T,2024-07-23,1000000.00,4.470118,102.53125
08:00:42,912810UA4,TSRYS5802849,D,S,T,2024-07-23,1000000.00,4.470118,102.53125
08:00:42,912810UA4,TSRYS5802849,D,S,T,2024-07-23,1000000.00,4.470118,102.53125
08:00:42,912810UA4,TSRYS5802849,D,S,T,2024-07-23,3000000.00,4.470118,102.53125
08:00:42,912810UA4,TSRYS5802849,D,S,D,2024-07-23,1000000.00,4.460761,102.6875
08:00:42,912810UA4,TSRYS5802849,D,S,T,2024-07-23,1000000.00,4.469181,102.546875
08:00:42,912810UA4,TSRYS5802849,D,S,T,2024-07-23,1000000.00,4.469181,102.546875
08:00:42,912810UA4,TSRYS5802849,D,S,T,2024-07-23,1000000.00,4.469181,102.546875
08:00:42,912810UA4,TSRYS5802849,D,S,T,2024-07-23,1000000.00,4.450025,102.8671875
08:00:42,912810UA4,TSRYS5802849,D,S,T,2024-07-23,1000000.00,4.469298,102.544921875
08:00:43,912810UA4,TSRYS5802849,D,S,T,2024-07-23,1000000.00,4.457724,102.73828125
08:00:43,912810UA4,TSRYS5802849,D,B,A,2024-07-23,4115000.00,4.463098,102.6484375
08:00:43,912810UA4,TSRYS5802849,D,S,D,2024-07-23,1000000.00,4.462864,102.65234375
08:00:43,912810UA4,TSRYS5802849,D,S,D,2024-07-23,1000000.00,4.462864,102.65234375
08:00:43,912810UA4,TSRYS5802849,D,S,D,2024-07-23,1000000.00,4.457958,102.734375
08:00:43,912810UA4,TSRYS5802849,D,S,D,2024-07-23,1000000.00,4.463566,102.640625
08:00:43,912810UA4,TSRYS5802849,D,B,C,2024-07-23,10000000.00,4.461696,102.671875
08:00:43,912810UA4,TSRYS5802849,D,S,D,2024-07-23,1000000.00,4.460995,102.68359375
08:00:43,912810UA4,TSRYS5802849,D,S,D,2024-07-23,1000000.00,4.460294,102.6953125
08:00:43,912810UA4,TSRYS5802849,D,S,D,2024-07-23,10000000.00,4.47013,102.53105
08:00:43,912810UA4,TSRYS5802849,D,S,D,2024-07-23,10000000.00,4.469662,102.5388625
08:00:44,912810UA4,TSRYS5802849,D,B,A,2024-07-23,15000000.00,4.463824,102.63631875
08:00:44,912810UA4,TSRYS5802849,D,S,T,2024-07-23,1000000.00,4.463566,102.640625
08:00:44,912810UA4,TSRYS5802849,D,S,T,2024-07-23,1000000.00,4.464501,102.625
08:00:44,912810UA4,TSRYS5802849,D,S,T,2024-07-23,1000000.00,4.464501,102.625
08:00:44,912810UA4,TSRYS5802849,D,S,T,2024-07-23,1000000.00,4.464501,102.625
08:00:44,912810UA4,TSRYS5802849,D,S,T,2024-07-23,1000000.00,4.464501,102.625
08:00:44,912810UA4,TSRYS5802849,D,S,T,2024-07-23,1000000.00,4.464501,102.625
08:00:44,912810UA4,TSRYS5802849,D,S,T,2024-07-23,1000000.00,4.464501,102.625
08:00:44,912810UA4,TSRYS5802849,D,S,T,2024-07-23,1000000.00,4.464501,102.625
08:00:44,912810UA4,TSRYS5802849,D,S,T,2024-07-23,1000000.00,4.457841,102.736328125
08:00:44,912810UA4,TSRYS5802849,D,S,T,2024-07-23,1000000.00,4.464501,102.625
08:00:44,912810UA4,TSRYS5802849,D,S,T,2024-07-23,1000000.00,4.457958,102.734375
08:00:44,912810UA4,TSRYS5802849,D,S,D,2024-07-23,30000000.00,4.461228,102.6796875
08:00:44,912810UA4,TSRYS5802849,D,S,T,2024-07-23,1000000.00,4.461345,102.677734375
08:00:44,912810UA4,TSRYS5802849,D,S,T,2024-07-23,1000000.00,4.461696,102.671875
08:00:44,912810UA4,TSRYS5802849,D,S,T,2024-07-23,1000000.00,4.462631,102.65625
08:00:44,912810UA4,TSRYS5802849,D,S,D,2024-07-23,1000000.00,4.444901,102.953125
08:00:44,912810UA4,TSRYS5802849,D,S,D,2024-07-23,5000000.00,4.463254,102.645833333
08:00:45,912810UA4,TSRYS5802849,D,S,D,2024-07-23,480000.00,4.444435,102.9609375
08:00:45,912810UA4,TSRYS5802849,D,B,C,2024-07-23,15000000.00,4.444901,102.953125
08:00:45,912810UA4,TSRYS5802849,D,S,D,2024-07-23,15000000.00,4.444901,102.953125
08:00:45,912810UA4,TSRYS5802849,D,S,D,2024-07-23,17000000.00,4.45259,102.82421875
08:00:45,912810UA4,TSRYS5802849,D,S,D,2024-07-23,1000000.00,4.45469,102.7890625
08:00:45,912810UA4,TSRYS5802849,D,S,D,2024-07-23,1000000.00,4.455973,102.767578125
08:00:45,912810UA4,TSRYS5802849,D,S,D,2024-07-23,130000.00,4.472484,102.4917875
08:00:45,912810UA4,TSRYS5802849,D,S,T,2024-07-23,1000000.00,4.45539,102.77734375
08:00:45,912810UA4,TSRYS5802849,D,B,C,2024-07-23,130000.00,4.472484,102.48794134615
08:00:45,912810UA4,TSRYS5802849,D,S,D,2024-07-23,1000000.00,4.449792,102.87109375
08:00:45,912810UA4,TSRYS5802849,D,S,D,2024-07-23,1000000.00,4.449792,102.87109375
08:00:46,912810UA4,TSRYS5802849,D,S,T,2024-07-23,1000000.00,4.457841,102.736328125
08:00:46,912810UA4,TSRYS5802849,D,S,D,2024-07-23,1000000.00,4.450608,102.857421875
08:00:46,912810UA4,TSRYS5802849,D,S,T,2024-07-23,1000000.00,4.450492,102.859375
08:00:46,912810UA4,TSRYS5802849,D,S,T,2024-07-23,1000000.00,4.450492,102.859375
08:00:46,912810UA4,TSRYS5802849,D,S,T,2024-07-23,1000000.00,4.455156,102.78125
08:00:46,912810UA4,TSRYS5802849,D,S,T,2024-07-23,1000000.00,4.455156,102.78125
08:00:46,912810UA4,TSRYS5802849,D,S,T,2024-07-23,1000000.00,4.45504,102.783203125
08:00:46,912810UA4,TSRYS5802849,D,B,A,2024-07-23,3000000.00,4.464501,102.625
08:00:47,912810UA4,TSRYS5802849,D,S,D,2024-07-23,1000000.00,4.450725,102.85546875
08:00:47,912810UA4,TSRYS5802849,D,S,D,2024-07-23,2000000.00,4.4638,102.63671875
08:00:47,912810UA4,TSRYS5802849,D,S,T,2024-07-23,1000000.00,4.457958,102.734375
08:00:47,912810UA4,TSRYS5802849,D,S,T,2024-07-23,1000000.00,4.447695,102.90625
08:00:47,912810UA4,TSRYS5802849,D,S,D,2024-07-23,1000000.00,4.451891,102.8359375
08:00:47,912810UA4,TSRYS5802849,D,S,T,2024-07-23,1000000.00,4.448744,102.888671875
08:00:47,912810UA4,TSRYS5802849,D,S,D,2024-07-23,1000000.00,4.451891,102.8359375
08:00:47,912810UA4,TSRYS5802849,D,S,D,2024-07-23,1000000.00,4.463332,102.64453125
08:00:47,912810UA4,TSRYS5802849,D,S,D,2024-07-23,5000000.00,4.463098,102.6484375
08:00:47,912810UA4,TSRYS5802849,D,S,T,2024-07-23,2000000.00,4.447579,102.908203125
08:00:47,912810UA4,TSRYS5802849,D,S,D,2024-07-23,1000000.00,4.451891,102.8359375
08:00:47,912810UA4,TSRYS5802849,D,S,A,2024-07-23,1000000.00,4.44955,102.875152
08:00:47,912810UA4,TSRYS5802849,D,S,T,2024-07-23,1000000.00,4.457958,102.734375
08:00:47,912810UA4,TSRYS5802849,D,S,D,2024-07-23,1000000.00,4.451891,102.8359375
08:00:47,912810UA4,TSRYS5802849,D,S,T,2024-07-23,1000000.00,4.470938,102.517578125
08:00:47,912810UA4,TSRYS5802849,D,S,T,2024-07-23,1000000.00,4.470938,102.517578125
08:00:47,912810UA4,TSRYS5802849,D,S,D,2024-07-23,1000000.00,4.451891,102.8359375
08:00:47,912810UA4,TSRYS5802849,D,S,T,2024-07-23,1000000.00,4.471055,102.515625
08:00:47,912810UA4,TSRYS5802849,D,S,T,2024-07-23,1000000.00,4.471055,102.515625
08:00:47,912810UA4,TSRYS5802849,D,S,T,2024-07-23,1000000.00,4.470118,102.53125
08:00:47,912810UA4,TSRYS5802849,D,S,T,2024-07-23,1000000.00,4.470118,102.53125
08:00:47,912810UA4,TSRYS5802849,D,S,T,2024-07-23,1000000.00,4.470118,102.53125
08:00:47,912810UA4,TSRYS5802849,D,S,T,2024-07-23,1000000.00,4.470118,102.53125
08:00:48,912810UA4,TSRYS5802849,D,S,T,2024-07-23,1000000.00,4.469181,102.546875
08:00:48,912810UA4,TSRYS5802849,D,S,T,2024-07-23,1000000.00,4.469181,102.546875
08:00:48,912810UA4,TSRYS5802849,D,S,D,2024-07-23,1000000.00,4.462631,102.65625
08:00:48,912810UA4,TSRYS5802849,D,S,D,2024-07-23,1000000.00,4.461228,102.6796875
08:00:48,912810UA4,TSRYS5802849,D,S,T,2024-07-23,1000000.00,4.457958,102.734375
08:00:49,912810UA4,TSRYS5802849,D,S,T,2024-07-23,1000000.00,4.464501,102.625
08:00:49,912810UA4,TSRYS5802849,D,S,T,2024-07-23,1000000.00,4.464501,102.625
08:00:49,912810UA4,TSRYS5802849,D,S,T,2024-07-23,1000000.00,4.464501,102.625
08:00:49,912810UA4,TSRYS5802849,D,S,T,2024-07-23,1000000.00,4.464501,102.625
08:00:49,912810UA4,TSRYS5802849,D,S,T,2024-07-23,1000000.00,4.464501,102.625
08:00:49,912810UA4,TSRYS5802849,D,S,T,2024-07-23,1000000.00,4.464501,102.625
08:00:49,912810UA4,TSRYS5802849,D,S,T,2024-07-23,1000000.00,4.461696,102.671875
08:00:49,912810UA4,TSRYS5802849,D,S,T,2024-07-23,1000000.00,4.463683,102.638671875
08:00:49,912810UA4,TSRYS5802849,D,S,T,2024-07-23,1000000.00,4.460761,102.6875
08:00:49,912810UA4,TSRYS5802849,D,S,D,2024-07-23,1000000.00,4.459982,102.700520833
08:00:49,912810UA4,TSRYS5802849,D,S,T,2024-07-23,1000000.00,4.46041,102.693359375
08:00:49,912810UA4,TSRYS5802849,D,S,T,2024-07-23,1000000.00,4.459826,102.703125
08:00:50,912810UA4,TSRYS5802849,D,S,D,2024-07-23,1000000.00,4.447928,102.90234375
08:00:50,912810UA4,TSRYS5802849,D,S,D,2024-07-23,1000000.00,4.447695,102.90625
08:00:50,912810UA4,TSRYS5802849,D,S,D,2024-07-23,1000000.00,4.446996,102.91796875
08:00:50,912810UA4,TSRYS5802849,D,S,D,2024-07-23,1000000.00,4.446996,102.91796875
08:00:50,912810UA4,TSRYS5802849,D,S,D,2024-07-23,1000000.00,4.446996,102.91796875
08:00:50,912810UA4,TSRYS5802849,D,S,T,2024-07-23,12000000.00,4.458892,102.71875
08:00:50,912810UA4,TSRYS5802849,D,S,T,2024-07-23,2000000.00,4.45469,102.7890625
08:00:50,912810UA4,TSRYS5802849,D,S,T,2024-07-23,1000000.00,4.452007,102.833984375
08:00:50,912810UA4,TSRYS5802849,D,S,A,2024-07-23,3500000.00,4.451891,102.8359375
08:00:50,912810UA4,TSRYS5802849,D,B,A,2024-07-23,13000000.00,4.450982,102.8511625
08:00:50,912810UA4,TSRYS5802849,D,S,T,2024-07-23,1000000.00,4.450492,102.859375
08:00:51,912810UA4,TSRYS5802849,D,S,T,2024-07-23,1000000.00,4.447695,102.90625
08:00:51,912810UA4,TSRYS5802849,D,S,T,2024-07-23,1000000.00,4.444901,102.953125
08:00:51,912810UA4,TSRYS5802849,D,S,T,2024-07-23,1000000.00,4.444901,102.953125
08:00:51,912810UA4,TSRYS5802849,D,S,T,2024-07-23,1000000.00,4.444901,102.953125
08:00:51,912810UA4,TSRYS5802849,D,S,T,2024-07-23,1000000.00,4.444784,102.955078125
08:00:51,912810UA4,TSRYS5802849,D,S,T,2024-07-23,1000000.00,4.444901,102.953125
08:00:51,912810UA4,TSRYS5802849,D,S,T,2024-07-23,1000000.00,4.444901,102.953125
08:00:51,912810UA4,TSRYS5802849,D,S,T,2024-07-23,1000000.00,4.449676,102.873046875
08:00:51,912810UA4,TSRYS5802849,D,S,T,2024-07-23,1000000.00,4.448627,102.890625
08:00:51,912810UA4,TSRYS5802849,D,S,T,2024-07-23,1000000.00,4.447695,102.90625
08:00:51,912810UA4,TSRYS5802849,D,S,T,2024-07-23,1000000.00,4.448045,102.900390625
08:00:51,912810UA4,TSRYS5802849,D,S,T,2024-07-23,1000000.00,4.447695,102.90625
08:00:51,912810UA4,TSRYS5802849,D,S,T,2024-07-23,1000000.00,4.447928,102.90234375
08:00:51,912810UA4,TSRYS5802849,D,S,T,2024-07-23,1000000.00,4.448045,102.900390625
08:00:51,912810UA4,TSRYS5802849,D,S,T,2024-07-23,1000000.00,4.447695,102.90625
08:00:51,912810UA4,TSRYS5802849,D,S,T,2024-07-23,1000000.00,4.447695,102.90625
08:00:51,912810UA4,TSRYS5802849,D,S,T,2024-07-23,1000000.00,4.447695,102.90625
08:00:51,912810UA4,TSRYS5802849,D,S,T,2024-07-23,1000000.00,4.446996,102.91796875
08:00:51,912810UA4,TSRYS5802849,D,S,T,2024-07-23,1000000.00,4.447928,102.90234375
08:00:51,912810UA4,TSRYS5802849,D,S,T,2024-07-23,1000000.00,4.448161,102.8984375
08:00:51,912810UA4,TSRYS5802849,D,S,T,2024-07-23,1000000.00,4.467315,102.578023
08:00:51,912810UA4,TSRYS5802849,D,S,T,2024-07-23,1000000.00,4.467315,102.578023
08:00:51,912810UA4,TSRYS5802849,D,S,T,2024-07-23,1000000.00,4.449093,102.8828125
08:00:51,912810UA4,TSRYS5802849,D,S,T,2024-07-23,1000000.00,4.449093,102.8828125
08:00:51,912810UA4,TSRYS5802849,D,S,T,2024-07-23,1000000.00,4.447695,102.90625
08:00:51,912810UA4,TSRYS5802849,D,S,T,2024-07-23,1000000.00,4.467315,102.578023
08:00:52,912810UA4,TSRYS5802849,D,S,D,2024-07-23,1000000.00,4.460761,102.6875
08:00:52,912810UA4,TSRYS5802849,D,S,D,2024-07-23,1000000.00,4.460995,102.68359375
08:00:52,912810UA4,TSRYS5802849,D,S,D,2024-07-23,1000000.00,4.462631,102.65625
08:00:52,912810UA4,TSRYS5802849,D,S,D,2024-07-23,2000000.00,4.462864,102.65234375
08:00:52,912810UA4,TSRYS5802849,D,S,T,2024-07-23,1000000.00,4.449559,102.875
08:00:52,912810UA4,TSRYS5802849,D,S,T,2024-07-23,1000000.00,4.449559,102.875
08:00:52,912810UA4,TSRYS5802849,D,S,D,2024-07-23,1000000.00,4.453757,102.8046875
08:00:52,912810UA4,TSRYS5802849,D,S,T,2024-07-23,1000000.00,4.454223,102.796875
08:00:52,912810UA4,TSRYS5802849,D,S,D,2024-07-23,16000000.00,4.453199,102.81403
08:00:52,912810UA4,TSRYS5802849,D,S,D,2024-07-23,1000000.00,4.450958,102.8515625
08:00:52,912810UA4,TSRYS5802849,D,S,T,2024-07-23,2000000.00,4.445832,102.9375
08:00:52,912810UA4,TSRYS5802849,D,S,T,2024-07-23,1000000.00,4.451308,102.845703125
08:00:52,912810UA4,TSRYS5802849,D,S,T,2024-07-23,1000000.00,4.451308,102.845703125
08:00:52,912810UA4,TSRYS5802849,D,B,C,2024-07-23,1500000.00,4.448161,102.8984375
08:00:52,912810UA4,TSRYS5802849,D,S,T,2024-07-23,1000000.00,4.449443,102.876953125
08:00:52,912810UA4,TSRYS5802849,D,S,T,2024-07-23,1000000.00,4.448511,102.892578125
08:00:53,912810UA4,TSRYS5802849,D,S,D,2024-07-23,1000000.00,4.446764,102.921875
08:00:53,912810UA4,TSRYS5802849,D,B,C,2024-07-23,100000.00,4.450958,102.8515625
08:00:53,912810UA4,TSRYS5802849,D,S,T,2024-07-23,1000000.00,4.449559,102.875
08:00:53,912810UA4,TSRYS5802849,D,B,A,2024-07-23,1000000.00,4.457958,102.734375
08:00:53,912810UA4,TSRYS5802849,D,B,C,2024-07-23,375000.00,4.448394,102.89453125
08:00:53,912810UA4,TSRYS5802849,D,S,T,2024-07-23,1000000.00,4.448627,102.890625
08:00:53,912810UA4,TSRYS5802849,D,B,A,2024-07-23,1000000.00,4.457958,102.734375
08:00:53,912810UA4,TSRYS5802849,D,S,T,2024-07-23,1000000.00,4.461696,102.671875
08:00:53,912810UA4,TSRYS5802849,D,S,T,2024-07-23,1000000.00,4.462514,102.658203125
08:00:53,912810UA4,TSRYS5802849,D,S,T,2024-07-23,1000000.00,4.462631,102.65625
08:00:53,912810UA4,TSRYS5802849,D,S,T,2024-07-23,1000000.00,4.462631,102.65625
08:00:53,912810UA4,TSRYS5802849,D,S,T,2024-07-23,1000000.00,4.461696,102.671875
08:00:53,912810UA4,TSRYS5802849,D,S,D,2024-07-23,1000000.00,4.445832,102.9375
08:00:53,912810UA4,TSRYS5802849,D,S,D,2024-07-23,1000000.00,4.445832,102.9375
08:00:53,912810UA4,TSRYS5802849,D,S,T,2024-07-23,1000000.00,4.459242,102.712890625
08:00:53,912810UA4,TSRYS5802849,D,S,T,2024-07-23,1000000.00,4.458892,102.71875
08:00:53,912810UA4,TSRYS5802849,D,S,T,2024-07-23,1000000.00,4.457958,102.734375
08:00:54,912810UA4,TSRYS5802849,D,S,T,2024-07-23,1000000.00,4.457958,102.734375
08:00:54,912810UA4,TSRYS5802849,D,S,T,2024-07-23,1000000.00,4.459359,102.7109375
08:00:54,912810UA4,TSRYS5802849,D,S,A,2024-07-23,3000000.00,4.447695,102.90625
08:00:54,912810UA4,TSRYS5802849,D,S,T,2024-07-23,1000000.00,4.450492,102.859375
08:00:54,912810UA4,TSRYS5802849,D,S,T,2024-07-23,3000000.00,4.450492,102.859375
08:00:54,912810UA4,TSRYS5802849,D,S,A,2024-07-23,1000000.00,4.457958,102.734375
08:00:55,912810UA4,TSRYS5802849,D,S,D,2024-07-23,1000000.00,4.453757,102.8046875
08:00:55,912810UA4,TSRYS5802849,D,S,D,2024-07-23,1000000.00,4.45259,102.82421875
08:00:55,912810UA4,TSRYS5802849,D,S,T,2024-07-23,1000000.00,4.444901,102.953125
08:00:55,912810UA4,TSRYS5802849,D,S,T,2024-07-23,1000000.00,4.444901,102.953125
08:00:55,912810UA4,TSRYS5802849,D,S,T,2024-07-23,1000000.00,4.444901,102.953125
08:00:55,912810UA4,TSRYS5802849,D,S,T,2024-07-23,1000000.00,4.444668,102.95703125
08:00:55,912810UA4,TSRYS5802849,D,S,T,2024-07-23,1000000.00,4.444901,102.953125
08:00:55,912810UA4,TSRYS5802849,D,S,T,2024-07-23,1000000.00,4.444901,102.953125
08:00:55,912810UA4,TSRYS5802849,D,S,T,2024-07-23,1000000.00,4.444784,102.955078125
08:00:55,912810UA4,TSRYS5802849,D,S,T,2024-07-23,1000000.00,4.444901,102.953125
08:00:55,912810UA4,TSRYS5802849,D,S,D,2024-07-23,1000000.00,4.444901,102.953125
08:00:55,912810UA4,TSRYS5802849,D,S,T,2024-07-23,1000000.00,4.444901,102.953125
08:00:55,912810UA4,TSRYS5802849,D,S,T,2024-07-23,1000000.00,4.449559,102.875
08:00:55,912810UA4,TSRYS5802849,D,S,T,2024-07-23,1000000.00,4.449792,102.87109375
08:00:55,912810UA4,TSRYS5802849,D,S,T,2024-07-23,1000000.00,4.447928,102.90234375
08:00:55,912810UA4,TSRYS5802849,D,S,T,2024-07-23,1000000.00,4.447928,102.90234375
08:00:55,912810UA4,TSRYS5802849,D,S,T,2024-07-23,1000000.00,4.447695,102.90625
08:00:55,912810UA4,TSRYS5802849,D,S,T,2024-07-23,1000000.00,4.447812,102.904296875
08:00:55,912810UA4,TSRYS5802849,D,S,T,2024-07-23,1000000.00,4.44886,102.88671875
08:00:55,912810UA4,TSRYS5802849,D,S,T,2024-07-23,1000000.00,4.447695,102.90625
08:00:55,912810UA4,TSRYS5802849,D,S,T,2024-07-23,1000000.00,4.447695,102.90625
08:00:55,912810UA4,TSRYS5802849,D,S,T,2024-07-23,1000000.00,4.447812,102.904296875
08:00:55,912810UA4,TSRYS5802849,D,S,D,2024-07-23,1000000.00,4.447928,102.90234375
08:00:55,912810UA4,TSRYS5802849,D,S,T,2024-07-23,1000000.00,4.448977,102.884765625
08:00:55,912810UA4,TSRYS5802849,D,S,T,2024-07-23,1000000.00,4.449093,102.8828125
08:00:56,912810UA4,TSRYS5802849,D,S,D,2024-07-23,12000000.00,4.448219,102.897460938
08:00:56,912810UA4,TSRYS5802849,D,S,T,2024-07-23,1000000.00,4.449559,102.875
08:00:56,912810UA4,TSRYS5802849,D,S,T,2024-07-23,1000000.00,4.449559,102.875
08:00:56,912810UA4,TSRYS5802849,D,S,T,2024-07-23,1000000.00,4.449559,102.875
08:00:56,912810UA4,TSRYS5802849,D,S,T,2024-07-23,1000000.00,4.454223,102.796875
08:00:56,912810UA4,TSRYS5802849,D,S,D,2024-07-23,1000000.00,4.45259,102.82421875
