tradeTime,cusip,issueSymbolIdentifier,priceType,reportingSideCode,contraPartyTypeCode,tradeDate,reportedTradeVolume,lastSaleYield,lastSalePrice
08:00:06,912810TX6,TSRYS5743665,D,B,C,2024-04-29,1000000.00,4.752384,92.03125
08:00:06,912810TX6,TSRYS5743665,D,B,C,2024-04-29,1000000.00,4.752384,92.03125
08:00:06,912810TX6,TSRYS5743665,D,S,D,2024-04-29,1000000.00,4.739196,92.228515625
08:00:06,912810TX6,TSRYS5743665,D,S,D,2024-04-29,1000000.00,4.739065,92.23046875
08:00:06,912810TX6,TSRYS5743665,D,B,C,2024-04-29,1000000.00,4.733593,92.3125
08:00:06,912810TX6,TSRYS5743665,D,B,C,2024-04-29,1000000.00,4.733593,92.3125
08:00:06,912810TX6,TSRYS5743665,D,B,C,2024-04-29,1000000.00,4.733593,92.3125
08:00:06,912810TX6,TSRYS5743665,D,B,C,2024-04-29,1000000.00,4.739456,92.224609375
08:00:06,912810TX6,TSRYS5743665,D,S,C,2024-04-29,1000000.00,4.740239,92.212890625
08:00:06,912810TX6,TSRYS5743665,D,S,C,2024-04-29,1000000.00,4.734765,92.294921875
08:00:06,912810TX6,TSRYS5743665,D,S,D,2024-04-29,1000000.00,4.738805,92.234375
08:00:06,912810TX6,TSRYS5743665,D,S,T,2024-04-29,1000000.00,4.737892,92.248046875
08:00:06,912810TX6,TSRYS5743665,D,S,D,2024-04-29,1000000.00,4.739587,92.22265625
08:00:06,912810TX6,TSRYS5743665,D,S,C,2024-04-29,1000000.00,4.73685,92.263671875
08:00:06,912810TX6,TSRYS5743665,D,S,D,2024-04-29,1000000.00,4.73698,92.26171875
08:00:06,912810TX6,TSRYS5743665,D,S,D,2024-04-29,1000000.00,4.73698,92.26171875
08:00:06,912810TX6,TSRYS5743665,D,S,C,2024-04-29,1000000.00,4.73698,92.26171875
08:00:06,912810TX6,TSRYS5743665,D,S,C,2024-04-29,1000000.00,4.735286,92.287109375
08:00:06,912810TX6,TSRYS5743665,D,S,C,2024-04-29,1000000.00,4.735286,92.287109375
08:00:06,912810TX6,TSRYS5743665,D,S,C,2024-04-29,1000000.00,4.735286,92.287109375
08:00:06,912810TX6,TSRYS5743665,D,S,C,2024-04-29,1000000.00,4.735286,92.287109375
08:00:06,912810TX6,TSRYS5743665,D,S,C,2024-04-29,1000000.00,4.735286,92.287109375
08:00:06,912810TX6,TSRYS5743665,D,S,C,2024-04-29,1000000.00,4.735286,92.287109375
08:00:06,912810TX6,TSRYS5743665,D,B,C,2024-04-29,1000000.00,4.732161,92.333984375
08:00:13,912810TX6,TSRYS5743665,D,S,T,2024-04-29,1000000.00,4.764432,91.8515625
08:00:13,912810TX6,TSRYS5743665,D,S,T,2024-04-29,1000000.00,4.766006,91.828125
08:00:13,912810TX6,TSRYS5743665,D,S,T,2024-04-29,1000000.00,4.766006,91.828125
08:00:13,912810TX6,TSRYS5743665,D,S,T,2024-04-29,1000000.00,4.752384,92.03125
08:00:13,912810TX6,TSRYS5743665,D,S,D,2024-04-29,1000000.00,4.755,91.9921875
08:00:13,912810TX6,TSRYS5743665,D,S,T,2024-04-29,1000000.00,4.754738,91.99609375
08:00:13,912810TX6,TSRYS5743665,D,S,T,2024-04-29,1000000.00,4.75173,92.041015625
08:00:13,912810TX6,TSRYS5743665,D,S,T,2024-04-29,1000000.00,4.755524,91.984375
08:00:13,912810TX6,TSRYS5743665,D,S,T,2024-04-29,1000000.00,4.748201,92.09375
08:00:13,912810TX6,TSRYS5743665,D,S,T,2024-04-29,1000000.00,4.741934,92.1875
08:00:13,912810TX6,TSRYS5743665,D,S,T,2024-04-29,1000000.00,4.741934,92.1875
08:00:13,912810TX6,TSRYS5743665,D,S,D,2024-04-29,1000000.00,4.739326,92.2265625
08:00:13,912810TX6,TSRYS5743665,D,S,T,2024-04-29,1000000.00,4.738935,92.232421875
08:00:13,912810TX6,TSRYS5743665,D,S,T,2024-04-29,1000000.00,4.735677,92.28125
08:00:13,912810TX6,TSRYS5743665,D,S,T,2024-04-29,1000000.00,4.737762,92.25
08:00:13,912810TX6,TSRYS5743665,D,S,D,2024-04-29,1000000.00,4.738283,92.2421875
08:00:14,912810TX6,TSRYS5743665,D,S,D,2024-04-29,1000000.00,4.753692,92.01171875
08:00:15,912810TX6,TSRYS5743665,D,S,D,2024-04-29,1000000.00,4.753953,92.0078125
08:00:15,912810TX6,TSRYS5743665,D,S,D,2024-04-29,1000000.00,4.753953,92.0078125
08:00:17,912810TX6,TSRYS5743665,D,S,T,2024-04-29,1000000.00,4.744022,92.15625
08:00:17,912810TX6,TSRYS5743665,D,S,T,2024-04-29,1000000.00,4.744022,92.15625
08:00:17,912810TX6,TSRYS5743665,D,B,A,2024-04-29,1000000.00,4.741673,92.19140625
08:00:18,912810TX6,TSRYS5743665,D,S,D,2024-04-29,1000000.00,4.755524,91.984375
08:00:18,912810TX6,TSRYS5743665,D,S,A,2024-04-29,2000000.00,4.736719,92.265625
08:00:21,912810TX6,TSRYS5743665,D,S,D,2024-04-29,1000000.00,4.752122,92.03515625
08:00:23,912810TX6,TSRYS5743665,D,S,T,2024-04-29,1000000.00,4.736719,92.265625
08:00:23,912810TX6,TSRYS5743665,D,S,T,2024-04-29,2000000.00,4.736719,92.265625
08:00:23,912810TX6,TSRYS5743665,D,S,T,2024-04-29,1000000.00,4.735677,92.28125
08:00:24,912810TX6,TSRYS5743665,D,S,D,2024-04-29,1000000.00,4.755262,91.98828125
08:00:25,912810TX6,TSRYS5743665,D,S,A,2024-04-29,1405552.00,4.755785,91.98046875
08:00:27,912810TX6,TSRYS5743665,D,S,D,2024-04-29,1000000.00,4.748201,92.09375
08:00:28,912810TX6,TSRYS5743665,D,S,T,2024-04-29,1000000.00,4.735677,92.28125
08:00:28,912810TX6,TSRYS5743665,D,S,T,2024-04-29,1000000.00,4.735677,92.28125
08:00:28,912810TX6,TSRYS5743665,D,S,T,2024-04-29,1000000.00,4.735677,92.28125
08:00:28,912810TX6,TSRYS5743665,D,S,T,2024-04-29,1000000.00,4.735677,92.28125
08:00:28,912810TX6,TSRYS5743665,D,S,T,2024-04-29,1000000.00,4.735677,92.28125
08:00:28,912810TX6,TSRYS5743665,D,S,D,2024-04-29,1000000.00,4.7435,92.1640625
08:00:28,912810TX6,TSRYS5743665,D,S,D,2024-04-29,1000000.00,4.743761,92.16015625
08:00:28,912810TX6,TSRYS5743665,D,S,D,2024-04-29,1000000.00,4.743761,92.16015625
08:00:28,912810TX6,TSRYS5743665,D,S,T,2024-04-29,1000000.00,4.735677,92.28125
08:00:28,912810TX6,TSRYS5743665,D,S,T,2024-04-29,1000000.00,4.735677,92.28125
08:00:28,912810TX6,TSRYS5743665,D,S,T,2024-04-29,1000000.00,4.734635,92.296875
08:00:28,912810TX6,TSRYS5743665,D,S,T,2024-04-29,1000000.00,4.734635,92.296875
08:00:28,912810TX6,TSRYS5743665,D,S,D,2024-04-29,1000000.00,4.739848,92.21875
08:00:28,912810TX6,TSRYS5743665,D,S,T,2024-04-29,1000000.00,4.734635,92.296875
08:00:28,912810TX6,TSRYS5743665,D,S,T,2024-04-29,1000000.00,4.735677,92.28125
08:00:28,912810TX6,TSRYS5743665,D,S,T,2024-04-29,1000000.00,4.735677,92.28125
08:00:28,912810TX6,TSRYS5743665,D,S,T,2024-04-29,1000000.00,4.735677,92.28125
08:00:28,912810TX6,TSRYS5743665,D,S,T,2024-04-29,2000000.00,4.735677,92.28125
08:00:28,912810TX6,TSRYS5743665,D,S,T,2024-04-29,3000000.00,4.735677,92.28125
08:00:28,912810TX6,TSRYS5743665,D,S,D,2024-04-29,2000000.00,4.735677,92.28125
08:00:28,912810TX6,TSRYS5743665,D,S,D,2024-04-29,7000000.00,4.735938,92.27734375
08:00:28,912810TX6,TSRYS5743665,D,S,D,2024-04-29,1000000.00,4.735677,92.28125
08:00:28,912810TX6,TSRYS5743665,D,S,D,2024-04-29,1000000.00,4.739587,92.22265625
08:00:29,912810TX6,TSRYS5743665,D,S,D,2024-04-29,1000000.00,4.737762,92.25
08:00:29,912810TX6,TSRYS5743665,D,S,D,2024-04-29,1000000.00,4.733593,92.3125
08:00:30,912810TX6,TSRYS5743665,D,S,T,2024-04-29,1000000.00,4.752384,92.03125
08:00:30,912810TX6,TSRYS5743665,D,S,T,2024-04-29,1000000.00,4.752384,92.03125
08:00:30,912810TX6,TSRYS5743665,D,S,T,2024-04-29,1000000.00,4.752384,92.03125
08:00:30,912810TX6,TSRYS5743665,D,S,T,2024-04-29,1000000.00,4.752384,92.03125
08:00:30,912810TX6,TSRYS5743665,D,S,T,2024-04-29,1000000.00,4.75343,92.015625
08:00:30,912810TX6,TSRYS5743665,D,S,T,2024-04-29,1000000.00,4.75343,92.015625
08:00:30,912810TX6,TSRYS5743665,D,S,T,2024-04-29,1000000.00,4.753299,92.017578125
08:00:30,912810TX6,TSRYS5743665,D,S,T,2024-04-29,1000000.00,4.754608,91.998046875
08:00:30,912810TX6,TSRYS5743665,D,S,T,2024-04-29,1000000.00,4.754477,92.0
08:00:30,912810TX6,TSRYS5743665,D,S,T,2024-04-29,2000000.00,4.756571,91.96875
08:00:30,912810TX6,TSRYS5743665,D,S,T,2024-04-29,1000000.00,4.756571,91.96875
08:00:30,912810TX6,TSRYS5743665,D,S,T,2024-04-29,1000000.00,4.754477,92.0
08:00:30,912810TX6,TSRYS5743665,D,S,T,2024-04-29,1000000.00,4.748201,92.09375
08:00:30,912810TX6,TSRYS5743665,D,S,T,2024-04-29,1000000.00,4.749246,92.078125
08:00:30,912810TX6,TSRYS5743665,D,S,T,2024-04-29,2000000.00,4.747156,92.109375
08:00:30,912810TX6,TSRYS5743665,D,S,T,2024-04-29,1000000.00,4.747156,92.109375
08:00:30,912810TX6,TSRYS5743665,D,S,T,2024-04-29,1000000.00,4.746111,92.125
08:00:30,912810TX6,TSRYS5743665,D,S,T,2024-04-29,1000000.00,4.7405,92.208984375
08:00:30,912810TX6,TSRYS5743665,D,S,T,2024-04-29,1000000.00,4.735677,92.28125
08:00:30,912810TX6,TSRYS5743665,D,S,T,2024-04-29,1000000.00,4.735677,92.28125
08:00:30,912810TX6,TSRYS5743665,D,S,T,2024-04-29,1000000.00,4.735677,92.28125
08:00:30,912810TX6,TSRYS5743665,D,S,T,2024-04-29,1000000.00,4.735677,92.28125
08:00:30,912810TX6,TSRYS5743665,D,S,T,2024-04-29,1000000.00,4.736719,92.265625
08:00:30,912810TX6,TSRYS5743665,D,S,T,2024-04-29,1000000.00,4.736719,92.265625
08:00:30,912810TX6,TSRYS5743665,D,S,T,2024-04-29,1000000.00,4.737762,92.25
08:00:30,912810TX6,TSRYS5743665,D,S,T,2024-04-29,1000000.00,4.734635,92.296875
08:00:30,912810TX6,TSRYS5743665,D,S,D,2024-04-29,1000000.00,4.736719,92.265625
08:00:30,912810TX6,TSRYS5743665,D,S,D,2024-04-29,1000000.00,4.740108,92.21484375
08:00:30,912810TX6,TSRYS5743665,D,S,D,2024-04-29,1000000.00,4.739848,92.21875
08:00:30,912810TX6,TSRYS5743665,D,S,D,2024-04-29,1000000.00,4.739848,92.21875
08:00:30,912810TX6,TSRYS5743665,D,S,D,2024-04-29,1000000.00,4.743239,92.16796875
08:00:30,912810TX6,TSRYS5743665,D,S,D,2024-04-29,1000000.00,4.743239,92.16796875
08:00:30,912810TX6,TSRYS5743665,D,S,D,2024-04-29,1000000.00,4.744283,92.15234375
08:00:30,912810TX6,TSRYS5743665,D,S,T,2024-04-29,1000000.00,4.734635,92.296875
08:00:30,912810TX6,TSRYS5743665,D,S,T,2024-04-29,1000000.00,4.734635,92.296875
08:00:30,912810TX6,TSRYS5743665,D,S,T,2024-04-29,1000000.00,4.736719,92.265625
08:00:30,912810TX6,TSRYS5743665,D,S,T,2024-04-29,1000000.00,4.736719,92.265625
08:00:30,912810TX6,TSRYS5743665,D,S,T,2024-04-29,1000000.00,4.737762,92.25
08:00:30,912810TX6,TSRYS5743665,D,S,T,2024-04-29,1000000.00,4.738805,92.234375
08:00:30,912810TX6,TSRYS5743665,D,S,T,2024-04-29,1000000.00,4.738805,92.234375
08:00:30,912810TX6,TSRYS5743665,D,S,T,2024-04-29,1000000.00,4.741934,92.1875
08:00:30,912810TX6,TSRYS5743665,D,S,T,2024-04-29,1000000.00,4.741934,92.1875
08:00:30,912810TX6,TSRYS5743665,D,S,T,2024-04-29,1000000.00,4.741934,92.1875
08:00:30,912810TX6,TSRYS5743665,D,S,T,2024-04-29,1000000.00,4.741934,92.1875
08:00:30,912810TX6,TSRYS5743665,D,S,T,2024-04-29,1000000.00,4.740891,92.203125
08:00:30,912810TX6,TSRYS5743665,D,S,T,2024-04-29,1000000.00,4.740891,92.203125
08:00:30,912810TX6,TSRYS5743665,D,S,T,2024-04-29,1000000.00,4.740891,92.203125
08:00:30,912810TX6,TSRYS5743665,D,S,T,2024-04-29,1000000.00,4.740891,92.203125
08:00:30,912810TX6,TSRYS5743665,D,S,T,2024-04-29,1000000.00,4.740891,92.203125
08:00:30,912810TX6,TSRYS5743665,D,S,T,2024-04-29,1000000.00,4.740891,92.203125
08:00:30,912810TX6,TSRYS5743665,D,S,T,2024-04-29,1000000.00,4.740891,92.203125
08:00:30,912810TX6,TSRYS5743665,D,S,T,2024-04-29,1000000.00,4.738805,92.234375
08:00:30,912810TX6,TSRYS5743665,D,S,T,2024-04-29,1000000.00,4.739848,92.21875
08:00:30,912810TX6,TSRYS5743665,D,S,T,2024-04-29,1000000.00,4.737762,92.25
08:00:30,912810TX6,TSRYS5743665,D,S,T,2024-04-29,1000000.00,4.737762,92.25
08:00:30,912810TX6,TSRYS5743665,D,S,T,2024-04-29,1000000.00,4.737762,92.25
08:00:30,912810TX6,TSRYS5743665,D,S,T,2024-04-29,1000000.00,4.737762,92.25
08:00:30,912810TX6,TSRYS5743665,D,S,T,2024-04-29,1000000.00,4.738805,92.234375
08:00:30,912810TX6,TSRYS5743665,D,S,T,2024-04-29,1000000.00,4.738805,92.234375
08:00:30,912810TX6,TSRYS5743665,D,S,T,2024-04-29,1000000.00,4.738805,92.234375
08:00:30,912810TX6,TSRYS5743665,D,S,T,2024-04-29,1000000.00,4.738805,92.234375
08:00:30,912810TX6,TSRYS5743665,D,S,T,2024-04-29,1000000.00,4.739848,92.21875
08:00:30,912810TX6,TSRYS5743665,D,S,T,2024-04-29,1000000.00,4.739848,92.21875
08:00:30,912810TX6,TSRYS5743665,D,S,T,2024-04-29,1000000.00,4.738805,92.234375
08:00:30,912810TX6,TSRYS5743665,D,S,T,2024-04-29,1000000.00,4.738805,92.234375
08:00:30,912810TX6,TSRYS5743665,D,S,T,2024-04-29,1000000.00,4.737762,92.25
08:00:30,912810TX6,TSRYS5743665,D,S,T,2024-04-29,1000000.00,4.735677,92.28125
08:00:30,912810TX6,TSRYS5743665,D,S,T,2024-04-29,1000000.00,4.735677,92.28125
08:00:30,912810TX6,TSRYS5743665,D,S,T,2024-04-29,1000000.00,4.735677,92.28125
08:00:30,912810TX6,TSRYS5743665,D,S,T,2024-04-29,1000000.00,4.735807,92.279296875
08:00:30,912810TX6,TSRYS5743665,D,S,T,2024-04-29,1000000.00,4.735677,92.28125
08:00:30,912810TX6,TSRYS5743665,D,S,T,2024-04-29,1000000.00,4.735677,92.28125
08:00:30,912810TX6,TSRYS5743665,D,S,T,2024-04-29,1000000.00,4.735677,92.28125
08:00:30,912810TX6,TSRYS5743665,D,S,T,2024-04-29,1000000.00,4.738805,92.234375
08:00:30,912810TX6,TSRYS5743665,D,S,T,2024-04-29,1000000.00,4.738805,92.234375
08:00:30,912810TX6,TSRYS5743665,D,S,T,2024-04-29,1000000.00,4.739587,92.22265625
08:00:30,912810TX6,TSRYS5743665,D,S,T,2024-04-29,1000000.00,4.739456,92.224609375
08:00:30,912810TX6,TSRYS5743665,D,S,T,2024-04-29,1000000.00,4.738805,92.234375
08:00:30,912810TX6,TSRYS5743665,D,S,T,2024-04-29,1000000.00,4.738805,92.234375
08:00:30,912810TX6,TSRYS5743665,D,S,T,2024-04-29,1000000.00,4.74063,92.20703125
08:00:30,912810TX6,TSRYS5743665,D,S,T,2024-04-29,1000000.00,4.739848,92.21875
08:00:30,912810TX6,TSRYS5743665,D,S,T,2024-04-29,1000000.00,4.739848,92.21875
08:00:30,912810TX6,TSRYS5743665,D,S,T,2024-04-29,1000000.00,4.741673,92.19140625
08:00:30,912810TX6,TSRYS5743665,D,S,T,2024-04-29,1000000.00,4.738805,92.234375
08:00:30,912810TX6,TSRYS5743665,D,S,T,2024-04-29,1000000.00,4.737631,92.251953125
08:00:30,912810TX6,TSRYS5743665,D,S,T,2024-04-29,1000000.00,4.736719,92.265625
08:00:30,912810TX6,TSRYS5743665,D,S,T,2024-04-29,1000000.00,4.736719,92.265625
08:00:30,912810TX6,TSRYS5743665,D,S,T,2024-04-29,1000000.00,4.737762,92.25
08:00:30,912810TX6,TSRYS5743665,D,S,T,2024-04-29,1000000.00,4.736719,92.265625
08:00:30,912810TX6,TSRYS5743665,D,S,T,2024-04-29,1000000.00,4.736719,92.265625
08:00:30,912810TX6,TSRYS5743665,D,S,T,2024-04-29,1000000.00,4.736719,92.265625
08:00:30,912810TX6,TSRYS5743665,D,S,T,2024-04-29,1000000.00,4.735286,92.287109375
08:00:30,912810TX6,TSRYS5743665,D,S,T,2024-04-29,1000000.00,4.735677,92.28125
08:00:30,912810TX6,TSRYS5743665,D,S,T,2024-04-29,1000000.00,4.735677,92.28125
08:00:30,912810TX6,TSRYS5743665,D,S,T,2024-04-29,1000000.00,4.735416,92.28515625
08:00:30,912810TX6,TSRYS5743665,D,S,T,2024-04-29,1000000.00,4.735286,92.287109375
08:00:30,912810TX6,TSRYS5743665,D,S,T,2024-04-29,1000000.00,4.735286,92.287109375
08:00:30,912810TX6,TSRYS5743665,D,S,T,2024-04-29,1000000.00,4.735286,92.287109375
08:00:30,912810TX6,TSRYS5743665,D,S,T,2024-04-29,2000000.00,4.733723,92.310546875
08:00:30,912810TX6,TSRYS5743665,D,S,T,2024-04-29,1000000.00,4.733723,92.310546875
08:00:30,912810TX6,TSRYS5743665,D,S,T,2024-04-29,1000000.00,4.733723,92.310546875
08:00:30,912810TX6,TSRYS5743665,D,S,T,2024-04-29,1000000.00,4.734635,92.296875
08:00:30,912810TX6,TSRYS5743665,D,S,T,2024-04-29,1000000.00,4.734635,92.296875
08:00:30,912810TX6,TSRYS5743665,D,S,T,2024-04-29,1000000.00,4.735416,92.28515625
08:00:30,912810TX6,TSRYS5743665,D,S,T,2024-04-29,1000000.00,4.733593,92.3125
08:00:30,912810TX6,TSRYS5743665,D,S,T,2024-04-29,1000000.00,4.736719,92.265625
08:00:30,912810TX6,TSRYS5743665,D,S,T,2024-04-29,1000000.00,4.736719,92.265625
08:00:30,912810TX6,TSRYS5743665,D,S,T,2024-04-29,1000000.00,4.736719,92.265625
08:00:30,912810TX6,TSRYS5743665,D,S,T,2024-04-29,1000000.00,4.73151,92.34375
08:00:30,912810TX6,TSRYS5743665,D,S,T,2024-04-29,2000000.00,4.73151,92.34375
08:00:30,912810TX6,TSRYS5743665,D,S,T,2024-04-29,1000000.00,4.73151,92.34375
08:00:30,912810TX6,TSRYS5743665,D,S,T,2024-04-29,1000000.00,4.73151,92.34375
08:00:30,912810TX6,TSRYS5743665,D,S,T,2024-04-29,1000000.00,4.729429,92.375
08:00:30,912810TX6,TSRYS5743665,D,S,T,2024-04-29,1000000.00,4.729429,92.375
08:00:30,912810TX6,TSRYS5743665,D,S,T,2024-04-29,1000000.00,4.728388,92.390625
08:00:30,912810TX6,TSRYS5743665,D,S,T,2024-04-29,1000000.00,4.730469,92.359375
08:00:30,912810TX6,TSRYS5743665,D,S,T,2024-04-29,1000000.00,4.730469,92.359375
08:00:30,912810TX6,TSRYS5743665,D,S,T,2024-04-29,1000000.00,4.730469,92.359375
08:00:30,912810TX6,TSRYS5743665,D,S,T,2024-04-29,1000000.00,4.73151,92.34375
08:00:30,912810TX6,TSRYS5743665,D,S,D,2024-04-29,1000000.00,4.755524,91.984375
08:00:30,912810TX6,TSRYS5743665,D,S,D,2024-04-29,1000000.00,4.752122,92.03515625
08:00:30,912810TX6,TSRYS5743665,D,S,D,2024-04-29,1000000.00,4.755262,91.98828125
08:00:30,912810TX6,TSRYS5743665,D,S,D,2024-04-29,1000000.00,4.739065,92.23046875
08:00:30,912810TX6,TSRYS5743665,D,S,D,2024-04-29,1000000.00,4.735677,92.28125
08:00:30,912810TX6,TSRYS5743665,D,S,D,2024-04-29,1000000.00,4.735677,92.28125
08:00:30,912810TX6,TSRYS5743665,D,S,D,2024-04-29,1000000.00,4.737762,92.25
08:00:30,912810TX6,TSRYS5743665,D,S,D,2024-04-29,1000000.00,4.737501,92.25390625
08:00:30,912810TX6,TSRYS5743665,D,S,D,2024-04-29,1000000.00,4.738544,92.23828125
08:00:30,912810TX6,TSRYS5743665,D,S,D,2024-04-29,1000000.00,4.733333,92.31640625
08:00:30,912810TX6,TSRYS5743665,D,S,D,2024-04-29,1000000.00,4.739587,92.22265625
08:00:30,912810TX6,TSRYS5743665,D,S,D,2024-04-29,1000000.00,4.739326,92.2265625
08:00:30,912810TX6,TSRYS5743665,D,S,D,2024-04-29,1000000.00,4.739326,92.2265625
08:00:30,912810TX6,TSRYS5743665,D,S,D,2024-04-29,1000000.00,4.741413,92.1953125
08:00:30,912810TX6,TSRYS5743665,D,S,D,2024-04-29,1000000.00,4.739587,92.22265625
08:00:30,912810TX6,TSRYS5743665,D,S,D,2024-04-29,1000000.00,4.737501,92.25390625
08:00:30,912810TX6,TSRYS5743665,D,S,D,2024-04-29,1000000.00,4.733854,92.30859375
08:00:33,912810TX6,TSRYS5743665,D,S,D,2024-04-29,1000000.00,4.753561,92.013671875
08:00:33,912810TX6,TSRYS5743665,D,S,D,2024-04-29,1000000.00,4.754084,92.005859375
08:00:33,912810TX6,TSRYS5743665,D,S,D,2024-04-29,1000000.00,4.738935,92.232421875
08:00:33,912810TX6,TSRYS5743665,D,S,D,2024-04-29,1000000.00,4.735547,92.283203125
08:00:33,912810TX6,TSRYS5743665,D,S,D,2024-04-29,1000000.00,4.737631,92.251953125
08:00:33,912810TX6,TSRYS5743665,D,S,D,2024-04-29,1000000.00,4.737892,92.248046875
08:00:33,912810TX6,TSRYS5743665,D,S,D,2024-04-29,1000000.00,4.737762,92.25
08:00:33,912810TX6,TSRYS5743665,D,S,D,2024-04-29,1000000.00,4.739326,92.2265625
08:00:33,912810TX6,TSRYS5743665,D,S,D,2024-04-29,1000000.00,4.730339,92.361328125
08:00:33,912810TX6,TSRYS5743665,D,S,T,2024-04-29,1000000.00,4.753953,92.0078125
08:00:33,912810TX6,TSRYS5743665,D,S,T,2024-04-29,2000000.00,4.754738,91.99609375
08:00:37,912810TX6,TSRYS5743665,D,S,T,2024-04-29,1000000.00,4.735547,92.283203125
08:00:37,912810TX6,TSRYS5743665,D,S,T,2024-04-29,1000000.00,4.738153,92.244140625
08:00:37,912810TX6,TSRYS5743665,D,S,T,2024-04-29,1000000.00,4.738153,92.244140625
08:00:37,912810TX6,TSRYS5743665,D,S,T,2024-04-29,1000000.00,4.738022,92.24609375
08:00:37,912810TX6,TSRYS5743665,D,S,T,2024-04-29,1000000.00,4.735026,92.291015625
08:00:37,912810TX6,TSRYS5743665,D,S,T,2024-04-29,1000000.00,4.735807,92.279296875
08:00:37,912810TX6,TSRYS5743665,D,S,T,2024-04-29,1000000.00,4.735677,92.28125
08:00:37,912810TX6,TSRYS5743665,D,S,D,2024-04-29,1000000.00,4.741673,92.19140625
08:00:37,912810TX6,TSRYS5743665,D,S,D,2024-04-29,1000000.00,4.737762,92.25
08:00:37,912810TX6,TSRYS5743665,D,S,D,2024-04-29,1000000.00,4.737501,92.25390625
08:00:37,912810TX6,TSRYS5743665,D,S,D,2024-04-29,1000000.00,4.738544,92.23828125
08:00:37,912810TX6,TSRYS5743665,D,S,D,2024-04-29,1000000.00,4.733333,92.31640625
08:00:37,912810TX6,TSRYS5743665,D,S,D,2024-04-29,1000000.00,4.739587,92.22265625
08:00:37,912810TX6,TSRYS5743665,D,S,D,2024-04-29,1000000.00,4.739326,92.2265625
08:00:37,912810TX6,TSRYS5743665,D,S,D,2024-04-29,1000000.00,4.739326,92.2265625
08:00:37,912810TX6,TSRYS5743665,D,S,D,2024-04-29,1000000.00,4.741413,92.1953125
08:00:37,912810TX6,TSRYS5743665,D,S,D,2024-04-29,1000000.00,4.739587,92.22265625
08:00:37,912810TX6,TSRYS5743665,D,B,A,2024-04-29,500000.00,4.766269,91.82421875
08:00:37,912810TX6,TSRYS5743665,D,B,A,2024-04-29,3000000.00,4.76417,91.85546875
08:00:37,912810TX6,TSRYS5743665,D,S,T,2024-04-29,1000000.00,4.755524,91.984375
08:00:37,912810TX6,TSRYS5743665,D,B,C,2024-04-29,1000000.00,4.755624,91.982875
08:00:37,912810TX6,TSRYS5743665,D,B,A,2024-04-29,500000.00,4.752122,92.03515625
08:00:37,912810TX6,TSRYS5743665,D,S,T,2024-04-29,1000000.00,4.754084,92.005859375
08:00:37,912810TX6,TSRYS5743665,D,S,T,2024-04-29,1000000.00,4.754084,92.005859375
08:00:37,912810TX6,TSRYS5743665,D,B,A,2024-04-29,2000000.00,4.752907,92.0234375
08:00:37,912810TX6,TSRYS5743665,D,S,D,2024-04-29,1000000.00,4.751338,92.046875
08:00:37,912810TX6,TSRYS5743665,D,S,D,2024-04-29,1000000.00,4.751338,92.046875
08:00:37,912810TX6,TSRYS5743665,D,S,A,2024-04-29,5000000.00,4.75003,92.06640625
08:00:37,912810TX6,TSRYS5743665,D,B,A,2024-04-29,500000.00,4.74794,92.09765625
08:00:37,912810TX6,TSRYS5743665,D,B,C,2024-04-29,900000.00,4.74073,92.20553125
08:00:37,912810TX6,TSRYS5743665,D,B,A,2024-04-29,5000000.00,4.735677,92.28125
08:00:37,912810TX6,TSRYS5743665,D,B,A,2024-04-29,5000000.00,4.735677,92.28125
08:00:37,912810TX6,TSRYS5743665,D,S,D,2024-04-29,1000000.00,4.737762,92.25
08:00:37,912810TX6,TSRYS5743665,D,S,D,2024-04-29,1000000.00,4.737762,92.25
08:00:37,912810TX6,TSRYS5743665,D,S,T,2024-04-29,1000000.00,4.735677,92.28125
08:00:37,912810TX6,TSRYS5743665,D,S,D,2024-04-29,1000000.00,4.737762,92.25
08:00:37,912810TX6,TSRYS5743665,D,S,D,2024-04-29,1000000.00,4.737762,92.25
08:00:37,912810TX6,TSRYS5743665,D,S,D,2024-04-29,1000000.00,4.737762,92.25
08:00:37,912810TX6,TSRYS5743665,D,S,C,2024-04-29,5000000.00,4.739848,92.21875
08:00:37,912810TX6,TSRYS5743665,D,S,D,2024-04-29,1000000.00,4.740891,92.203125
08:00:37,912810TX6,TSRYS5743665,D,S,T,2024-04-29,1000000.00,4.735677,92.28125
08:00:37,912810TX6,TSRYS5743665,D,S,D,2024-04-29,1000000.00,4.740891,92.203125
08:00:37,912810TX6,TSRYS5743665,D,B,A,2024-04-29,500000.00,4.744022,92.15625
08:00:37,912810TX6,TSRYS5743665,D,S,T,2024-04-29,1000000.00,4.735677,92.28125
08:00:37,912810TX6,TSRYS5743665,D,S,C,2024-04-29,984500.00,4.735938,92.27734375
08:00:37,912810TX6,TSRYS5743665,D,S,T,2024-04-29,1000000.00,4.735677,92.28125
08:00:37,912810TX6,TSRYS5743665,D,S,T,2024-04-29,1000000.00,4.735677,92.28125
08:00:37,912810TX6,TSRYS5743665,D,S,T,2024-04-29,1000000.00,4.734635,92.296875
08:00:37,912810TX6,TSRYS5743665,D,S,T,2024-04-29,1000000.00,4.734635,92.296875
08:00:37,912810TX6,TSRYS5743665,D,S,T,2024-04-29,1000000.00,4.734635,92.296875
08:00:37,912810TX6,TSRYS5743665,D,S,D,2024-04-29,1000000.00,4.733593,92.3125
08:00:37,912810TX6,TSRYS5743665,D,S,D,2024-04-29,1000000.00,4.732552,92.328125
08:00:37,912810TX6,TSRYS5743665,D,S,T,2024-04-29,1000000.00,4.732552,92.328125
08:00:37,912810TX6,TSRYS5743665,D,S,D,2024-04-29,1000000.00,4.733593,92.3125
08:00:37,912810TX6,TSRYS5743665,D,S,D,2024-04-29,1000000.00,4.733593,92.3125
08:00:37,912810TX6,TSRYS5743665,D,S,D,2024-04-29,1000000.00,4.732552,92.328125
08:00:37,912810TX6,TSRYS5743665,D,S,D,2024-04-29,1000000.00,4.73151,92.34375
08:00:37,912810TX6,TSRYS5743665,D,S,D,2024-04-29,1000000.00,4.72979,92.3695763221
08:00:37,912810TX6,TSRYS5743665,D,S,D,2024-04-29,1000000.00,4.728388,92.390625
08:00:37,912810TX6,TSRYS5743665,D,S,T,2024-04-29,1000000.00,4.728388,92.390625
08:00:37,912810TX6,TSRYS5743665,D,S,D,2024-04-29,1000000.00,4.727868,92.3984375
08:00:37,912810TX6,TSRYS5743665,D,S,D,2024-04-29,1000000.00,4.727868,92.3984375
08:00:37,912810TX6,TSRYS5743665,D,S,D,2024-04-29,1000000.00,4.727868,92.3984375
08:00:37,912810TX6,TSRYS5743665,D,S,D,2024-04-29,1000000.00,4.729429,92.375
08:00:37,912810TX6,TSRYS5743665,D,S,D,2024-04-29,1000000.00,4.730469,92.359375
08:00:37,912810TX6,TSRYS5743665,D,S,D,2024-04-29,1000000.00,4.730469,92.359375
08:00:37,912810TX6,TSRYS5743665,D,S,D,2024-04-29,1000000.00,4.730469,92.359375
08:00:37,912810TX6,TSRYS5743665,D,S,D,2024-04-29,1000000.00,4.730469,92.359375
08:00:37,912810TX6,TSRYS5743665,D,S,D,2024-04-29,1000000.00,4.73151,92.34375
08:00:37,912810TX6,TSRYS5743665,D,S,D,2024-04-29,1000000.00,4.73151,92.34375
08:00:37,912810TX6,TSRYS5743665,D,S,D,2024-04-29,1000000.00,4.730469,92.359375
08:00:37,912810TX6,TSRYS5743665,D,S,D,2024-04-29,1000000.00,4.737501,92.25390625
08:00:37,912810TX6,TSRYS5743665,D,S,D,2024-04-29,1000000.00,4.735938,92.27734375
08:00:37,912810TX6,TSRYS5743665,D,S,D,2024-04-29,1000000.00,4.733854,92.30859375
08:00:37,912810TX6,TSRYS5743665,D,S,D,2024-04-29,1000000.00,4.735938,92.27734375
08:00:37,912810TX6,TSRYS5743665,D,S,D,2024-04-29,2000000.00,4.735677,92.28125
08:00:37,912810TX6,TSRYS5743665,D,S,D,2024-04-29,1000000.00,4.735677,92.28125
08:00:37,912810TX6,TSRYS5743665,D,S,D,2024-04-29,2000000.00,4.735677,92.28125
08:00:37,912810TX6,TSRYS5743665,D,S,T,2024-04-29,1000000.00,4.759714,91.921875
08:00:37,912810TX6,TSRYS5743665,D,S,T,2024-04-29,1000000.00,4.73151,92.34375
08:00:37,912810TX6,TSRYS5743665,D,S,D,2024-04-29,1000000.00,4.730469,92.359375
08:00:37,912810TX6,TSRYS5743665,D,S,T,2024-04-29,1000000.00,4.754477,92.0
08:00:37,912810TX6,TSRYS5743665,D,S,D,2024-04-29,1000000.00,4.735677,92.28125
08:00:37,912810TX6,TSRYS5743665,D,S,T,2024-04-29,1000000.00,4.73151,92.34375
08:00:37,912810TX6,TSRYS5743665,D,S,T,2024-04-29,1000000.00,4.730469,92.359375
08:00:37,912810TX6,TSRYS5743665,D,S,D,2024-04-29,1000000.00,4.731771,92.33984375
08:00:37,912810TX6,TSRYS5743665,D,S,D,2024-04-29,1000000.00,4.732031,92.3359375
08:00:37,912810TX6,TSRYS5743665,D,S,C,2024-04-29,29000000.00,4.739848,92.21875
08:00:37,912810TX6,TSRYS5743665,D,S,D,2024-04-29,11000000.00,4.753888,92.008789062
08:00:41,912810TX6,TSRYS5743665,D,S,A,2024-04-29,5000000.00,4.75919,91.9296875
08:00:41,912810TX6,TSRYS5743665,D,S,D,2024-04-29,5000000.00,4.735364,92.2859375
08:00:41,912810TX6,TSRYS5743665,D,B,C,2024-04-29,800000.00,4.737762,92.25
08:00:41,912810TX6,TSRYS5743665,D,S,D,2024-04-29,800000.00,4.737762,92.25
08:00:41,912810TX6,TSRYS5743665,D,S,D,2024-04-29,1000000.00,4.737762,92.25
08:00:41,912810TX6,TSRYS5743665,D,S,D,2024-04-29,1000000.00,4.737762,92.25
08:00:41,912810TX6,TSRYS5743665,D,S,D,2024-04-29,1000000.00,4.737762,92.25
08:00:41,912810TX6,TSRYS5743665,D,S,D,2024-04-29,5000000.00,4.737762,92.25
08:00:42,912810TX6,TSRYS5743665,D,S,D,2024-04-29,13000000.00,4.737911,92.247767857
08:00:42,912810TX6,TSRYS5743665,D,S,D,2024-04-29,1000000.00,4.737762,92.25
08:00:42,912810TX6,TSRYS5743665,D,S,A,2024-04-29,286000.00,4.753692,92.01171875
08:00:42,912810TX6,TSRYS5743665,D,B,A,2024-04-29,5000000.00,4.753692,92.01171875
08:00:42,912810TX6,TSRYS5743665,D,S,D,2024-04-29,1000000.00,4.753692,92.01171875
08:00:42,912810TX6,TSRYS5743665,D,S,T,2024-04-29,1000000.00,4.75343,92.015625
08:00:42,912810TX6,TSRYS5743665,D,S,T,2024-04-29,1000000.00,4.75343,92.015625
08:00:42,912810TX6,TSRYS5743665,D,S,T,2024-04-29,1000000.00,4.75343,92.015625
08:00:42,912810TX6,TSRYS5743665,D,S,T,2024-04-29,1000000.00,4.750946,92.052734375
08:00:42,912810TX6,TSRYS5743665,D,S,T,2024-04-29,1000000.00,4.752122,92.03515625
08:00:42,912810TX6,TSRYS5743665,D,S,T,2024-04-29,1000000.00,4.754477,92.0
08:00:43,912810TX6,TSRYS5743665,D,S,A,2024-04-29,7000000.00,4.755262,91.98828125
08:00:43,912810TX6,TSRYS5743665,D,S,A,2024-04-29,4000000.00,4.755,91.9921875
08:00:44,912810TX6,TSRYS5743665,D,S,T,2024-04-29,1000000.00,4.737762,92.25
08:00:44,912810TX6,TSRYS5743665,D,S,T,2024-04-29,1000000.00,4.737762,92.25
08:00:44,912810TX6,TSRYS5743665,D,S,D,2024-04-29,1000000.00,4.735547,92.283203125
08:00:44,912810TX6,TSRYS5743665,D,S,D,2024-04-29,1000000.00,4.735547,92.283203125
08:00:44,912810TX6,TSRYS5743665,D,S,D,2024-04-29,1000000.00,4.735677,92.28125
08:00:44,912810TX6,TSRYS5743665,D,S,D,2024-04-29,1000000.00,4.735547,92.283203125
08:00:44,912810TX6,TSRYS5743665,D,S,C,2024-04-29,400000.00,4.733046,92.3207125
08:00:44,912810TX6,TSRYS5743665,D,S,T,2024-04-29,1000000.00,4.737762,92.25
08:00:44,912810TX6,TSRYS5743665,D,S,D,2024-04-29,1000000.00,4.739848,92.21875
08:00:44,912810TX6,TSRYS5743665,D,S,T,2024-04-29,1000000.00,4.741934,92.1875
08:00:44,912810TX6,TSRYS5743665,D,S,D,2024-04-29,1000000.00,4.743239,92.16796875
08:00:44,912810TX6,TSRYS5743665,D,S,T,2024-04-29,1000000.00,4.744022,92.15625
08:00:44,912810TX6,TSRYS5743665,D,S,A,2024-04-29,24000.00,4.745067,92.140625
08:00:44,912810TX6,TSRYS5743665,D,S,T,2024-04-29,1000000.00,4.738153,92.244140625
08:00:44,912810TX6,TSRYS5743665,D,S,T,2024-04-29,1000000.00,4.737762,92.25
08:00:44,912810TX6,TSRYS5743665,D,S,T,2024-04-29,1000000.00,4.737762,92.25
08:00:44,912810TX6,TSRYS5743665,D,S,T,2024-04-29,1000000.00,4.737762,92.25
08:00:44,912810TX6,TSRYS5743665,D,S,T,2024-04-29,1000000.00,4.737762,92.25
08:00:45,912810TX6,TSRYS5743665,D,S,D,2024-04-29,3000000.00,4.750453,92.060096154
08:00:45,912810TX6,TSRYS5743665,D,S,D,2024-04-29,2000000.00,4.750927,92.053013393
08:00:45,912810TX6,TSRYS5743665,D,S,D,2024-04-29,27000000.00,4.736459,92.26953125
08:00:45,912810TX6,TSRYS5743665,D,S,D,2024-04-29,1000000.00,4.737762,92.25
08:00:45,912810TX6,TSRYS5743665,D,S,D,2024-04-29,1000000.00,4.737762,92.25
08:00:45,912810TX6,TSRYS5743665,D,S,D,2024-04-29,1000000.00,4.737762,92.25
08:00:45,912810TX6,TSRYS5743665,D,B,C,2024-04-29,200000.00,4.73724,92.2578125
08:00:45,912810TX6,TSRYS5743665,D,S,D,2024-04-29,200000.00,4.73724,92.2578125
08:00:45,912810TX6,TSRYS5743665,D,S,T,2024-04-29,1000000.00,4.737762,92.25
08:00:45,912810TX6,TSRYS5743665,D,S,D,2024-04-29,8000000.00,4.737501,92.25390625
08:00:45,912810TX6,TSRYS5743665,D,S,D,2024-04-29,10000000.00,4.735091,92.290039062
08:00:46,912810TX6,TSRYS5743665,D,S,D,2024-04-29,1000000.00,4.735677,92.28125
08:00:46,912810TX6,TSRYS5743665,D,S,T,2024-04-29,2000000.00,4.735938,92.27734375
08:00:46,912810TX6,TSRYS5743665,D,S,C,2024-04-29,20364000.00,4.732552,92.328125
08:00:46,912810TX6,TSRYS5743665,D,S,T,2024-04-29,1000000.00,4.735416,92.28515625
08:00:46,912810TX6,TSRYS5743665,D,B,C,2024-04-29,43655000.00,4.735156,92.2890625
08:00:46,912810TX6,TSRYS5743665,D,S,D,2024-04-29,43655000.00,4.735156,92.2890625
08:00:46,912810TX6,TSRYS5743665,D,S,D,2024-04-29,20364000.00,4.732552,92.328125
08:00:47,912810TX6,TSRYS5743665,D,S,T,2024-04-29,1000000.00,4.735286,92.287109375
08:00:47,912810TX6,TSRYS5743665,D,S,D,2024-04-29,1000000.00,4.735938,92.27734375
08:00:47,912810TX6,TSRYS5743665,D,S,T,2024-04-29,2000000.00,4.735286,92.287109375
08:00:47,912810TX6,TSRYS5743665,D,S,T,2024-04-29,1000000.00,4.734635,92.296875
08:00:47,912810TX6,TSRYS5743665,D,S,T,2024-04-29,1000000.00,4.735677,92.28125
08:00:47,912810TX6,TSRYS5743665,D,S,T,2024-04-29,1000000.00,4.735286,92.287109375
08:00:47,912810TX6,TSRYS5743665,D,S,T,2024-04-29,1000000.00,4.735677,92.28125
08:00:47,912810TX6,TSRYS5743665,D,S,T,2024-04-29,1000000.00,4.734895,92.29296875
08:00:47,912810TX6,TSRYS5743665,D,S,T,2024-04-29,2000000.00,4.734635,92.296875
08:00:48,912810TX6,TSRYS5743665,D,S,A,2024-04-29,1100000.00,4.739848,92.21875
08:00:48,912810TX6,TSRYS5743665,D,S,A,2024-04-29,100000.00,4.739868,92.21875
08:00:48,912810TX6,TSRYS5743665,D,S,D,2024-04-29,5000000.00,4.734961,92.291992188
08:00:49,912810TX6,TSRYS5743665,D,B,A,2024-04-29,3280000.00,4.741152,92.199219
08:00:49,912810TX6,TSRYS5743665,D,S,D,2024-04-29,400000.00,4.733046,92.3207125
08:00:49,912810TX6,TSRYS5743665,D,S,T,2024-04-29,1000000.00,4.733593,92.3125
08:00:49,912810TX6,TSRYS5743665,D,S,T,2024-04-29,1000000.00,4.733593,92.3125
08:00:50,912810TX6,TSRYS5743665,D,S,D,2024-04-29,1000000.00,4.729169,92.37890625
08:00:50,912810TX6,TSRYS5743665,D,S,A,2024-04-29,5000000.00,4.759452,91.92578125
08:00:50,912810TX6,TSRYS5743665,D,S,D,2024-04-29,1000000.00,4.750946,92.052734375
08:00:51,912810TX6,TSRYS5743665,D,S,T,2024-04-29,1000000.00,4.755,91.9921875
08:00:51,912810TX6,TSRYS5743665,D,S,D,2024-04-29,2383000.00,4.756047,91.9765625
08:00:51,912810TX6,TSRYS5743665,D,B,A,2024-04-29,3000000.00,4.756047,91.9765625
08:00:51,912810TX6,TSRYS5743665,D,S,T,2024-04-29,1000000.00,4.75343,92.015625
08:00:51,912810TX6,TSRYS5743665,D,S,D,2024-04-29,1000000.00,4.753953,92.0078125
08:00:51,912810TX6,TSRYS5743665,D,S,T,2024-04-29,1000000.00,4.75343,92.015625
08:00:51,912810TX6,TSRYS5743665,D,S,D,2024-04-29,1000000.00,4.753953,92.0078125
08:00:51,912810TX6,TSRYS5743665,D,S,T,2024-04-29,1000000.00,4.75343,92.015625
08:00:51,912810TX6,TSRYS5743665,D,S,T,2024-04-29,1000000.00,4.75343,92.015625
08:00:51,912810TX6,TSRYS5743665,D,S,T,2024-04-29,1000000.00,4.75343,92.015625
08:00:51,912810TX6,TSRYS5743665,D,S,T,2024-04-29,1000000.00,4.75343,92.015625
08:00:51,912810TX6,TSRYS5743665,D,S,T,2024-04-29,1000000.00,4.75343,92.015625
08:00:51,912810TX6,TSRYS5743665,D,S,D,2024-04-29,1000000.00,4.752645,92.02734375
08:00:51,912810TX6,TSRYS5743665,D,S,T,2024-04-29,1000000.00,4.752122,92.03515625
08:00:51,912810TX6,TSRYS5743665,D,S,T,2024-04-29,1000000.00,4.754477,92.0
08:00:51,912810TX6,TSRYS5743665,D,S,T,2024-04-29,1000000.00,4.75343,92.015625
08:00:52,912810TX6,TSRYS5743665,D,S,A,2024-04-29,2000000.00,4.755,91.9921875
08:00:52,912810TX6,TSRYS5743665,D,B,A,2024-04-29,5000000.00,4.75343,92.015625
08:00:52,912810TX6,TSRYS5743665,D,S,D,2024-04-29,1300000.00,4.752907,92.0234375
08:00:52,912810TX6,TSRYS5743665,D,S,T,2024-04-29,1000000.00,4.74076,92.205078125
08:00:53,912810TX6,TSRYS5743665,D,S,D,2024-04-29,375000.00,4.735416,92.28515625
08:00:53,912810TX6,TSRYS5743665,D,S,T,2024-04-29,1000000.00,4.740898,92.203023
08:00:53,912810TX6,TSRYS5743665,D,S,T,2024-04-29,1000000.00,4.740898,92.203023
08:00:53,912810TX6,TSRYS5743665,D,S,D,2024-04-29,1000000.00,4.737762,92.25
08:00:53,912810TX6,TSRYS5743665,D,S,D,2024-04-29,1000000.00,4.735547,92.283203125
08:00:53,912810TX6,TSRYS5743665,D,S,T,2024-04-29,1000000.00,4.735677,92.28125
08:00:53,912810TX6,TSRYS5743665,D,S,D,2024-04-29,1000000.00,4.735547,92.283203125
08:00:53,912810TX6,TSRYS5743665,D,S,D,2024-04-29,1000000.00,4.735547,92.283203125
08:00:53,912810TX6,TSRYS5743665,D,S,D,2024-04-29,1000000.00,4.735547,92.283203125
08:00:53,912810TX6,TSRYS5743665,D,S,D,2024-04-29,1000000.00,4.737762,92.25
08:00:53,912810TX6,TSRYS5743665,D,S,A,2024-04-29,2880000.00,4.739326,92.2265625
08:00:53,912810TX6,TSRYS5743665,D,S,D,2024-04-29,1000000.00,4.748201,92.09375
08:00:53,912810TX6,TSRYS5743665,D,S,D,2024-04-29,1000000.00,4.736719,92.265625
08:00:53,912810TX6,TSRYS5743665,D,S,D,2024-04-29,1000000.00,4.743239,92.16796875
08:00:53,912810TX6,TSRYS5743665,D,S,D,2024-04-29,1000000.00,4.744283,92.15234375
08:00:53,912810TX6,TSRYS5743665,D,S,T,2024-04-29,1000000.00,4.744022,92.15625
08:00:53,912810TX6,TSRYS5743665,D,S,D,2024-04-29,1000000.00,4.741673,92.19140625
08:00:53,912810TX6,TSRYS5743665,D,S,T,2024-04-29,1000000.00,4.739848,92.21875
08:00:54,912810TX6,TSRYS5743665,D,S,T,2024-04-29,1000000.00,4.738022,92.24609375
08:00:54,912810TX6,TSRYS5743665,D,S,T,2024-04-29,1000000.00,4.737892,92.248046875
08:00:54,912810TX6,TSRYS5743665,D,S,T,2024-04-29,1000000.00,4.737762,92.25
08:00:54,912810TX6,TSRYS5743665,D,S,T,2024-04-29,1000000.00,4.737762,92.25
08:00:54,912810TX6,TSRYS5743665,D,S,T,2024-04-29,5000000.00,4.737762,92.25
08:00:54,912810TX6,TSRYS5743665,D,S,T,2024-04-29,1000000.00,4.737762,92.25
08:00:54,912810TX6,TSRYS5743665,D,S,D,2024-04-29,990000.00,4.74063,92.20703125
08:00:54,912810TX6,TSRYS5743665,D,S,D,2024-04-29,2000000.00,4.738022,92.24609375
08:00:54,912810TX6,TSRYS5743665,D,S,T,2024-04-29,1000000.00,4.737762,92.25
08:00:55,912810TX6,TSRYS5743665,D,S,D,2024-04-29,1000000.00,4.735938,92.27734375
08:00:55,912810TX6,TSRYS5743665,D,S,T,2024-04-29,1000000.00,4.735286,92.287109375
08:00:55,912810TX6,TSRYS5743665,D,S,T,2024-04-29,2000000.00,4.735286,92.287109375
08:00:55,912810TX6,TSRYS5743665,D,S,T,2024-04-29,2000000.00,4.735286,92.287109375
08:00:55,912810TX6,TSRYS5743665,D,S,T,2024-04-29,1000000.00,4.735286,92.287109375
08:00:55,912810TX6,TSRYS5743665,D,S,D,2024-04-29,2000000.00,4.733593,92.3125
08:00:55,912810TX6,TSRYS5743665,D,S,D,2024-04-29,1000000.00,4.733593,92.3125
08:00:55,912810TX6,TSRYS5743665,D,S,D,2024-04-29,7000000.00,4.735416,92.28515625
08:00:55,912810TX6,TSRYS5743665,D,S,T,2024-04-29,1000000.00,4.734635,92.296875
08:00:56,912810TX6,TSRYS5743665,D,S,T,2024-04-29,1000000.00,4.736719,92.265625
08:00:56,912810TX6,TSRYS5743665,D,S,D,2024-04-29,1000000.00,4.735156,92.2890625
08:00:56,912810TX6,TSRYS5743665,D,S,T,2024-04-29,1000000.00,4.734635,92.296875
08:00:56,912810TX6,TSRYS5743665,D,S,T,2024-04-29,1000000.00,4.734635,92.296875
08:00:56,912810TX6,TSRYS5743665,D,S,T,2024-04-29,1000000.00,4.734765,92.294921875
08:00:56,912810TX6,TSRYS5743665,D,S,T,2024-04-29,1000000.00,4.735677,92.28125
08:00:56,912810TX6,TSRYS5743665,D,S,D,2024-04-29,750000.00,4.736198,92.2734375
08:00:56,912810TX6,TSRYS5743665,D,S,A,2024-04-29,1000000.00,4.740369,92.2109375
08:00:56,912810TX6,TSRYS5743665,D,S,T,2024-04-29,1000000.00,4.735677,92.28125
08:00:56,912810TX6,TSRYS5743665,D,S,T,2024-04-29,1000000.00,4.735677,92.28125
08:00:56,912810TX6,TSRYS5743665,D,B,A,2024-04-29,1000000.00,4.738283,92.2421875
08:00:56,912810TX6,TSRYS5743665,D,S,C,2024-04-29,1575000.00,4.736198,92.2734375
08:00:56,912810TX6,TSRYS5743665,D,S,T,2024-04-29,1000000.00,4.736068,92.275390625
08:00:56,912810TX6,TSRYS5743665,D,S,A,2024-04-29,162000.00,4.74063,92.20703125
08:00:56,912810TX6,TSRYS5743665,D,S,A,2024-04-29,1000000.00,4.738283,92.2421875
08:00:56,912810TX6,TSRYS5743665,D,S,T,2024-04-29,1000000.00,4.734635,92.296875
08:00:56,912810TX6,TSRYS5743665,D,S,T,2024-04-29,1000000.00,4.734635,92.296875
08:00:56,912810TX6,TSRYS5743665,D,S,T,2024-04-29,1000000.00,4.734635,92.296875
08:00:56,912810TX6,TSRYS5743665,D,S,A,2024-04-29,8000000.00,4.737501,92.25390625
08:00:56,912810TX6,TSRYS5743665,D,S,D,2024-04-29,1000000.00,4.741413,92.1953125
08:00:57,912810TX6,TSRYS5743665,D,S,D,2024-04-29,500000.00,4.742978,92.171875
08:00:57,912810TX6,TSRYS5743665,D,B,C,2024-04-29,5000000.00,4.735443,92.28475625
08:00:57,912810TX6,TSRYS5743665,D,S,C,2024-04-29,900000.00,4.73724,92.2578125
08:00:58,912810TX6,TSRYS5743665,D,B,C,2024-04-29,1000000.00,4.732291,92.33203125
08:00:58,912810TX6,TSRYS5743665,D,B,C,2024-04-29,1000000.00,4.735677,92.28125
08:00:58,912810TX6,TSRYS5743665,D,B,A,2024-04-29,2000000.00,4.736198,92.2734375
08:00:58,912810TX6,TSRYS5743665,D,S,T,2024-04-29,1000000.00,4.733593,92.3125
08:00:58,912810TX6,TSRYS5743665,D,S,T,2024-04-29,1000000.00,4.733593,92.3125
08:00:58,912810TX6,TSRYS5743665,D,S,T,2024-04-29,1000000.00,4.733593,92.3125
08:00:58,912810TX6,TSRYS5743665,D,S,T,2024-04-29,1000000.00,4.744805,92.14453125
08:00:58,912810TX6,TSRYS5743665,D,B,C,2024-04-29,1500000.00,4.729949,92.3671875
08:00:59,912810TX6,TSRYS5743665,D,S,D,2024-04-29,1000000.00,4.732004,92.3363375
08:00:59,912810TX6,TSRYS5743665,D,B,C,2024-04-29,2000000.00,4.732812,92.32421875
08:00:59,912810TX6,TSRYS5743665,D,S,T,2024-04-29,1000000.00,4.741941,92.187398
08:01:01,912810TX6,TSRYS5743665,D,S,T,2024-04-29,1000000.00,4.741687,92.19120625
08:01:01,912810TX6,TSRYS5743665,D,B,A,2024-04-29,1000000.00,4.741687,92.19120625
08:01:02,912810TX6,TSRYS5743665,D,S,D,2024-04-29,1000000.00,4.732031,92.3359375
08:01:02,912810TX6,TSRYS5743665,D,S,D,2024-04-29,1000000.00,4.732031,92.3359375
08:01:02,912810TX6,TSRYS5743665,D,S,D,2024-04-29,1000000.00,4.73125,92.34765625
08:01:03,912810TX6,TSRYS5743665,D,S,D,2024-04-29,250000.00,4.73724,92.2578125
08:01:04,912810TX6,TSRYS5743665,D,S,T,2024-04-29,1000000.00,4.740898,92.203025
08:01:04,912810TX6,TSRYS5743665,D,S,T,2024-04-29,1000000.00,4.735677,92.28125
08:01:05,912810TX6,TSRYS5743665,D,B,A,2024-04-29,1000000.00,4.741413,92.1953125
08:01:05,912810TX6,TSRYS5743665,D,S,T,2024-04-29,1000000.00,4.73151,92.34375
08:01:05,912810TX6,TSRYS5743665,D,S,T,2024-04-29,1000000.00,4.739065,92.23046875
08:01:05,912810TX6,TSRYS5743665,D,S,D,2024-04-29,150000.00,4.728388,92.390625
08:01:07,912810TX6,TSRYS5743665,D,B,C,2024-04-29,1000000.00,4.736198,92.2734375
08:01:07,912810TX6,TSRYS5743665,D,S,D,2024-04-29,1000000.00,4.752384,92.03125
08:01:07,912810TX6,TSRYS5743665,D,B,C,2024-04-29,1000000.00,4.752384,92.03125
08:01:07,912810TX6,TSRYS5743665,D,S,D,2024-04-29,1000000.00,4.752384,92.03125
08:01:07,912810TX6,TSRYS5743665,D,B,C,2024-04-29,2000000.00,4.756833,91.96484375
08:01:07,912810TX6,TSRYS5743665,D,S,D,2024-04-29,2000000.00,4.756833,91.96484375
08:01:07,912810TX6,TSRYS5743665,D,B,C,2024-04-29,1000000.00,4.752384,92.03125
08:01:07,912810TX6,TSRYS5743665,D,B,C,2024-04-29,1000000.00,4.752384,92.03125
08:01:07,912810TX6,TSRYS5743665,D,B,C,2024-04-29,1000000.00,4.752384,92.03125
08:01:07,912810TX6,TSRYS5743665,D,S,D,2024-04-29,1000000.00,4.752384,92.03125
08:01:07,912810TX6,TSRYS5743665,D,S,C,2024-04-29,1000000.00,4.752384,92.03125
08:01:07,912810TX6,TSRYS5743665,D,S,D,2024-04-29,1000000.00,4.750292,92.0625
08:01:07,912810TX6,TSRYS5743665,D,S,D,2024-04-29,1000000.00,4.752122,92.03515625
08:01:07,912810TX6,TSRYS5743665,D,B,C,2024-04-29,1000000.00,4.752122,92.03515625
08:01:07,912810TX6,TSRYS5743665,D,B,C,2024-04-29,1000000.00,4.750292,92.0625
08:01:07,912810TX6,TSRYS5743665,D,S,D,2024-04-29,1000000.00,4.752122,92.03515625
08:01:07,912810TX6,TSRYS5743665,D,S,D,2024-04-29,2000000.00,4.741152,92.19921875
08:01:07,912810TX6,TSRYS5743665,D,B,C,2024-04-29,1000000.00,4.752384,92.03125
08:01:07,912810TX6,TSRYS5743665,D,S,D,2024-04-29,1000000.00,4.755,91.9921875
08:01:07,912810TX6,TSRYS5743665,D,B,C,2024-04-29,1000000.00,4.752122,92.03515625
08:01:07,912810TX6,TSRYS5743665,D,S,D,2024-04-29,1000000.00,4.752384,92.03125
08:01:07,912810TX6,TSRYS5743665,D,B,C,2024-04-29,1000000.00,4.751861,92.0390625
08:01:07,912810TX6,TSRYS5743665,D,S,D,2024-04-29,1000000.00,4.753692,92.01171875
08:01:07,912810TX6,TSRYS5743665,D,S,D,2024-04-29,1000000.00,4.751861,92.0390625
08:01:07,912810TX6,TSRYS5743665,D,S,D,2024-04-29,1000000.00,4.753953,92.0078125
08:01:07,912810TX6,TSRYS5743665,D,S,D,2024-04-29,1000000.00,4.753953,92.0078125
08:01:07,912810TX6,TSRYS5743665,D,S,D,2024-04-29,1000000.00,4.755524,91.984375
08:01:07,912810TX6,TSRYS5743665,D,S,D,2024-04-29,1000000.00,4.751338,92.046875
08:01:07,912810TX6,TSRYS5743665,D,S,D,2024-04-29,1000000.00,4.752122,92.03515625
08:01:07,912810TX6,TSRYS5743665,D,B,C,2024-04-29,1000000.00,4.759714,91.921875
08:01:07,912810TX6,TSRYS5743665,D,S,D,2024-04-29,1000000.00,4.755262,91.98828125
08:01:07,912810TX6,TSRYS5743665,D,B,C,2024-04-29,1000000.00,4.748201,92.09375
08:01:07,912810TX6,TSRYS5743665,D,B,C,2024-04-29,1000000.00,4.748201,92.09375
08:01:07,912810TX6,TSRYS5743665,D,S,C,2024-04-29,1000000.00,4.748201,92.09375
08:01:07,912810TX6,TSRYS5743665,D,S,D,2024-04-29,1000000.00,4.748201,92.09375
08:01:07,912810TX6,TSRYS5743665,D,B,C,2024-04-29,1000000.00,4.747156,92.109375
08:01:07,912810TX6,TSRYS5743665,D,B,C,2024-04-29,1000000.00,4.74794,92.09765625
08:01:07,912810TX6,TSRYS5743665,D,S,C,2024-04-29,1000000.00,4.74794,92.09765625
08:01:07,912810TX6,TSRYS5743665,D,S,C,2024-04-29,1000000.00,4.74794,92.09765625
08:01:07,912810TX6,TSRYS5743665,D,S,C,2024-04-29,1000000.00,4.759714,91.921875
08:01:07,912810TX6,TSRYS5743665,D,B,C,2024-04-29,1000000.00,4.74794,92.09765625
08:01:07,912810TX6,TSRYS5743665,D,B,C,2024-04-29,1000000.00,4.743761,92.16015625
08:01:08,912810TX6,TSRYS5743665,D,S,D,2024-04-29,1000000.00,4.7435,92.1640625
08:01:08,912810TX6,TSRYS5743665,D,B,C,2024-04-29,1000000.00,4.7435,92.1640625
08:01:08,912810TX6,TSRYS5743665,D,S,D,2024-04-29,1000000.00,4.747156,92.109375
08:01:08,912810TX6,TSRYS5743665,D,S,D,2024-04-29,1000000.00,4.743761,92.16015625
08:01:08,912810TX6,TSRYS5743665,D,B,C,2024-04-29,1000000.00,4.743761,92.16015625
08:01:08,912810TX6,TSRYS5743665,D,S,D,2024-04-29,1000000.00,4.739848,92.21875
08:01:08,912810TX6,TSRYS5743665,D,S,D,2024-04-29,1000000.00,4.744022,92.15625
08:01:08,912810TX6,TSRYS5743665,D,B,C,2024-04-29,1000000.00,4.744022,92.15625
08:01:08,912810TX6,TSRYS5743665,D,S,D,2024-04-29,1000000.00,4.743761,92.16015625
08:01:08,912810TX6,TSRYS5743665,D,S,D,2024-04-29,1000000.00,4.739587,92.22265625
08:01:08,912810TX6,TSRYS5743665,D,B,C,2024-04-29,1000000.00,4.739587,92.22265625
08:01:08,912810TX6,TSRYS5743665,D,B,C,2024-04-29,1000000.00,4.739848,92.21875
08:01:08,912810TX6,TSRYS5743665,D,B,C,2024-04-29,1000000.00,4.733593,92.3125
08:01:08,912810TX6,TSRYS5743665,D,S,C,2024-04-29,1000000.00,4.733593,92.3125
08:01:08,912810TX6,TSRYS5743665,D,B,C,2024-04-29,1000000.00,4.733593,92.3125
08:01:08,912810TX6,TSRYS5743665,D,S,C,2024-04-29,1000000.00,4.733593,92.3125
08:01:08,912810TX6,TSRYS5743665,D,S,D,2024-04-29,1000000.00,4.737762,92.25
08:01:08,912810TX6,TSRYS5743665,D,B,C,2024-04-29,1000000.00,4.733593,92.3125
08:01:08,912810TX6,TSRYS5743665,D,S,C,2024-04-29,1000000.00,4.733593,92.3125
08:01:08,912810TX6,TSRYS5743665,D,S,D,2024-04-29,1000000.00,4.733593,92.3125
08:01:08,912810TX6,TSRYS5743665,D,S,T,2024-04-29,1000000.00,4.734642,92.296773
08:01:08,912810TX6,TSRYS5743665,D,B,C,2024-04-29,1000000.00,4.733593,92.3125
08:01:08,912810TX6,TSRYS5743665,D,S,D,2024-04-29,1000000.00,4.736719,92.265625
08:01:08,912810TX6,TSRYS5743665,D,S,T,2024-04-29,1000000.00,4.734642,92.296773
08:01:08,912810TX6,TSRYS5743665,D,B,C,2024-04-29,1000000.00,4.740108,92.21484375
08:01:08,912810TX6,TSRYS5743665,D,S,T,2024-04-29,1000000.00,4.734642,92.296773
08:01:08,912810TX6,TSRYS5743665,D,S,D,2024-04-29,1000000.00,4.740108,92.21484375
08:01:08,912810TX6,TSRYS5743665,D,S,T,2024-04-29,1000000.00,4.734635,92.296875
08:01:08,912810TX6,TSRYS5743665,D,S,D,2024-04-29,1000000.00,4.739848,92.21875
08:01:08,912810TX6,TSRYS5743665,D,S,T,2024-04-29,1000000.00,4.734642,92.296773
08:01:08,912810TX6,TSRYS5743665,D,S,D,2024-04-29,1000000.00,4.739848,92.21875
08:01:08,912810TX6,TSRYS5743665,D,S,T,2024-04-29,1000000.00,4.734642,92.296773
08:01:08,912810TX6,TSRYS5743665,D,B,C,2024-04-29,1000000.00,4.739848,92.21875
08:01:08,912810TX6,TSRYS5743665,D,S,D,2024-04-29,1000000.00,4.743239,92.16796875
08:01:08,912810TX6,TSRYS5743665,D,S,T,2024-04-29,1000000.00,4.735684,92.281148
08:01:08,912810TX6,TSRYS5743665,D,S,T,2024-04-29,1000000.00,4.735684,92.281148
08:01:08,912810TX6,TSRYS5743665,D,S,D,2024-04-29,1000000.00,4.743239,92.16796875
08:01:08,912810TX6,TSRYS5743665,D,S,T,2024-04-29,2000000.00,4.735684,92.281148
08:01:08,912810TX6,TSRYS5743665,D,S,D,2024-04-29,1000000.00,4.744283,92.15234375
08:01:08,912810TX6,TSRYS5743665,D,S,D,2024-04-29,1000000.00,4.741673,92.19140625
08:01:08,912810TX6,TSRYS5743665,D,S,D,2024-04-29,1000000.00,4.737762,92.25
08:01:08,912810TX6,TSRYS5743665,D,S,D,2024-04-29,1000000.00,4.737501,92.25390625
08:01:08,912810TX6,TSRYS5743665,D,S,D,2024-04-29,1000000.00,4.738544,92.23828125
08:01:08,912810TX6,TSRYS5743665,D,S,C,2024-04-29,1000000.00,4.733333,92.31640625
08:01:08,912810TX6,TSRYS5743665,D,S,C,2024-04-29,1000000.00,4.73698,92.26171875
08:01:08,912810TX6,TSRYS5743665,D,B,C,2024-04-29,1000000.00,4.73698,92.26171875
08:01:08,912810TX6,TSRYS5743665,D,S,C,2024-04-29,1000000.00,4.739587,92.22265625
08:01:08,912810TX6,TSRYS5743665,D,S,C,2024-04-29,1000000.00,4.739326,92.2265625
08:01:08,912810TX6,TSRYS5743665,D,S,C,2024-04-29,1000000.00,4.739326,92.2265625
08:01:08,912810TX6,TSRYS5743665,D,S,C,2024-04-29,1000000.00,4.738805,92.234375
08:01:08,912810TX6,TSRYS5743665,D,B,C,2024-04-29,1000000.00,4.738805,92.234375
08:01:08,912810TX6,TSRYS5743665,D,S,D,2024-04-29,1000000.00,4.738283,92.2421875
08:01:08,912810TX6,TSRYS5743665,D,S,C,2024-04-29,1000000.00,4.741413,92.1953125
08:01:08,912810TX6,TSRYS5743665,D,S,C,2024-04-29,1000000.00,4.741413,92.1953125
08:01:08,912810TX6,TSRYS5743665,D,S,C,2024-04-29,1000000.00,4.739587,92.22265625
08:01:08,912810TX6,TSRYS5743665,D,B,C,2024-04-29,1000000.00,4.741413,92.1953125
08:01:08,912810TX6,TSRYS5743665,D,S,C,2024-04-29,1000000.00,4.739587,92.22265625
08:01:08,912810TX6,TSRYS5743665,D,B,C,2024-04-29,1000000.00,4.739065,92.23046875
08:01:08,912810TX6,TSRYS5743665,D,S,D,2024-04-29,1000000.00,4.739065,92.23046875
08:01:08,912810TX6,TSRYS5743665,D,S,C,2024-04-29,1000000.00,4.737501,92.25390625
08:01:08,912810TX6,TSRYS5743665,D,S,C,2024-04-29,1000000.00,4.73698,92.26171875
08:01:08,912810TX6,TSRYS5743665,D,S,C,2024-04-29,1000000.00,4.73698,92.26171875
08:01:08,912810TX6,TSRYS5743665,D,S,D,2024-04-29,1000000.00,4.735677,92.28125
08:01:08,912810TX6,TSRYS5743665,D,S,T,2024-04-29,1000000.00,4.732567,92.327898
08:01:08,912810TX6,TSRYS5743665,D,S,D,2024-04-29,1000000.00,4.735938,92.27734375
08:01:09,912810TX6,TSRYS5743665,D,B,C,2024-04-29,1000000.00,4.758666,91.9375
08:01:09,912810TX6,TSRYS5743665,D,S,D,2024-04-29,1000000.00,4.758666,91.9375
08:01:09,912810TX6,TSRYS5743665,D,S,C,2024-04-29,1000000.00,4.75644,91.970703125
08:01:10,912810TX6,TSRYS5743665,D,S,C,2024-04-29,1000000.00,4.752384,92.03125
08:01:11,912810TX6,TSRYS5743665,D,S,T,2024-04-29,2000000.00,4.741028,92.201071875
08:01:11,912810TX6,TSRYS5743665,D,S,C,2024-04-29,1000000.00,4.75343,92.015625
08:01:11,912810TX6,TSRYS5743665,D,B,C,2024-04-29,1000000.00,4.75343,92.015325
08:01:12,912810TX6,TSRYS5743665,D,S,D,2024-04-29,1000000.00,4.762597,91.87890625
08:01:12,912810TX6,TSRYS5743665,D,S,C,2024-04-29,1000000.00,4.754084,92.00585937
08:01:12,912810TX6,TSRYS5743665,D,S,C,2024-04-29,1000000.00,4.751338,92.046875
08:01:12,912810TX6,TSRYS5743665,D,B,C,2024-04-29,2000000.00,4.752764,92.02558
08:01:13,912810TX6,TSRYS5743665,D,S,D,2024-04-29,1000000.00,4.757749,91.95117187
08:01:13,912810TX6,TSRYS5743665,D,S,C,2024-04-29,1000000.00,4.75788,91.94921875
08:01:13,912810TX6,TSRYS5743665,D,S,D,2024-04-29,1000000.00,4.75788,91.94921875
08:01:13,912810TX6,TSRYS5743665,D,S,D,2024-04-29,1000000.00,4.757749,91.95117187
08:01:13,912810TX6,TSRYS5743665,D,S,D,2024-04-29,1000000.00,4.757749,91.95117187
08:01:13,912810TX6,TSRYS5743665,D,S,D,2024-04-29,1000000.00,4.757749,91.95117187
08:01:13,912810TX6,TSRYS5743665,D,S,D,2024-04-29,1000000.00,4.757487,91.95507812
08:01:13,912810TX6,TSRYS5743665,D,S,C,2024-04-29,1000000.00,4.757749,91.95117187
08:01:13,912810TX6,TSRYS5743665,D,S,C,2024-04-29,1000000.00,4.75644,91.97070312
08:01:13,912810TX6,TSRYS5743665,D,S,C,2024-04-29,1000000.00,4.756571,91.96875
08:01:13,912810TX6,TSRYS5743665,D,S,T,2024-04-29,1000000.00,4.75644,91.97070312
08:01:13,912810TX6,TSRYS5743665,D,S,D,2024-04-29,4000000.00,4.752046,92.03629
08:01:14,912810TX6,TSRYS5743665,D,S,C,2024-04-29,1000000.00,4.733593,92.3125
08:01:14,912810TX6,TSRYS5743665,D,S,C,2024-04-29,2000000.00,4.733593,92.3125
08:01:14,912810TX6,TSRYS5743665,D,S,C,2024-04-29,1000000.00,4.733854,92.30859375
08:01:14,912810TX6,TSRYS5743665,D,S,D,2024-04-29,1000000.00,4.750832,92.05443
08:01:14,912810TX6,TSRYS5743665,D,S,C,2024-04-29,1000000.00,4.733854,92.30859375
08:01:14,912810TX6,TSRYS5743665,D,B,C,2024-04-29,1000000.00,4.733854,92.30859375
08:01:14,912810TX6,TSRYS5743665,D,S,D,2024-04-29,1000000.00,4.754738,91.99609375
08:01:14,912810TX6,TSRYS5743665,D,S,D,2024-04-29,2000000.00,4.754832,91.9947
08:01:14,912810TX6,TSRYS5743665,D,S,C,2024-04-29,1000000.00,4.755524,91.984375
08:01:14,912810TX6,TSRYS5743665,D,B,C,2024-04-29,1000000.00,4.755524,91.984075
08:01:14,912810TX6,TSRYS5743665,D,S,C,2024-04-29,1000000.00,4.754477,92.0
08:01:14,912810TX6,TSRYS5743665,D,B,C,2024-04-29,1000000.00,4.754477,92.0
08:01:14,912810TX6,TSRYS5743665,D,B,C,2024-04-29,1000000.00,4.751468,92.044921875
08:01:14,912810TX6,TSRYS5743665,D,B,C,2024-04-29,1000000.00,4.735156,92.2890625
08:01:14,912810TX6,TSRYS5743665,D,S,C,2024-04-29,1000000.00,4.735156,92.2890625
08:01:14,912810TX6,TSRYS5743665,D,S,C,2024-04-29,1000000.00,4.735156,92.2890625
08:01:14,912810TX6,TSRYS5743665,D,S,D,2024-04-29,1000000.00,4.735938,92.27734375
08:01:14,912810TX6,TSRYS5743665,D,S,D,2024-04-29,1000000.00,4.751468,92.044921875
08:01:14,912810TX6,TSRYS5743665,D,S,C,2024-04-29,1000000.00,4.738804,92.23438
08:01:15,912810TX6,TSRYS5743665,D,S,C,2024-04-29,1000000.00,4.752384,92.03125
08:01:15,912810TX6,TSRYS5743665,D,S,D,2024-04-29,1000000.00,4.735677,92.28125
08:01:15,912810TX6,TSRYS5743665,D,S,D,2024-04-29,2000000.00,4.735677,92.28125
08:01:15,912810TX6,TSRYS5743665,D,B,C,2024-04-29,2000000.00,4.735677,92.28125
08:01:15,912810TX6,TSRYS5743665,D,S,D,2024-04-29,2000000.00,4.735677,92.28125
08:01:15,912810TX6,TSRYS5743665,D,B,C,2024-04-29,1000000.00,4.75343,92.015625
08:01:15,912810TX6,TSRYS5743665,D,B,C,2024-04-29,1000000.00,4.73724,92.2578125
08:01:15,912810TX6,TSRYS5743665,D,S,D,2024-04-29,1000000.00,4.73724,92.2578125
08:01:15,912810TX6,TSRYS5743665,D,S,D,2024-04-29,1000000.00,4.75343,92.015625
08:01:16,912810TX6,TSRYS5743665,D,S,D,2024-04-29,7000000.00,4.753309,92.01743
08:01:16,912810TX6,TSRYS5743665,D,S,D,2024-04-29,1000000.00,4.733072,92.3203125
08:01:16,912810TX6,TSRYS5743665,D,B,C,2024-04-29,1000000.00,4.733072,92.3203125
08:01:16,912810TX6,TSRYS5743665,D,S,D,2024-04-29,1000000.00,4.731771,92.33984375
08:01:16,912810TX6,TSRYS5743665,D,B,C,2024-04-29,1000000.00,4.731771,92.33984375
08:01:16,912810TX6,TSRYS5743665,D,S,D,2024-04-29,1000000.00,4.732031,92.3359375
08:01:16,912810TX6,TSRYS5743665,D,B,C,2024-04-29,1000000.00,4.732031,92.3359375
08:01:16,912810TX6,TSRYS5743665,D,B,A,2024-04-29,250000.00,4.755785,91.98046875
08:01:16,912810TX6,TSRYS5743665,D,B,C,2024-04-29,1000000.00,4.729949,92.3671875
08:01:16,912810TX6,TSRYS5743665,D,S,D,2024-04-29,1000000.00,4.729949,92.3671875
08:01:17,912810TX6,TSRYS5743665,D,S,T,2024-04-29,1000000.00,4.75343,92.015625
08:01:17,912810TX6,TSRYS5743665,D,S,T,2024-04-29,1000000.00,4.75343,92.015625
08:01:17,912810TX6,TSRYS5743665,D,S,T,2024-04-29,1000000.00,4.75343,92.015625
08:01:17,912810TX6,TSRYS5743665,D,B,C,2024-04-29,1000000.00,4.732031,92.3359375
08:01:17,912810TX6,TSRYS5743665,D,S,D,2024-04-29,1000000.00,4.732031,92.3359375
08:01:17,912810TX6,TSRYS5743665,D,S,C,2024-04-29,1000000.00,4.731771,92.33984375
08:01:17,912810TX6,TSRYS5743665,D,B,C,2024-04-29,1000000.00,4.731771,92.33984375
08:01:17,912810TX6,TSRYS5743665,D,S,D,2024-04-29,1000000.00,4.732031,92.3359375
08:01:17,912810TX6,TSRYS5743665,D,B,C,2024-04-29,1000000.00,4.732031,92.3359375
08:01:17,912810TX6,TSRYS5743665,D,S,D,2024-04-29,1000000.00,4.73151,92.34375
08:01:17,912810TX6,TSRYS5743665,D,B,C,2024-04-29,1000000.00,4.73125,92.34765625
08:01:17,912810TX6,TSRYS5743665,D,S,D,2024-04-29,1000000.00,4.73125,92.34765625
08:01:17,912810TX6,TSRYS5743665,D,B,C,2024-04-29,1000000.00,4.73151,92.34375
08:01:17,912810TX6,TSRYS5743665,D,S,T,2024-04-29,1000000.00,4.73151,92.34375
08:01:17,912810TX6,TSRYS5743665,D,S,T,2024-04-29,1000000.00,4.73151,92.34375
08:01:17,912810TX6,TSRYS5743665,D,S,T,2024-04-29,1000000.00,4.73151,92.34375
08:01:18,912810TX6,TSRYS5743665,D,S,D,2024-04-29,1000000.00,4.752122,92.03515625
08:01:18,912810TX6,TSRYS5743665,D,S,C,2024-04-29,1000000.00,4.757487,91.95507812
08:01:18,912810TX6,TSRYS5743665,D,S,T,2024-04-29,1000000.00,4.757487,91.95507812
08:01:18,912810TX6,TSRYS5743665,D,S,D,2024-04-29,1000000.00,4.75343,92.015625
08:01:18,912810TX6,TSRYS5743665,D,S,D,2024-04-29,1000000.00,4.75343,92.015625
08:01:19,912810TX6,TSRYS5743665,D,S,D,2024-04-29,1000000.00,4.75343,92.015625
08:01:19,912810TX6,TSRYS5743665,D,S,D,2024-04-29,1000000.00,4.75343,92.015625
08:01:19,912810TX6,TSRYS5743665,D,S,D,2024-04-29,1000000.00,4.750946,92.05273437
08:01:19,912810TX6,TSRYS5743665,D,S,D,2024-04-29,1000000.00,4.75343,92.015625
08:01:19,912810TX6,TSRYS5743665,D,S,D,2024-04-29,1000000.00,4.75343,92.015625
08:01:19,912810TX6,TSRYS5743665,D,S,D,2024-04-29,1000000.00,4.750946,92.05273437
08:01:19,912810TX6,TSRYS5743665,D,S,D,2024-04-29,1000000.00,4.751338,92.046875
08:01:19,912810TX6,TSRYS5743665,D,S,T,2024-04-29,1000000.00,4.751351,92.046675
08:01:19,912810TX6,TSRYS5743665,D,B,A,2024-04-29,1000000.00,4.755545,91.984375
08:01:19,912810TX6,TSRYS5743665,D,S,D,2024-04-29,1000000.00,4.754084,92.005859375
08:01:19,912810TX6,TSRYS5743665,D,S,D,2024-04-29,1000000.00,4.754084,92.005859375
08:01:19,912810TX6,TSRYS5743665,D,S,D,2024-04-29,4000000.00,4.755039,91.99161
08:01:19,912810TX6,TSRYS5743665,D,B,C,2024-04-29,7000000.00,4.75318,92.01936
08:01:19,912810TX6,TSRYS5743665,D,S,D,2024-04-29,1000000.00,4.750946,92.052734375
08:01:19,912810TX6,TSRYS5743665,D,S,D,2024-04-29,1000000.00,4.75173,92.041015625
08:01:19,912810TX6,TSRYS5743665,D,S,D,2024-04-29,1000000.00,4.752122,92.03515625
08:01:19,912810TX6,TSRYS5743665,D,S,D,2024-04-29,1000000.00,4.752122,92.03515625
08:01:20,912810TX6,TSRYS5743665,D,S,D,2024-04-29,1000000.00,4.741804,92.18945312
08:01:20,912810TX6,TSRYS5743665,D,S,T,2024-04-29,1000000.00,4.741413,92.1953125
08:01:20,912810TX6,TSRYS5743665,D,S,D,2024-04-29,1000000.00,4.741543,92.19335937
08:01:20,912810TX6,TSRYS5743665,D,B,C,2024-04-29,3000000.00,4.741628,92.19209
08:01:20,912810TX6,TSRYS5743665,D,S,T,2024-04-29,1000000.00,4.741021,92.201171875
08:01:21,912810TX6,TSRYS5743665,D,B,C,2024-04-29,1000000.00,4.738935,92.23242187
08:01:21,912810TX6,TSRYS5743665,D,S,C,2024-04-29,9200000.00,4.741673,92.19140625
08:01:21,912810TX6,TSRYS5743665,D,S,T,2024-04-29,1000000.00,4.734635,92.296875
08:01:22,912810TX6,TSRYS5743665,D,S,T,2024-04-29,1000000.00,4.736719,92.265625
08:01:22,912810TX6,TSRYS5743665,D,S,T,2024-04-29,1000000.00,4.736719,92.265625
08:01:22,912810TX6,TSRYS5743665,D,B,A,2024-04-29,1000000.00,4.735697,92.28125
08:01:23,912810TX6,TSRYS5743665,D,S,D,2024-04-29,1000000.00,4.739065,92.23046875
08:01:23,912810TX6,TSRYS5743665,D,B,A,2024-04-29,170000.00,4.734895,92.29296875
08:01:24,912810TX6,TSRYS5743665,D,B,C,2024-04-29,1500000.00,4.729169,92.37890625
08:01:24,912810TX6,TSRYS5743665,D,S,T,2024-04-29,1000000.00,4.729819,92.369140625
08:01:24,912810TX6,TSRYS5743665,D,S,C,2024-04-29,1575000.00,4.732812,92.32421875
08:01:24,912810TX6,TSRYS5743665,D,S,C,2024-04-29,2000000.00,4.732031,92.3359375
08:01:24,912810TX6,TSRYS5743665,D,S,D,2024-04-29,7000000.00,4.738718,92.23567
08:01:24,912810TX6,TSRYS5743665,D,S,A,2024-04-29,4200000.00,4.734909,92.29276875
08:01:24,912810TX6,TSRYS5743665,D,B,C,2024-04-29,4200000.00,4.734909,92.29276875
08:01:24,912810TX6,TSRYS5743665,D,B,C,2024-04-29,7500000.00,4.735416,92.28515625
08:01:24,912810TX6,TSRYS5743665,D,S,D,2024-04-29,1000000.00,4.755524,91.984375
08:01:24,912810TX6,TSRYS5743665,D,B,C,2024-04-29,1000000.00,4.755524,91.984375
08:01:25,912810TX6,TSRYS5743665,D,B,C,2024-04-29,1000000.00,4.735547,92.28320312
08:01:25,912810TX6,TSRYS5743665,D,S,D,2024-04-29,14000000.00,4.735541,92.28329
08:01:27,912810TX6,TSRYS5743665,D,S,D,2024-04-29,1000000.00,4.753953,92.0078125
08:01:27,912810TX6,TSRYS5743665,D,S,D,2024-04-29,2000000.00,4.754738,91.99609375
08:01:29,912810TX6,TSRYS5743665,D,S,D,2024-04-29,1000000.00,4.757487,91.955078125
08:01:29,912810TX6,TSRYS5743665,D,S,D,2024-04-29,1000000.00,4.743892,92.15820312
08:01:29,912810TX6,TSRYS5743665,D,S,T,2024-04-29,1000000.00,4.743892,92.15820312
08:01:29,912810TX6,TSRYS5743665,D,S,D,2024-04-29,1000000.00,4.743892,92.15820312
08:01:29,912810TX6,TSRYS5743665,D,S,T,2024-04-29,1000000.00,4.744022,92.15625
08:01:29,912810TX6,TSRYS5743665,D,S,D,2024-04-29,1000000.00,4.744283,92.15234375
08:01:29,912810TX6,TSRYS5743665,D,S,D,2024-04-29,1000000.00,4.744675,92.14648437
08:01:30,912810TX6,TSRYS5743665,D,S,T,2024-04-29,1000000.00,4.744675,92.14648437
08:01:30,912810TX6,TSRYS5743665,D,S,D,2024-04-29,1000000.00,4.745067,92.140625
08:01:30,912810TX6,TSRYS5743665,D,S,D,2024-04-29,1000000.00,4.744544,92.1484375
08:01:30,912810TX6,TSRYS5743665,D,S,T,2024-04-29,1000000.00,4.744675,92.14648437
08:01:30,912810TX6,TSRYS5743665,D,S,T,2024-04-29,1000000.00,4.731901,92.337890625
08:01:30,912810TX6,TSRYS5743665,D,S,T,2024-04-29,1000000.00,4.731771,92.33984375
08:01:30,912810TX6,TSRYS5743665,D,S,T,2024-04-29,1000000.00,4.741021,92.20117187
08:01:31,912810TX6,TSRYS5743665,D,S,D,2024-04-29,1000000.00,4.741021,92.20117187
08:01:31,912810TX6,TSRYS5743665,D,S,D,2024-04-29,1000000.00,4.742195,92.18359375
08:01:32,912810TX6,TSRYS5743665,D,S,T,2024-04-29,1000000.00,4.739587,92.22265625
08:01:32,912810TX6,TSRYS5743665,D,S,D,2024-04-29,1000000.00,4.739587,92.22265625
08:01:32,912810TX6,TSRYS5743665,D,S,D,2024-04-29,1000000.00,4.74063,92.20703125
08:01:32,912810TX6,TSRYS5743665,D,S,D,2024-04-29,1000000.00,4.74063,92.20703125
08:01:32,912810TX6,TSRYS5743665,D,B,C,2024-04-29,1000000.00,4.740647,92.20677
08:01:32,912810TX6,TSRYS5743665,D,S,D,2024-04-29,1000000.00,4.740369,92.2109375
08:01:32,912810TX6,TSRYS5743665,D,B,C,2024-04-29,4000000.00,4.740073,92.21537
08:01:33,912810TX6,TSRYS5743665,D,S,C,2024-04-29,1000000.00,4.739065,92.23046875
08:01:33,912810TX6,TSRYS5743665,D,S,D,2024-04-29,1000000.00,4.739326,92.2265625
08:01:33,912810TX6,TSRYS5743665,D,S,D,2024-04-29,1000000.00,4.739326,92.2265625
08:01:33,912810TX6,TSRYS5743665,D,S,D,2024-04-29,1000000.00,4.739456,92.22460937
08:01:33,912810TX6,TSRYS5743665,D,S,T,2024-04-29,1000000.00,4.739456,92.22460937
08:01:33,912810TX6,TSRYS5743665,D,S,T,2024-04-29,1000000.00,4.739456,92.22460937
08:01:33,912810TX6,TSRYS5743665,D,S,D,2024-04-29,1000000.00,4.739196,92.22851562
08:01:33,912810TX6,TSRYS5743665,D,S,D,2024-04-29,1000000.00,4.739196,92.22851562
08:01:33,912810TX6,TSRYS5743665,D,S,T,2024-04-29,1000000.00,4.739065,92.23046875
08:01:33,912810TX6,TSRYS5743665,D,S,D,2024-04-29,1000000.00,4.739065,92.23046875
08:01:33,912810TX6,TSRYS5743665,D,S,T,2024-04-29,1000000.00,4.739065,92.23046875
08:01:33,912810TX6,TSRYS5743665,D,S,C,2024-04-29,1000000.00,4.739065,92.23046875
08:01:33,912810TX6,TSRYS5743665,D,S,D,2024-04-29,1000000.00,4.739065,92.23046875
08:01:33,912810TX6,TSRYS5743665,D,B,C,2024-04-29,13000000.00,4.739284,92.22719
08:01:34,912810TX6,TSRYS5743665,D,S,T,2024-04-29,1000000.00,4.752384,92.03125
08:01:36,912810TX6,TSRYS5743665,D,S,T,2024-04-29,1000000.00,4.741282,92.19726562
08:01:36,912810TX6,TSRYS5743665,D,S,T,2024-04-29,1000000.00,4.741282,92.19726562
08:01:36,912810TX6,TSRYS5743665,D,S,D,2024-04-29,1000000.00,4.740891,92.203125
08:01:36,912810TX6,TSRYS5743665,D,S,D,2024-04-29,1000000.00,4.740891,92.203125
08:01:36,912810TX6,TSRYS5743665,D,S,D,2024-04-29,1000000.00,4.740891,92.203125
08:01:36,912810TX6,TSRYS5743665,D,S,T,2024-04-29,1000000.00,4.740891,92.203125
08:01:36,912810TX6,TSRYS5743665,D,S,D,2024-04-29,1000000.00,4.740239,92.21289062
08:01:36,912810TX6,TSRYS5743665,D,S,D,2024-04-29,1000000.00,4.740108,92.21484375
08:01:36,912810TX6,TSRYS5743665,D,S,T,2024-04-29,1000000.00,4.740891,92.203125
08:01:36,912810TX6,TSRYS5743665,D,S,C,2024-04-29,1000000.00,4.746111,92.125
08:01:36,912810TX6,TSRYS5743665,D,S,T,2024-04-29,1000000.00,4.740891,92.203125
08:01:36,912810TX6,TSRYS5743665,D,S,D,2024-04-29,1000000.00,4.740891,92.203125
08:01:36,912810TX6,TSRYS5743665,D,B,C,2024-04-29,11000000.00,4.740937,92.20243
08:01:37,912810TX6,TSRYS5743665,D,B,C,2024-04-29,1000000.00,4.744022,92.15625
08:01:37,912810TX6,TSRYS5743665,D,S,C,2024-04-29,1000000.00,4.744022,92.15645
08:01:37,912810TX6,TSRYS5743665,D,S,C,2024-04-29,8000000.00,4.737912,92.24775
08:01:37,912810TX6,TSRYS5743665,D,S,D,2024-04-29,1000000.00,4.741413,92.1953125
08:01:37,912810TX6,TSRYS5743665,D,S,D,2024-04-29,1000000.00,4.741934,92.1875
08:01:37,912810TX6,TSRYS5743665,D,S,D,2024-04-29,1000000.00,4.741934,92.1875
08:01:38,912810TX6,TSRYS5743665,D,S,C,2024-04-29,3000000.00,4.737985,92.24665
08:01:38,912810TX6,TSRYS5743665,D,S,D,2024-04-29,1000000.00,4.738935,92.232421875
08:01:39,912810TX6,TSRYS5743665,D,S,D,2024-04-29,1000000.00,4.737762,92.25
08:01:39,912810TX6,TSRYS5743665,D,B,C,2024-04-29,1000000.00,4.737762,92.25
08:01:40,912810TX6,TSRYS5743665,D,S,C,2024-04-29,6000000.00,4.737313,92.25672
08:01:41,912810TX6,TSRYS5743665,D,S,A,2024-04-29,1000000.00,4.738805,92.234375
08:01:42,912810TX6,TSRYS5743665,D,S,A,2024-04-29,2000000.00,4.738805,92.234375
08:01:42,912810TX6,TSRYS5743665,D,S,A,2024-04-29,1000000.00,4.738805,92.234375
08:01:42,912810TX6,TSRYS5743665,D,S,A,2024-04-29,1000000.00,4.738805,92.234375
08:01:42,912810TX6,TSRYS5743665,D,S,A,2024-04-29,1000000.00,4.738805,92.234375
08:01:42,912810TX6,TSRYS5743665,D,S,A,2024-04-29,1000000.00,4.738805,92.234375
08:01:42,912810TX6,TSRYS5743665,D,S,T,2024-04-29,1000000.00,4.735938,92.27734375
08:01:42,912810TX6,TSRYS5743665,D,B,C,2024-04-29,12000000.00,4.757961,91.94801
08:01:43,912810TX6,TSRYS5743665,D,S,D,2024-04-29,1000000.00,4.736719,92.265625
08:01:43,912810TX6,TSRYS5743665,D,S,C,2024-04-29,1000000.00,4.736198,92.2734375
08:01:43,912810TX6,TSRYS5743665,D,S,D,2024-04-29,1000000.00,4.736328,92.27148437
08:01:43,912810TX6,TSRYS5743665,D,S,D,2024-04-29,1000000.00,4.736328,92.27148437
08:01:43,912810TX6,TSRYS5743665,D,S,D,2024-04-29,1000000.00,4.736328,92.27148437
08:01:43,912810TX6,TSRYS5743665,D,S,C,2024-04-29,1000000.00,4.736328,92.27148437
08:01:43,912810TX6,TSRYS5743665,D,S,D,2024-04-29,1000000.00,4.736328,92.27148437
08:01:44,912810TX6,TSRYS5743665,D,S,A,2024-04-29,4000000.00,4.758404,91.94140625
08:01:44,912810TX6,TSRYS5743665,D,S,A,2024-04-29,1000000.00,4.735677,92.28125
08:01:44,912810TX6,TSRYS5743665,D,S,A,2024-04-29,1000000.00,4.735677,92.28125
08:01:44,912810TX6,TSRYS5743665,D,S,A,2024-04-29,1000000.00,4.735677,92.28125
08:01:44,912810TX6,TSRYS5743665,D,S,A,2024-04-29,1000000.00,4.735677,92.28125
08:01:44,912810TX6,TSRYS5743665,D,S,A,2024-04-29,1000000.00,4.735807,92.279296875
08:01:46,912810TX6,TSRYS5743665,D,S,T,2024-04-29,1000000.00,4.7405,92.208984375
08:01:46,912810TX6,TSRYS5743665,D,S,C,2024-04-29,1000000.00,4.735677,92.28125
08:01:46,912810TX6,TSRYS5743665,D,B,A,2024-04-29,1000000.00,4.7405,92.208984375
08:01:46,912810TX6,TSRYS5743665,D,S,T,2024-04-29,1000000.00,4.740239,92.212890625
08:01:46,912810TX6,TSRYS5743665,D,B,A,2024-04-29,1000000.00,4.740239,92.212890625
08:01:46,912810TX6,TSRYS5743665,D,S,T,2024-04-29,1000000.00,4.7405,92.208984375
08:01:46,912810TX6,TSRYS5743665,D,S,T,2024-04-29,1000000.00,4.740369,92.2109375
08:01:46,912810TX6,TSRYS5743665,D,B,A,2024-04-29,1000000.00,4.7405,92.208984375
08:01:46,912810TX6,TSRYS5743665,D,B,A,2024-04-29,1000000.00,4.740369,92.2109375
08:01:47,912810TX6,TSRYS5743665,D,S,T,2024-04-29,1000000.00,4.739456,92.224609375
08:01:47,912810TX6,TSRYS5743665,D,S,T,2024-04-29,1000000.00,4.739456,92.224609375
08:01:47,912810TX6,TSRYS5743665,D,B,A,2024-04-29,1000000.00,4.739456,92.224609375
08:01:47,912810TX6,TSRYS5743665,D,B,A,2024-04-29,1000000.00,4.739456,92.224609375
08:01:47,912810TX6,TSRYS5743665,D,S,A,2024-04-29,2000000.00,4.738805,92.234375
08:01:48,912810TX6,TSRYS5743665,D,S,A,2024-04-29,1000000.00,4.738805,92.234375
08:01:48,912810TX6,TSRYS5743665,D,S,T,2024-04-29,1000000.00,4.739196,92.228515625
08:01:48,912810TX6,TSRYS5743665,D,B,A,2024-04-29,1000000.00,4.739196,92.228515625
08:01:48,912810TX6,TSRYS5743665,D,S,A,2024-04-29,1000000.00,4.739848,92.21875
08:01:48,912810TX6,TSRYS5743665,D,S,A,2024-04-29,1000000.00,4.739848,92.21875
08:01:48,912810TX6,TSRYS5743665,D,B,C,2024-04-29,5000000.00,4.749508,92.07421875
08:01:49,912810TX6,TSRYS5743665,D,S,T,2024-04-29,1000000.00,4.738022,92.24609375
08:01:49,912810TX6,TSRYS5743665,D,S,D,2024-04-29,1000000.00,4.735677,92.28125
08:01:49,912810TX6,TSRYS5743665,D,B,A,2024-04-29,1000000.00,4.738022,92.24609375
08:01:49,912810TX6,TSRYS5743665,D,S,T,2024-04-29,1000000.00,4.738283,92.2421875
08:01:49,912810TX6,TSRYS5743665,D,S,D,2024-04-29,1000000.00,4.735547,92.283203125
08:01:49,912810TX6,TSRYS5743665,D,S,T,2024-04-29,1000000.00,4.767063,91.8124
08:01:49,912810TX6,TSRYS5743665,D,B,A,2024-04-29,1000000.00,4.738283,92.2421875
08:01:49,912810TX6,TSRYS5743665,D,B,C,2024-04-29,1000000.00,4.736198,92.2734375
08:01:49,912810TX6,TSRYS5743665,D,S,T,2024-04-29,1000000.00,4.738153,92.244140625
08:01:49,912810TX6,TSRYS5743665,D,B,C,2024-04-29,1000000.00,4.734635,92.296875
08:01:49,912810TX6,TSRYS5743665,D,S,D,2024-04-29,1000000.00,4.734635,92.296875
08:01:49,912810TX6,TSRYS5743665,D,S,C,2024-04-29,1000000.00,4.734635,92.296875
08:01:49,912810TX6,TSRYS5743665,D,B,A,2024-04-29,1000000.00,4.738153,92.244140625
08:01:50,912810TX6,TSRYS5743665,D,S,T,2024-04-29,1000000.00,4.737892,92.248046875
08:01:50,912810TX6,TSRYS5743665,D,S,T,2024-04-29,1000000.00,4.735685,92.281125
08:01:50,912810TX6,TSRYS5743665,D,S,T,2024-04-29,1000000.00,4.737762,92.25
08:01:50,912810TX6,TSRYS5743665,D,S,T,2024-04-29,1000000.00,4.735685,92.281125
08:01:50,912810TX6,TSRYS5743665,D,B,A,2024-04-29,1000000.00,4.737762,92.25
08:01:50,912810TX6,TSRYS5743665,D,B,A,2024-04-29,1000000.00,4.737892,92.248046875
08:01:50,912810TX6,TSRYS5743665,D,S,T,2024-04-29,1000000.00,4.737892,92.248046875
08:01:50,912810TX6,TSRYS5743665,D,B,A,2024-04-29,1000000.00,4.737892,92.248046875
08:01:51,912810TX6,TSRYS5743665,D,S,T,2024-04-29,1000000.00,4.735677,92.28125
08:01:51,912810TX6,TSRYS5743665,D,S,T,2024-04-29,1000000.00,4.735156,92.2890625
08:01:51,912810TX6,TSRYS5743665,D,B,A,2024-04-29,1000000.00,4.735156,92.2890625
08:01:51,912810TX6,TSRYS5743665,D,S,T,2024-04-29,1000000.00,4.735026,92.291015625
08:01:51,912810TX6,TSRYS5743665,D,S,T,2024-04-29,1000000.00,4.735026,92.291015625
08:01:52,912810TX6,TSRYS5743665,D,S,T,2024-04-29,1000000.00,4.734895,92.29296875
08:01:52,912810TX6,TSRYS5743665,D,S,T,2024-04-29,1000000.00,4.734895,92.29296875
08:01:52,912810TX6,TSRYS5743665,D,B,A,2024-04-29,1000000.00,4.735026,92.291015625
08:01:52,912810TX6,TSRYS5743665,D,S,T,2024-04-29,1000000.00,4.734895,92.29296875
08:01:52,912810TX6,TSRYS5743665,D,S,T,2024-04-29,1000000.00,4.734765,92.294921875
08:01:52,912810TX6,TSRYS5743665,D,B,A,2024-04-29,1000000.00,4.735026,92.291015625
08:01:52,912810TX6,TSRYS5743665,D,B,A,2024-04-29,1000000.00,4.734895,92.29296875
08:01:53,912810TX6,TSRYS5743665,D,B,A,2024-04-29,1000000.00,4.734895,92.29296875
08:01:53,912810TX6,TSRYS5743665,D,B,A,2024-04-29,1000000.00,4.734765,92.294921875
08:01:53,912810TX6,TSRYS5743665,D,B,A,2024-04-29,1000000.00,4.734895,92.29296875
08:01:53,912810TX6,TSRYS5743665,D,S,D,2024-04-29,1000000.00,4.734635,92.296875
08:01:54,912810TX6,TSRYS5743665,D,B,A,2024-04-29,294185.00,4.740891,92.203125
08:01:56,912810TX6,TSRYS5743665,D,B,A,2024-04-29,4025000.00,4.737762,92.25
08:01:58,912810TX6,TSRYS5743665,D,B,C,2024-04-29,1000000.00,4.734114,92.3046875
08:01:58,912810TX6,TSRYS5743665,D,S,C,2024-04-29,1000000.00,4.741934,92.1875
08:01:58,912810TX6,TSRYS5743665,D,B,C,2024-04-29,1000000.00,4.742978,92.171875
08:01:58,912810TX6,TSRYS5743665,D,S,D,2024-04-29,1000000.00,4.742978,92.171875
08:01:58,912810TX6,TSRYS5743665,D,S,D,2024-04-29,1000000.00,4.743892,92.158203125
08:01:58,912810TX6,TSRYS5743665,D,S,T,2024-04-29,1000000.00,4.739717,92.220703125
08:01:58,912810TX6,TSRYS5743665,D,S,D,2024-04-29,1000000.00,4.744022,92.15625
08:01:58,912810TX6,TSRYS5743665,D,S,D,2024-04-29,1000000.00,4.744675,92.146484375
08:01:58,912810TX6,TSRYS5743665,D,B,C,2024-04-29,1000000.00,4.744022,92.15625
08:01:58,912810TX6,TSRYS5743665,D,S,C,2024-04-29,1000000.00,4.744022,92.15625
08:01:58,912810TX6,TSRYS5743665,D,S,A,2024-04-29,58000.00,4.728636,92.3869
08:01:59,912810TX6,TSRYS5743665,D,S,C,2024-04-29,1000000.00,4.744675,92.146484375
08:01:59,912810TX6,TSRYS5743665,D,B,C,2024-04-29,1000000.00,4.741934,92.1875
08:01:59,912810TX6,TSRYS5743665,D,S,C,2024-04-29,1000000.00,4.741934,92.1875
08:01:59,912810TX6,TSRYS5743665,D,S,T,2024-04-29,1000000.00,4.736719,92.265625
08:01:59,912810TX6,TSRYS5743665,D,S,D,2024-04-29,1000000.00,4.741021,92.201171875
08:01:59,912810TX6,TSRYS5743665,D,S,T,2024-04-29,1000000.00,4.735692,92.281023
08:01:59,912810TX6,TSRYS5743665,D,S,D,2024-04-29,1000000.00,4.741021,92.201171875
08:02:00,912810TX6,TSRYS5743665,D,B,C,2024-04-29,1000000.00,4.766006,91.828125
08:02:00,912810TX6,TSRYS5743665,D,S,C,2024-04-29,1000000.00,4.766006,91.828125
08:02:00,912810TX6,TSRYS5743665,D,B,C,2024-04-29,1000000.00,4.766006,91.828125
08:02:00,912810TX6,TSRYS5743665,D,S,C,2024-04-29,1000000.00,4.766006,91.828125
08:02:00,912810TX6,TSRYS5743665,D,S,C,2024-04-29,1000000.00,4.765993,91.828325
08:02:00,912810TX6,TSRYS5743665,D,B,C,2024-04-29,1000000.00,4.766006,91.828125
08:02:00,912810TX6,TSRYS5743665,D,S,C,2024-04-29,1000000.00,4.763908,91.859375
08:02:00,912810TX6,TSRYS5743665,D,S,C,2024-04-29,1000000.00,4.765993,91.828325
08:02:00,912810TX6,TSRYS5743665,D,S,C,2024-04-29,1000000.00,4.76599,91.828375
08:02:00,912810TX6,TSRYS5743665,D,B,C,2024-04-29,1000000.00,4.76602,91.827925
08:02:00,912810TX6,TSRYS5743665,D,S,D,2024-04-29,1000000.00,4.765998,91.828255
08:02:01,912810TX6,TSRYS5743665,D,B,C,2024-04-29,1000000.00,4.764974,91.8435
08:02:01,912810TX6,TSRYS5743665,D,S,C,2024-04-29,1000000.00,4.764957,91.84375
08:02:01,912810TX6,TSRYS5743665,D,S,C,2024-04-29,1000000.00,4.764957,91.84375
08:02:01,912810TX6,TSRYS5743665,D,S,C,2024-04-29,1000000.00,4.7597,91.922075
08:02:01,912810TX6,TSRYS5743665,D,S,C,2024-04-29,1000000.00,4.7597,91.922075
08:02:01,912810TX6,TSRYS5743665,D,S,C,2024-04-29,1000000.00,4.7597,91.922075
08:02:01,912810TX6,TSRYS5743665,D,S,C,2024-04-29,1000000.00,4.7597,91.922075
08:02:01,912810TX6,TSRYS5743665,D,B,C,2024-04-29,1000000.00,4.75973,91.921625
08:02:01,912810TX6,TSRYS5743665,D,S,C,2024-04-29,1000000.00,4.739848,92.21875
08:02:01,912810TX6,TSRYS5743665,D,S,C,2024-04-29,1000000.00,4.7597,91.922075
08:02:01,912810TX6,TSRYS5743665,D,B,C,2024-04-29,1000000.00,4.759714,91.921875
08:02:01,912810TX6,TSRYS5743665,D,S,D,2024-04-29,1000000.00,4.732942,92.322265625
08:02:01,912810TX6,TSRYS5743665,D,S,D,2024-04-29,1000000.00,4.732942,92.322265625
08:02:02,912810TX6,TSRYS5743665,D,S,D,2024-04-29,1000000.00,4.732942,92.322265625
08:02:02,912810TX6,TSRYS5743665,D,S,A,2024-04-29,100000.00,4.730229,92.36328125
08:02:02,912810TX6,TSRYS5743665,D,B,A,2024-04-29,100000.00,4.730229,92.36328125
08:02:02,912810TX6,TSRYS5743665,D,S,D,2024-04-29,1000000.00,4.758657,91.93763
08:02:02,912810TX6,TSRYS5743665,D,B,C,2024-04-29,1000000.00,4.758666,91.9375
08:02:02,912810TX6,TSRYS5743665,D,B,C,2024-04-29,1000000.00,4.759714,91.921875
08:02:02,912810TX6,TSRYS5743665,D,S,D,2024-04-29,1000000.00,4.759714,91.921875
08:02:02,912810TX6,TSRYS5743665,D,S,C,2024-04-29,1000000.00,4.760762,91.90625
08:02:02,912810TX6,TSRYS5743665,D,B,C,2024-04-29,1000000.00,4.760762,91.90625
08:02:02,912810TX6,TSRYS5743665,D,B,C,2024-04-29,1000000.00,4.759714,91.921875
08:02:02,912810TX6,TSRYS5743665,D,S,C,2024-04-29,1000000.00,4.759714,91.921875
08:02:02,912810TX6,TSRYS5743665,D,S,D,2024-04-29,1000000.00,4.758666,91.9375
08:02:02,912810TX6,TSRYS5743665,D,S,C,2024-04-29,1000000.00,4.757618,91.953125
08:02:02,912810TX6,TSRYS5743665,D,B,C,2024-04-29,1000000.00,4.757638,91.952825
08:02:02,912810TX6,TSRYS5743665,D,S,C,2024-04-29,1000000.00,4.757618,91.953125
08:02:02,912810TX6,TSRYS5743665,D,B,C,2024-04-29,1000000.00,4.757638,91.952825
08:02:02,912810TX6,TSRYS5743665,D,S,C,2024-04-29,1000000.00,4.757618,91.953125
08:02:02,912810TX6,TSRYS5743665,D,B,C,2024-04-29,1000000.00,4.757632,91.952925
08:02:02,912810TX6,TSRYS5743665,D,B,C,2024-04-29,1000000.00,4.757618,91.953125
08:02:02,912810TX6,TSRYS5743665,D,S,C,2024-04-29,1000000.00,4.757618,91.953125
08:02:02,912810TX6,TSRYS5743665,D,S,C,2024-04-29,1000000.00,4.757618,91.953125
08:02:02,912810TX6,TSRYS5743665,D,B,C,2024-04-29,1000000.00,4.757618,91.953125
08:02:02,912810TX6,TSRYS5743665,D,B,C,2024-04-29,1000000.00,4.756571,91.96875
08:02:02,912810TX6,TSRYS5743665,D,S,C,2024-04-29,1000000.00,4.756571,91.96875
08:02:02,912810TX6,TSRYS5743665,D,S,C,2024-04-29,1000000.00,4.755524,91.984375
08:02:02,912810TX6,TSRYS5743665,D,S,C,2024-04-29,1000000.00,4.755524,91.984375
08:02:02,912810TX6,TSRYS5743665,D,B,C,2024-04-29,1000000.00,4.755524,91.984375
08:02:02,912810TX6,TSRYS5743665,D,S,C,2024-04-29,1000000.00,4.755524,91.984375
08:02:02,912810TX6,TSRYS5743665,D,S,C,2024-04-29,1000000.00,4.755524,91.984375
08:02:03,912810TX6,TSRYS5743665,D,S,C,2024-04-29,1000000.00,4.75343,92.015625
08:02:03,912810TX6,TSRYS5743665,D,B,C,2024-04-29,1000000.00,4.75343,92.015625
08:02:03,912810TX6,TSRYS5743665,D,S,C,2024-04-29,1000000.00,4.752384,92.03125
08:02:03,912810TX6,TSRYS5743665,D,B,C,2024-04-29,1000000.00,4.752396,92.031075
08:02:03,912810TX6,TSRYS5743665,D,B,C,2024-04-29,1000000.00,4.752399,92.031023
08:02:03,912810TX6,TSRYS5743665,D,S,C,2024-04-29,1000000.00,4.752384,92.03125
08:02:03,912810TX6,TSRYS5743665,D,B,C,2024-04-29,1000000.00,4.752399,92.031023
08:02:03,912810TX6,TSRYS5743665,D,B,C,2024-04-29,1000000.00,4.752399,92.031023
08:02:03,912810TX6,TSRYS5743665,D,S,C,2024-04-29,1000000.00,4.752367,92.0315
08:02:03,912810TX6,TSRYS5743665,D,S,D,2024-04-29,1000000.00,4.752384,92.03125
08:02:03,912810TX6,TSRYS5743665,D,S,D,2024-04-29,1500000.00,4.735677,92.28125
08:02:03,912810TX6,TSRYS5743665,D,S,T,2024-04-29,2000000.00,4.734635,92.296875
08:02:03,912810TX6,TSRYS5743665,D,S,T,2024-04-29,1000000.00,4.736719,92.265625
08:02:03,912810TX6,TSRYS5743665,D,S,T,2024-04-29,1000000.00,4.736719,92.265625
08:02:03,912810TX6,TSRYS5743665,D,S,T,2024-04-29,1000000.00,4.734635,92.296875
08:02:03,912810TX6,TSRYS5743665,D,S,C,2024-04-29,1000000.00,4.750292,92.0625
08:02:03,912810TX6,TSRYS5743665,D,B,C,2024-04-29,1000000.00,4.750292,92.0625
08:02:04,912810TX6,TSRYS5743665,D,S,D,2024-04-29,1000000.00,4.753421,92.015755
08:02:04,912810TX6,TSRYS5743665,D,S,D,2024-04-29,1000000.00,4.752375,92.03138
08:02:04,912810TX6,TSRYS5743665,D,B,C,2024-04-29,1000000.00,4.75343,92.015625
08:02:04,912810TX6,TSRYS5743665,D,B,C,2024-04-29,1000000.00,4.752401,92.031
08:02:04,912810TX6,TSRYS5743665,D,B,C,2024-04-29,1000000.00,4.754497,91.9997
08:02:04,912810TX6,TSRYS5743665,D,S,D,2024-04-29,1000000.00,4.754468,92.00013
08:02:04,912810TX6,TSRYS5743665,D,B,C,2024-04-29,1000000.00,4.754497,91.9997
08:02:04,912810TX6,TSRYS5743665,D,S,C,2024-04-29,1000000.00,4.75446,92.00025
08:02:04,912810TX6,TSRYS5743665,D,B,C,2024-04-29,2000000.00,4.75449,91.999798
08:02:04,912810TX6,TSRYS5743665,D,S,C,2024-04-29,2000000.00,4.754477,92.0
08:02:04,912810TX6,TSRYS5743665,D,S,C,2024-04-29,1000000.00,4.754477,92.0
08:02:04,912810TX6,TSRYS5743665,D,B,C,2024-04-29,1000000.00,4.754477,92.0
08:02:04,912810TX6,TSRYS5743665,D,B,C,2024-04-29,1000000.00,4.755544,91.984075
08:02:04,912810TX6,TSRYS5743665,D,B,C,2024-04-29,1000000.00,4.75554,91.984125
08:02:04,912810TX6,TSRYS5743665,D,S,D,2024-04-29,1000000.00,4.755524,91.984375
08:02:04,912810TX6,TSRYS5743665,D,S,D,2024-04-29,1000000.00,4.755524,91.984375
08:02:04,912810TX6,TSRYS5743665,D,S,T,2024-04-29,1000000.00,4.735677,92.28125
08:02:04,912810TX6,TSRYS5743665,D,S,D,2024-04-29,1000000.00,4.754477,92.0
08:02:04,912810TX6,TSRYS5743665,D,S,D,2024-04-29,1000000.00,4.754477,92.0
08:02:04,912810TX6,TSRYS5743665,D,B,C,2024-04-29,1000000.00,4.754477,92.0
08:02:04,912810TX6,TSRYS5743665,D,B,C,2024-04-29,1000000.00,4.755544,91.984075
08:02:04,912810TX6,TSRYS5743665,D,S,C,2024-04-29,1000000.00,4.755507,91.984625
08:02:04,912810TX6,TSRYS5743665,D,B,C,2024-04-29,1000000.00,4.754477,92.0
08:02:05,912810TX6,TSRYS5743665,D,S,C,2024-04-29,1000000.00,4.75343,92.015625
08:02:05,912810TX6,TSRYS5743665,D,S,C,2024-04-29,1000000.00,4.75343,92.015625
08:02:05,912810TX6,TSRYS5743665,D,S,C,2024-04-29,1000000.00,4.75343,92.015625
08:02:05,912810TX6,TSRYS5743665,D,B,C,2024-04-29,1000000.00,4.751338,92.046875
08:02:05,912810TX6,TSRYS5743665,D,S,C,2024-04-29,1000000.00,4.751323,92.0471
08:02:05,912810TX6,TSRYS5743665,D,B,C,2024-04-29,1000000.00,4.751338,92.046875
08:02:05,912810TX6,TSRYS5743665,D,S,C,2024-04-29,1000000.00,4.751338,92.046875
08:02:06,912810TX6,TSRYS5743665,D,S,D,2024-04-29,250000.00,4.729429,92.375
08:02:06,912810TX6,TSRYS5743665,D,S,D,2024-04-29,250000.00,4.729429,92.375
08:02:06,912810TX6,TSRYS5743665,D,S,D,2024-04-29,1000000.00,4.738805,92.234375
08:02:06,912810TX6,TSRYS5743665,D,B,C,2024-04-29,1000000.00,4.738805,92.234375
08:02:06,912810TX6,TSRYS5743665,D,S,D,2024-04-29,1000000.00,4.739587,92.22265625
08:02:06,912810TX6,TSRYS5743665,D,S,D,2024-04-29,1000000.00,4.739848,92.21875
08:02:06,912810TX6,TSRYS5743665,D,B,C,2024-04-29,1000000.00,4.739848,92.21875
08:02:06,912810TX6,TSRYS5743665,D,S,D,2024-04-29,1000000.00,4.739848,92.21875
08:02:06,912810TX6,TSRYS5743665,D,B,C,2024-04-29,1000000.00,4.739848,92.21875
08:02:06,912810TX6,TSRYS5743665,D,S,D,2024-04-29,1000000.00,4.739848,92.21875
08:02:06,912810TX6,TSRYS5743665,D,B,C,2024-04-29,1000000.00,4.739848,92.21875
08:02:06,912810TX6,TSRYS5743665,D,S,T,2024-04-29,1000000.00,4.729444,92.374773
08:02:06,912810TX6,TSRYS5743665,D,S,D,2024-04-29,1000000.00,4.739065,92.23046875
08:02:06,912810TX6,TSRYS5743665,D,S,D,2024-04-29,1000000.00,4.739065,92.23046875
08:02:06,912810TX6,TSRYS5743665,D,S,D,2024-04-29,1000000.00,4.739456,92.224609375
08:02:06,912810TX6,TSRYS5743665,D,S,D,2024-04-29,1000000.00,4.739456,92.224609375
08:02:07,912810TX6,TSRYS5743665,D,S,T,2024-04-29,1000000.00,4.734635,92.296875
08:02:07,912810TX6,TSRYS5743665,D,S,D,2024-04-29,250000.00,4.732031,92.3359375
08:02:08,912810TX6,TSRYS5743665,D,S,T,2024-04-29,1000000.00,4.736719,92.265625
08:02:11,912810TX6,TSRYS5743665,D,B,C,2024-04-29,12000000.00,4.735951,92.27714375
08:02:12,912810TX6,TSRYS5743665,D,S,C,2024-04-29,1000000.00,4.736719,92.265625
08:02:12,912810TX6,TSRYS5743665,D,B,C,2024-04-29,1000000.00,4.736719,92.265625
08:02:15,912810TX6,TSRYS5743665,D,S,T,2024-04-29,1000000.00,4.739854,92.21865
08:02:15,912810TX6,TSRYS5743665,D,S,T,2024-04-29,1000000.00,4.739854,92.21865
08:02:15,912810TX6,TSRYS5743665,D,S,D,2024-04-29,1000000.00,4.741282,92.197265625
08:02:15,912810TX6,TSRYS5743665,D,S,T,2024-04-29,1000000.00,4.739848,92.21875
08:02:15,912810TX6,TSRYS5743665,D,S,D,2024-04-29,1000000.00,4.741282,92.197265625
08:02:15,912810TX6,TSRYS5743665,D,S,T,2024-04-29,1000000.00,4.739848,92.21875
08:02:16,912810TX6,TSRYS5743665,D,S,A,2024-04-29,1000000.00,4.730209,92.36328125
08:02:16,912810TX6,TSRYS5743665,D,S,D,2024-04-29,1000000.00,4.740891,92.203125
08:02:16,912810TX6,TSRYS5743665,D,S,T,2024-04-29,1000000.00,4.739848,92.21875
08:02:16,912810TX6,TSRYS5743665,D,S,D,2024-04-29,1000000.00,4.740891,92.203125
08:02:16,912810TX6,TSRYS5743665,D,S,D,2024-04-29,1000000.00,4.739848,92.21875
08:02:16,912810TX6,TSRYS5743665,D,S,D,2024-04-29,1000000.00,4.740891,92.203125
08:02:16,912810TX6,TSRYS5743665,D,S,T,2024-04-29,1000000.00,4.738805,92.234375
08:02:18,912810TX6,TSRYS5743665,D,S,T,2024-04-29,1000000.00,4.735677,92.28125
08:02:20,912810TX6,TSRYS5743665,D,S,T,2024-04-29,1000000.00,4.73151,92.34375
08:02:20,912810TX6,TSRYS5743665,D,S,D,2024-04-29,1000000.00,4.740369,92.2109375
08:02:20,912810TX6,TSRYS5743665,D,S,D,2024-04-29,1000000.00,4.739456,92.224609375
08:02:20,912810TX6,TSRYS5743665,D,B,C,2024-04-29,1000000.00,4.739456,92.224609375
08:02:20,912810TX6,TSRYS5743665,D,S,D,2024-04-29,1000000.00,4.739456,92.224609375
08:02:20,912810TX6,TSRYS5743665,D,B,C,2024-04-29,1000000.00,4.739456,92.224609375
08:02:20,912810TX6,TSRYS5743665,D,S,T,2024-04-29,1000000.00,4.73151,92.34375
08:02:20,912810TX6,TSRYS5743665,D,S,D,2024-04-29,1000000.00,4.752384,92.03125
08:02:20,912810TX6,TSRYS5743665,D,S,C,2024-04-29,1000000.00,4.75237,92.03145
08:02:21,912810TX6,TSRYS5743665,D,S,D,2024-04-29,1000000.00,4.739196,92.228515625
08:02:21,912810TX6,TSRYS5743665,D,B,C,2024-04-29,1000000.00,4.737501,92.25390625
08:02:21,912810TX6,TSRYS5743665,D,S,D,2024-04-29,1000000.00,4.737501,92.25390625
08:02:21,912810TX6,TSRYS5743665,D,S,D,2024-04-29,1000000.00,4.737892,92.248046875
08:02:21,912810TX6,TSRYS5743665,D,S,D,2024-04-29,1000000.00,4.738153,92.244140625
08:02:21,912810TX6,TSRYS5743665,D,B,C,2024-04-29,1000000.00,4.752391,92.03115
08:02:21,912810TX6,TSRYS5743665,D,S,C,2024-04-29,1000000.00,4.752369,92.031475
08:02:21,912810TX6,TSRYS5743665,D,S,D,2024-04-29,1000000.00,4.741673,92.19140625
08:02:21,912810TX6,TSRYS5743665,D,S,D,2024-04-29,1000000.00,4.738153,92.244140625
08:02:21,912810TX6,TSRYS5743665,D,B,C,2024-04-29,1000000.00,4.738153,92.244140625
08:02:21,912810TX6,TSRYS5743665,D,S,D,2024-04-29,1000000.00,4.738153,92.244140625
08:02:22,912810TX6,TSRYS5743665,D,S,D,2024-04-29,1000000.00,4.752384,92.03125
08:02:22,912810TX6,TSRYS5743665,D,S,T,2024-04-29,1000000.00,4.732572,92.327825
08:02:22,912810TX6,TSRYS5743665,D,S,D,2024-04-29,1000000.00,4.732812,92.32421875
08:02:22,912810TX6,TSRYS5743665,D,S,C,2024-04-29,1000000.00,4.739717,92.220703125
08:02:22,912810TX6,TSRYS5743665,D,S,D,2024-04-29,1000000.00,4.732812,92.32421875
08:02:22,912810TX6,TSRYS5743665,D,B,C,2024-04-29,1000000.00,4.739326,92.2265625
08:02:22,912810TX6,TSRYS5743665,D,S,D,2024-04-29,1000000.00,4.739326,92.2265625
08:02:23,912810TX6,TSRYS5743665,D,S,D,2024-04-29,1000000.00,4.738022,92.24609375
08:02:23,912810TX6,TSRYS5743665,D,B,C,2024-04-29,1000000.00,4.736719,92.265625
08:02:23,912810TX6,TSRYS5743665,D,S,D,2024-04-29,1000000.00,4.736719,92.265625
08:02:23,912810TX6,TSRYS5743665,D,B,C,2024-04-29,1000000.00,4.752384,92.03125
08:02:23,912810TX6,TSRYS5743665,D,S,C,2024-04-29,1000000.00,4.752384,92.03125
08:02:24,912810TX6,TSRYS5743665,D,S,C,2024-04-29,1000000.00,4.75342,92.015777
08:02:24,912810TX6,TSRYS5743665,D,S,C,2024-04-29,1000000.00,4.75343,92.015625
08:02:24,912810TX6,TSRYS5743665,D,S,D,2024-04-29,1000000.00,4.736328,92.271484375
08:02:24,912810TX6,TSRYS5743665,D,B,C,2024-04-29,1000000.00,4.736328,92.271484375
08:02:24,912810TX6,TSRYS5743665,D,B,C,2024-04-29,1000000.00,4.753444,92.015425
08:02:24,912810TX6,TSRYS5743665,D,S,C,2024-04-29,1000000.00,4.75342,92.015777
08:02:24,912810TX6,TSRYS5743665,D,S,D,2024-04-29,1000000.00,4.732812,92.32421875
08:02:24,912810TX6,TSRYS5743665,D,S,C,2024-04-29,1000000.00,4.75343,92.015625
08:02:24,912810TX6,TSRYS5743665,D,S,C,2024-04-29,1000000.00,4.75342,92.015777
08:02:24,912810TX6,TSRYS5743665,D,S,C,2024-04-29,1000000.00,4.736719,92.265625
08:02:25,912810TX6,TSRYS5743665,D,S,D,2024-04-29,1000000.00,4.738283,92.2421875
08:02:25,912810TX6,TSRYS5743665,D,S,D,2024-04-29,1000000.00,4.737762,92.25
08:02:26,912810TX6,TSRYS5743665,D,B,C,2024-04-29,1000000.00,4.75553,91.984275
08:02:26,912810TX6,TSRYS5743665,D,S,D,2024-04-29,1000000.00,4.755524,91.984375
08:02:26,912810TX6,TSRYS5743665,D,S,C,2024-04-29,1000000.00,4.754477,92.0
08:02:26,912810TX6,TSRYS5743665,D,S,D,2024-04-29,1000000.00,4.754477,92.0
08:02:26,912810TX6,TSRYS5743665,D,B,C,2024-04-29,1000000.00,4.754487,91.999848
08:02:26,912810TX6,TSRYS5743665,D,B,C,2024-04-29,1000000.00,4.754487,91.999848
08:02:26,912810TX6,TSRYS5743665,D,S,D,2024-04-29,1000000.00,4.732552,92.328125
08:02:27,912810TX6,TSRYS5743665,D,S,D,2024-04-29,1500000.00,4.734114,92.3046875
08:02:27,912810TX6,TSRYS5743665,D,S,T,2024-04-29,1000000.00,4.734635,92.296875
08:02:27,912810TX6,TSRYS5743665,D,S,D,2024-04-29,1000000.00,4.756571,91.96875
08:02:27,912810TX6,TSRYS5743665,D,B,C,2024-04-29,1000000.00,4.756591,91.96845
08:02:28,912810TX6,TSRYS5743665,D,B,C,2024-04-29,1000000.00,4.756591,91.96845
08:02:28,912810TX6,TSRYS5743665,D,S,D,2024-04-29,1000000.00,4.756571,91.96875
08:02:28,912810TX6,TSRYS5743665,D,B,C,2024-04-29,1000000.00,4.756571,91.96875
08:02:28,912810TX6,TSRYS5743665,D,S,C,2024-04-29,1000000.00,4.756571,91.96875
08:02:28,912810TX6,TSRYS5743665,D,S,D,2024-04-29,1000000.00,4.755524,91.984375
08:02:28,912810TX6,TSRYS5743665,D,B,C,2024-04-29,1000000.00,4.755524,91.984375
08:02:28,912810TX6,TSRYS5743665,D,B,C,2024-04-29,1000000.00,4.755537,91.984175
08:02:28,912810TX6,TSRYS5743665,D,S,D,2024-04-29,1000000.00,4.755524,91.984375
08:02:28,912810TX6,TSRYS5743665,D,B,C,2024-04-29,1000000.00,4.755524,91.984375
08:02:28,912810TX6,TSRYS5743665,D,B,C,2024-04-29,1000000.00,4.755524,91.984375
08:02:28,912810TX6,TSRYS5743665,D,B,C,2024-04-29,1000000.00,4.755524,91.984375
08:02:28,912810TX6,TSRYS5743665,D,B,C,2024-04-29,1000000.00,4.755524,91.984375
08:02:28,912810TX6,TSRYS5743665,D,S,D,2024-04-29,1000000.00,4.755524,91.984375
08:02:28,912810TX6,TSRYS5743665,D,S,D,2024-04-29,1000000.00,4.755524,91.984375
08:02:28,912810TX6,TSRYS5743665,D,S,D,2024-04-29,1000000.00,4.755524,91.984375
08:02:28,912810TX6,TSRYS5743665,D,S,D,2024-04-29,1000000.00,4.755524,91.984375
08:02:28,912810TX6,TSRYS5743665,D,S,D,2024-04-29,1000000.00,4.755524,91.984375
08:02:28,912810TX6,TSRYS5743665,D,S,D,2024-04-29,1000000.00,4.755524,91.984375
08:02:28,912810TX6,TSRYS5743665,D,B,C,2024-04-29,1000000.00,4.755524,91.984375
08:02:28,912810TX6,TSRYS5743665,D,B,C,2024-04-29,1000000.00,4.755524,91.984375
08:02:28,912810TX6,TSRYS5743665,D,B,C,2024-04-29,1000000.00,4.75553,91.984275
08:02:28,912810TX6,TSRYS5743665,D,S,D,2024-04-29,1000000.00,4.755524,91.984375
08:02:28,912810TX6,TSRYS5743665,D,S,D,2024-04-29,1000000.00,4.755524,91.984375
08:02:29,912810TX6,TSRYS5743665,D,B,C,2024-04-29,1000000.00,4.755544,91.984075
08:02:29,912810TX6,TSRYS5743665,D,B,C,2024-04-29,1000000.00,4.735677,92.28125
08:02:29,912810TX6,TSRYS5743665,D,S,D,2024-04-29,1000000.00,4.735677,92.28125
08:02:29,912810TX6,TSRYS5743665,D,B,C,2024-04-29,1000000.00,4.735677,92.28125
08:02:29,912810TX6,TSRYS5743665,D,S,D,2024-04-29,1000000.00,4.735677,92.28125
08:02:30,912810TX6,TSRYS5743665,D,S,D,2024-04-29,1000000.00,4.755524,91.984375
08:02:30,912810TX6,TSRYS5743665,D,S,D,2024-04-29,7000000.00,4.736386,92.27062
08:02:30,912810TX6,TSRYS5743665,D,S,C,2024-04-29,28000000.00,4.735677,92.28125
08:02:31,912810TX6,TSRYS5743665,D,S,D,2024-04-29,200000.00,4.733072,92.3203125
08:02:31,912810TX6,TSRYS5743665,D,S,C,2024-04-29,1000000.00,4.754477,92.0
08:02:31,912810TX6,TSRYS5743665,D,B,C,2024-04-29,1000000.00,4.754489,91.999825
08:02:31,912810TX6,TSRYS5743665,D,S,C,2024-04-29,1000000.00,4.754477,92.0
08:02:31,912810TX6,TSRYS5743665,D,B,C,2024-04-29,1000000.00,4.754477,92.0
08:02:31,912810TX6,TSRYS5743665,D,B,C,2024-04-29,1000000.00,4.754489,91.999825
08:02:31,912810TX6,TSRYS5743665,D,B,C,2024-04-29,1000000.00,4.754489,91.999825
08:02:31,912810TX6,TSRYS5743665,D,S,C,2024-04-29,1000000.00,4.754477,92.0
08:02:31,912810TX6,TSRYS5743665,D,S,C,2024-04-29,1000000.00,4.754462,92.000225
08:02:31,912810TX6,TSRYS5743665,D,B,C,2024-04-29,1000000.00,4.754489,91.999825
08:02:31,912810TX6,TSRYS5743665,D,B,C,2024-04-29,1000000.00,4.754489,91.999825
08:02:31,912810TX6,TSRYS5743665,D,S,C,2024-04-29,1000000.00,4.754477,92.0
08:02:31,912810TX6,TSRYS5743665,D,S,C,2024-04-29,1000000.00,4.754462,92.000225
08:02:31,912810TX6,TSRYS5743665,D,B,C,2024-04-29,1000000.00,4.754483,91.9999
08:02:31,912810TX6,TSRYS5743665,D,S,C,2024-04-29,1000000.00,4.754477,92.0
08:02:31,912810TX6,TSRYS5743665,D,S,C,2024-04-29,1000000.00,4.755517,91.984475
08:02:31,912810TX6,TSRYS5743665,D,B,C,2024-04-29,1000000.00,4.755524,91.984375
08:02:31,912810TX6,TSRYS5743665,D,S,C,2024-04-29,1000000.00,4.755507,91.984625
08:02:31,912810TX6,TSRYS5743665,D,B,C,2024-04-29,1000000.00,4.755524,91.984375
08:02:31,912810TX6,TSRYS5743665,D,B,C,2024-04-29,1000000.00,4.754489,91.999825
08:02:31,912810TX6,TSRYS5743665,D,S,C,2024-04-29,1000000.00,4.754477,92.0
08:02:31,912810TX6,TSRYS5743665,D,S,C,2024-04-29,1000000.00,4.754477,92.0
08:02:31,912810TX6,TSRYS5743665,D,S,D,2024-04-29,1000000.00,4.754477,92.0
08:02:31,912810TX6,TSRYS5743665,D,B,C,2024-04-29,1000000.00,4.754489,91.999825
08:02:31,912810TX6,TSRYS5743665,D,S,C,2024-04-29,1000000.00,4.754477,92.0
08:02:31,912810TX6,TSRYS5743665,D,B,C,2024-04-29,1000000.00,4.754489,91.999825
08:02:31,912810TX6,TSRYS5743665,D,B,C,2024-04-29,1000000.00,4.754489,91.999825
08:02:31,912810TX6,TSRYS5743665,D,S,C,2024-04-29,1000000.00,4.754477,92.0
08:02:31,912810TX6,TSRYS5743665,D,B,C,2024-04-29,1000000.00,4.754489,91.999825
08:02:32,912810TX6,TSRYS5743665,D,S,C,2024-04-29,2000000.00,4.729949,92.3671875
08:02:32,912810TX6,TSRYS5743665,D,B,C,2024-04-29,1000000.00,4.75449,91.9998
08:02:32,912810TX6,TSRYS5743665,D,S,C,2024-04-29,1000000.00,4.754477,92.0
08:02:32,912810TX6,TSRYS5743665,D,S,T,2024-04-29,1000000.00,4.734635,92.296875
08:02:32,912810TX6,TSRYS5743665,D,S,T,2024-04-29,1000000.00,4.733593,92.3125
08:02:32,912810TX6,TSRYS5743665,D,B,C,2024-04-29,1000000.00,4.752384,92.03125
08:02:32,912810TX6,TSRYS5743665,D,S,D,2024-04-29,1000000.00,4.752384,92.03125
08:02:32,912810TX6,TSRYS5743665,D,B,C,2024-04-29,1000000.00,4.751338,92.046875
08:02:32,912810TX6,TSRYS5743665,D,S,C,2024-04-29,1000000.00,4.751338,92.046875
08:02:32,912810TX6,TSRYS5743665,D,B,C,2024-04-29,34000000.00,4.737762,92.25
08:02:32,912810TX6,TSRYS5743665,D,S,C,2024-04-29,1000000.00,4.750292,92.0625
08:02:32,912810TX6,TSRYS5743665,D,B,C,2024-04-29,1000000.00,4.750292,92.0625
08:02:33,912810TX6,TSRYS5743665,D,S,D,2024-04-29,1000000.00,4.735026,92.291015625
08:02:33,912810TX6,TSRYS5743665,D,B,C,2024-04-29,1000000.00,4.734635,92.296875
08:02:33,912810TX6,TSRYS5743665,D,S,D,2024-04-29,1000000.00,4.734635,92.296875
08:02:33,912810TX6,TSRYS5743665,D,S,D,2024-04-29,1000000.00,4.735026,92.291015625
08:02:33,912810TX6,TSRYS5743665,D,S,D,2024-04-29,1000000.00,4.734895,92.29296875
08:02:33,912810TX6,TSRYS5743665,D,S,D,2024-04-29,1000000.00,4.734895,92.29296875
08:02:33,912810TX6,TSRYS5743665,D,S,D,2024-04-29,1000000.00,4.734765,92.294921875
08:02:33,912810TX6,TSRYS5743665,D,S,C,2024-04-29,1000000.00,4.734895,92.29296875
08:02:33,912810TX6,TSRYS5743665,D,B,C,2024-04-29,1000000.00,4.748201,92.09375
08:02:33,912810TX6,TSRYS5743665,D,B,C,2024-04-29,1000000.00,4.748216,92.093523
08:02:33,912810TX6,TSRYS5743665,D,S,D,2024-04-29,1000000.00,4.748201,92.09375
08:02:33,912810TX6,TSRYS5743665,D,S,D,2024-04-29,1000000.00,4.748201,92.09375
08:02:33,912810TX6,TSRYS5743665,D,S,D,2024-04-29,2000000.00,4.748201,92.09375
08:02:33,912810TX6,TSRYS5743665,D,B,C,2024-04-29,1000000.00,4.748201,92.09375
08:02:33,912810TX6,TSRYS5743665,D,B,C,2024-04-29,2000000.00,4.748201,92.09375
08:02:33,912810TX6,TSRYS5743665,D,S,D,2024-04-29,1000000.00,4.748201,92.09375
08:02:33,912810TX6,TSRYS5743665,D,B,C,2024-04-29,2000000.00,4.748201,92.09375
08:02:33,912810TX6,TSRYS5743665,D,B,C,2024-04-29,1000000.00,4.748201,92.09375
08:02:33,912810TX6,TSRYS5743665,D,S,D,2024-04-29,1000000.00,4.748194,92.093852
08:02:33,912810TX6,TSRYS5743665,D,S,D,2024-04-29,2000000.00,4.748194,92.093852
08:02:33,912810TX6,TSRYS5743665,D,S,D,2024-04-29,1000000.00,4.748194,92.093852
08:02:33,912810TX6,TSRYS5743665,D,S,D,2024-04-29,1000000.00,4.749246,92.078125
08:02:33,912810TX6,TSRYS5743665,D,B,C,2024-04-29,1000000.00,4.749266,92.077825
08:02:33,912810TX6,TSRYS5743665,D,S,D,2024-04-29,1000000.00,4.749246,92.078125
08:02:33,912810TX6,TSRYS5743665,D,B,C,2024-04-29,1000000.00,4.752397,92.03105
08:02:33,912810TX6,TSRYS5743665,D,B,C,2024-04-29,1000000.00,4.752384,92.03125
08:02:34,912810TX6,TSRYS5743665,D,S,C,2024-04-29,1000000.00,4.752374,92.031402
08:02:34,912810TX6,TSRYS5743665,D,S,C,2024-04-29,1000000.00,4.752374,92.031402
08:02:34,912810TX6,TSRYS5743665,D,B,C,2024-04-29,1000000.00,4.751349,92.0467
08:02:34,912810TX6,TSRYS5743665,D,S,C,2024-04-29,1000000.00,4.751324,92.047075
08:02:34,912810TX6,TSRYS5743665,D,S,D,2024-04-29,1000000.00,4.749246,92.078125
08:02:35,912810TX6,TSRYS5743665,D,B,C,2024-04-29,1000000.00,4.75554,91.984125
08:02:35,912810TX6,TSRYS5743665,D,S,D,2024-04-29,1000000.00,4.755524,91.984375
08:02:36,912810TX6,TSRYS5743665,D,S,C,2024-04-29,1000000.00,4.751338,92.046875
08:02:36,912810TX6,TSRYS5743665,D,B,C,2024-04-29,1000000.00,4.751338,92.046875
08:02:37,912810TX6,TSRYS5743665,D,S,D,2024-04-29,1000000.00,4.751338,92.046875
08:02:37,912810TX6,TSRYS5743665,D,B,C,2024-04-29,1000000.00,4.751338,92.046875
08:02:37,912810TX6,TSRYS5743665,D,S,D,2024-04-29,1000000.00,4.751338,92.046875
08:02:38,912810TX6,TSRYS5743665,D,S,D,2024-04-29,1000000.00,4.748201,92.09375
08:02:38,912810TX6,TSRYS5743665,D,B,C,2024-04-29,1000000.00,4.748216,92.093523
08:02:39,912810TX6,TSRYS5743665,D,S,T,2024-04-29,1000000.00,4.731771,92.33984375
08:02:40,912810TX6,TSRYS5743665,D,S,C,2024-04-29,1000000.00,4.748201,92.09375
08:02:40,912810TX6,TSRYS5743665,D,B,C,2024-04-29,1000000.00,4.748221,92.09345
08:02:40,912810TX6,TSRYS5743665,D,B,C,2024-04-29,1000000.00,4.747156,92.109375
08:02:40,912810TX6,TSRYS5743665,D,S,C,2024-04-29,1000000.00,4.747141,92.1096
08:02:40,912810TX6,TSRYS5743665,D,B,C,2024-04-29,1000000.00,4.747156,92.109375
08:02:40,912810TX6,TSRYS5743665,D,S,C,2024-04-29,1000000.00,4.747141,92.1096
08:02:42,912810TX6,TSRYS5743665,D,S,C,2024-04-29,1000000.00,4.744022,92.15625
08:02:42,912810TX6,TSRYS5743665,D,B,C,2024-04-29,1000000.00,4.744029,92.15615
08:02:42,912810TX6,TSRYS5743665,D,S,C,2024-04-29,1000000.00,4.742978,92.171875
08:02:42,912810TX6,TSRYS5743665,D,S,D,2024-04-29,1000000.00,4.742978,92.171875
08:02:42,912810TX6,TSRYS5743665,D,S,D,2024-04-29,1000000.00,4.742978,92.171875
08:02:42,912810TX6,TSRYS5743665,D,B,C,2024-04-29,1000000.00,4.74299,92.1717
08:02:42,912810TX6,TSRYS5743665,D,B,C,2024-04-29,1000000.00,4.742995,92.171625
08:02:42,912810TX6,TSRYS5743665,D,B,C,2024-04-29,1000000.00,4.74299,92.1717
08:02:42,912810TX6,TSRYS5743665,D,S,C,2024-04-29,1000000.00,4.742978,92.171875
08:02:42,912810TX6,TSRYS5743665,D,S,C,2024-04-29,1000000.00,4.742978,92.171875
08:02:42,912810TX6,TSRYS5743665,D,B,C,2024-04-29,1000000.00,4.742985,92.171775
08:02:42,912810TX6,TSRYS5743665,D,S,C,2024-04-29,1000000.00,4.742978,92.171875
08:02:42,912810TX6,TSRYS5743665,D,B,C,2024-04-29,1000000.00,4.742992,92.171675
08:02:42,912810TX6,TSRYS5743665,D,S,D,2024-04-29,1000000.00,4.742978,92.171875
08:02:42,912810TX6,TSRYS5743665,D,B,C,2024-04-29,1000000.00,4.742978,92.171875
08:02:42,912810TX6,TSRYS5743665,D,B,C,2024-04-29,1000000.00,4.742978,92.171875
08:02:42,912810TX6,TSRYS5743665,D,S,D,2024-04-29,1000000.00,4.742978,92.171875
08:02:42,912810TX6,TSRYS5743665,D,S,D,2024-04-29,1000000.00,4.742978,92.171875
08:02:42,912810TX6,TSRYS5743665,D,B,C,2024-04-29,1000000.00,4.742978,92.171875
08:02:42,912810TX6,TSRYS5743665,D,S,D,2024-04-29,1000000.00,4.742978,92.171875
08:02:43,912810TX6,TSRYS5743665,D,S,C,2024-04-29,1000000.00,4.741918,92.18775
08:02:43,912810TX6,TSRYS5743665,D,B,C,2024-04-29,1000000.00,4.741934,92.1875
08:02:44,912810TX6,TSRYS5743665,D,S,C,2024-04-29,1000000.00,4.739841,92.21885
08:02:44,912810TX6,TSRYS5743665,D,B,C,2024-04-29,1000000.00,4.739848,92.21875
08:02:44,912810TX6,TSRYS5743665,D,B,C,2024-04-29,1000000.00,4.739863,92.218523
08:02:44,912810TX6,TSRYS5743665,D,S,D,2024-04-29,1000000.00,4.739841,92.218852
08:02:44,912810TX6,TSRYS5743665,D,B,C,2024-04-29,1000000.00,4.739863,92.218523
08:02:44,912810TX6,TSRYS5743665,D,S,D,2024-04-29,1000000.00,4.739848,92.21875
08:02:44,912810TX6,TSRYS5743665,D,S,C,2024-04-29,1000000.00,4.738805,92.234375
08:02:44,912810TX6,TSRYS5743665,D,B,C,2024-04-29,1000000.00,4.738805,92.234375
08:02:44,912810TX6,TSRYS5743665,D,S,C,2024-04-29,1000000.00,4.738788,92.234625
08:02:44,912810TX6,TSRYS5743665,D,B,C,2024-04-29,1000000.00,4.738805,92.234375
08:02:45,912810TX6,TSRYS5743665,D,B,C,2024-04-29,1000000.00,4.737762,92.25
08:02:45,912810TX6,TSRYS5743665,D,B,C,2024-04-29,1000000.00,4.737762,92.25
08:02:45,912810TX6,TSRYS5743665,D,S,D,2024-04-29,1000000.00,4.737762,92.25
08:02:45,912810TX6,TSRYS5743665,D,S,D,2024-04-29,1000000.00,4.737762,92.25
08:02:45,912810TX6,TSRYS5743665,D,S,D,2024-04-29,1000000.00,4.737762,92.25
08:02:45,912810TX6,TSRYS5743665,D,B,C,2024-04-29,1000000.00,4.737762,92.25
08:02:45,912810TX6,TSRYS5743665,D,B,C,2024-04-29,1000000.00,4.736719,92.265625
08:02:45,912810TX6,TSRYS5743665,D,S,C,2024-04-29,1000000.00,4.736719,92.265625
08:02:46,912810TX6,TSRYS5743665,D,B,C,2024-04-29,1000000.00,4.733613,92.3122
08:02:46,912810TX6,TSRYS5743665,D,S,C,2024-04-29,1000000.00,4.733593,92.3125
08:02:47,912810TX6,TSRYS5743665,D,B,C,2024-04-29,1000000.00,4.735677,92.28125
08:02:47,912810TX6,TSRYS5743665,D,B,C,2024-04-29,1000000.00,4.735677,92.28125
08:02:47,912810TX6,TSRYS5743665,D,S,D,2024-04-29,1000000.00,4.735677,92.28125
08:02:47,912810TX6,TSRYS5743665,D,S,D,2024-04-29,1000000.00,4.735677,92.28125
08:02:47,912810TX6,TSRYS5743665,D,B,C,2024-04-29,1000000.00,4.735677,92.28125
08:02:47,912810TX6,TSRYS5743665,D,S,C,2024-04-29,1000000.00,4.735677,92.28125
08:02:47,912810TX6,TSRYS5743665,D,S,D,2024-04-29,1000000.00,4.735677,92.28125
08:02:47,912810TX6,TSRYS5743665,D,S,D,2024-04-29,1000000.00,4.735677,92.28125
08:02:47,912810TX6,TSRYS5743665,D,B,C,2024-04-29,1000000.00,4.735677,92.28125
08:02:47,912810TX6,TSRYS5743665,D,S,D,2024-04-29,1000000.00,4.735677,92.28125
08:02:47,912810TX6,TSRYS5743665,D,B,C,2024-04-29,1000000.00,4.735677,92.28125
08:02:47,912810TX6,TSRYS5743665,D,S,D,2024-04-29,1000000.00,4.735677,92.28125
08:02:47,912810TX6,TSRYS5743665,D,B,C,2024-04-29,1000000.00,4.735677,92.28125
08:02:47,912810TX6,TSRYS5743665,D,S,D,2024-04-29,1000000.00,4.735677,92.28125
08:02:47,912810TX6,TSRYS5743665,D,B,C,2024-04-29,1000000.00,4.735677,92.28125
08:02:47,912810TX6,TSRYS5743665,D,S,D,2024-04-29,1000000.00,4.735677,92.28125
08:02:47,912810TX6,TSRYS5743665,D,B,C,2024-04-29,1000000.00,4.735677,92.28125
08:02:47,912810TX6,TSRYS5743665,D,S,D,2024-04-29,1000000.00,4.735677,92.28125
08:02:47,912810TX6,TSRYS5743665,D,B,C,2024-04-29,1000000.00,4.735677,92.28125
08:02:47,912810TX6,TSRYS5743665,D,S,D,2024-04-29,1000000.00,4.735677,92.28125
08:02:48,912810TX6,TSRYS5743665,D,S,C,2024-04-29,1000000.00,4.734635,92.296875
08:02:48,912810TX6,TSRYS5743665,D,B,C,2024-04-29,1000000.00,4.734635,92.296875
08:02:48,912810TX6,TSRYS5743665,D,S,C,2024-04-29,1000000.00,4.734635,92.296875
08:02:48,912810TX6,TSRYS5743665,D,B,C,2024-04-29,1000000.00,4.734635,92.296875
