tradeTime,cusip,issueSymbolIdentifier,priceType,reportingSideCode,contraPartyTypeCode,tradeDate,reportedTradeVolume,lastSaleYield,lastSalePrice
08:00:00,912810UC0,TSRYS5860825,D,S,T,2024-08-09,1000000.00,4.264965,99.748046875
08:00:03,912810UC0,TSRYS5860825,D,S,D,2024-08-09,1000000.00,4.2695,99.671875
08:00:03,912810UC0,TSRYS5860825,D,S,T,2024-08-09,1000000.00,4.2695,99.671875
08:00:03,912810UC0,TSRYS5860825,D,S,D,2024-08-09,1000000.00,4.2695,99.671875
08:00:03,912810UC0,TSRYS5860825,D,S,T,2024-08-09,1000000.00,4.267639,99.703125
08:00:03,912810UC0,TSRYS5860825,D,S,D,2024-08-09,1000000.00,4.267406,99.70703125
08:00:03,912810UC0,TSRYS5860825,D,S,D,2024-08-09,1000000.00,4.267406,99.70703125
08:00:03,912810UC0,TSRYS5860825,D,S,T,2024-08-09,1000000.00,4.26729,99.708984375
08:00:03,912810UC0,TSRYS5860825,D,S,T,2024-08-09,1000000.00,4.266709,99.71875
08:00:03,912810UC0,TSRYS5860825,D,S,T,2024-08-09,1000000.00,4.266709,99.71875
08:00:03,912810UC0,TSRYS5860825,D,S,T,2024-08-09,1000000.00,4.264152,99.76171875
08:00:03,912810UC0,TSRYS5860825,D,S,T,2024-08-09,1000000.00,4.264152,99.76171875
08:00:03,912810UC0,TSRYS5860825,D,S,T,2024-08-09,1000000.00,4.26543,99.740234375
08:00:03,912810UC0,TSRYS5860825,D,S,D,2024-08-09,1000000.00,4.267406,99.70703125
08:00:03,912810UC0,TSRYS5860825,D,S,T,2024-08-09,1000000.00,4.264616,99.75390625
08:00:03,912810UC0,TSRYS5860825,D,S,T,2024-08-09,1000000.00,4.264616,99.75390625
08:00:03,912810UC0,TSRYS5860825,D,S,D,2024-08-09,1000000.00,4.26822,99.693359375
08:00:03,912810UC0,TSRYS5860825,D,S,D,2024-08-09,1000000.00,4.266011,99.73046875
08:00:03,912810UC0,TSRYS5860825,D,S,T,2024-08-09,1000000.00,4.254287,99.927734375
08:00:03,912810UC0,TSRYS5860825,D,S,T,2024-08-09,1000000.00,4.254055,99.931640625
08:00:03,912810UC0,TSRYS5860825,D,S,D,2024-08-09,1000000.00,4.256954,99.8828125
08:00:03,912810UC0,TSRYS5860825,D,S,D,2024-08-09,1000000.00,4.256722,99.88671875
08:00:03,912810UC0,TSRYS5860825,D,S,D,2024-08-09,1000000.00,4.259506,99.83984375
08:00:03,912810UC0,TSRYS5860825,D,S,T,2024-08-09,1000000.00,4.256722,99.88671875
08:00:03,912810UC0,TSRYS5860825,D,S,T,2024-08-09,1000000.00,4.25707,99.880859375
08:00:03,912810UC0,TSRYS5860825,D,S,D,2024-08-09,1000000.00,4.25707,99.880859375
08:00:03,912810UC0,TSRYS5860825,D,S,D,2024-08-09,1000000.00,4.264152,99.76171875
08:00:03,912810UC0,TSRYS5860825,D,S,D,2024-08-09,1000000.00,4.262293,99.79296875
08:00:03,912810UC0,TSRYS5860825,D,S,T,2024-08-09,1000000.00,4.258578,99.85546875
08:00:03,912810UC0,TSRYS5860825,D,S,T,2024-08-09,1000000.00,4.258462,99.857421875
08:00:03,912810UC0,TSRYS5860825,D,S,T,2024-08-09,1000000.00,4.258462,99.857421875
08:00:03,912810UC0,TSRYS5860825,D,S,T,2024-08-09,1000000.00,4.258462,99.857421875
08:00:03,912810UC0,TSRYS5860825,D,S,T,2024-08-09,1000000.00,4.256374,99.892578125
08:00:03,912810UC0,TSRYS5860825,D,S,T,2024-08-09,1000000.00,4.255098,99.9140625
08:00:03,912810UC0,TSRYS5860825,D,S,D,2024-08-09,1000000.00,4.255794,99.90234375
08:00:03,912810UC0,TSRYS5860825,D,S,T,2024-08-09,1000000.00,4.248148,100.03125
08:00:03,912810UC0,TSRYS5860825,D,S,T,2024-08-09,1000000.00,4.252201,99.962890625
08:00:03,912810UC0,TSRYS5860825,D,S,T,2024-08-09,1000000.00,4.249421,100.009765625
08:00:03,912810UC0,TSRYS5860825,D,S,T,2024-08-09,1000000.00,4.248148,100.03125
08:00:03,912810UC0,TSRYS5860825,D,S,D,2024-08-09,1000000.00,4.247916,100.03515625
08:00:03,912810UC0,TSRYS5860825,D,S,D,2024-08-09,1000000.00,4.246296,100.0625
08:00:03,912810UC0,TSRYS5860825,D,S,D,2024-08-09,1000000.00,4.248842,100.01953125
08:00:03,912810UC0,TSRYS5860825,D,S,D,2024-08-09,1000000.00,4.240515,100.16015625
08:00:03,912810UC0,TSRYS5860825,D,S,T,2024-08-09,1000000.00,4.239937,100.169921875
08:00:03,912810UC0,TSRYS5860825,D,S,T,2024-08-09,1000000.00,4.239937,100.169921875
08:00:03,912810UC0,TSRYS5860825,D,S,D,2024-08-09,1000000.00,4.238205,100.19921875
08:00:05,912810UC0,TSRYS5860825,D,S,T,2024-08-09,1000000.00,4.25649,99.890625
08:00:05,912810UC0,TSRYS5860825,D,S,T,2024-08-09,1000000.00,4.25,100.0
08:00:05,912810UC0,TSRYS5860825,D,S,D,2024-08-09,37600000.00,4.27975,99.5
08:00:07,912810UC0,TSRYS5860825,D,S,T,2024-08-09,1000000.00,4.2695,99.671875
08:00:09,912810UC0,TSRYS5860825,D,S,A,2024-08-09,5500000.00,4.263919,99.765625
08:00:12,912810UC0,TSRYS5860825,D,S,A,2024-08-09,5000000.00,4.26299,99.78125
08:00:13,912810UC0,TSRYS5860825,D,S,D,2024-08-09,7000000.00,4.25765,99.87109375
08:00:13,912810UC0,TSRYS5860825,D,S,D,2024-08-09,14000000.00,4.254403,99.92578125
08:00:13,912810UC0,TSRYS5860825,D,S,D,2024-08-09,4000000.00,4.254635,99.921875
08:00:14,912810UC0,TSRYS5860825,D,S,D,2024-08-09,2000000.00,4.243751,100.10546875
08:00:14,912810UC0,TSRYS5860825,D,S,T,2024-08-09,1000000.00,4.266709,99.71875
08:00:14,912810UC0,TSRYS5860825,D,S,T,2024-08-09,1000000.00,4.268569,99.6875
08:00:14,912810UC0,TSRYS5860825,D,S,T,2024-08-09,1000000.00,4.268569,99.6875
08:00:14,912810UC0,TSRYS5860825,D,S,D,2024-08-09,1000000.00,4.268569,99.6875
08:00:14,912810UC0,TSRYS5860825,D,S,T,2024-08-09,1000000.00,4.268569,99.6875
08:00:14,912810UC0,TSRYS5860825,D,S,T,2024-08-09,1000000.00,4.268569,99.6875
08:00:14,912810UC0,TSRYS5860825,D,S,T,2024-08-09,1000000.00,4.266709,99.71875
08:00:14,912810UC0,TSRYS5860825,D,S,T,2024-08-09,1000000.00,4.266709,99.71875
08:00:14,912810UC0,TSRYS5860825,D,S,T,2024-08-09,1000000.00,4.266709,99.71875
08:00:14,912810UC0,TSRYS5860825,D,S,T,2024-08-09,1000000.00,4.267639,99.703125
08:00:14,912810UC0,TSRYS5860825,D,S,D,2024-08-09,1000000.00,4.266709,99.71875
08:00:14,912810UC0,TSRYS5860825,D,S,T,2024-08-09,1000000.00,4.265779,99.734375
08:00:14,912810UC0,TSRYS5860825,D,S,T,2024-08-09,1000000.00,4.260203,99.828125
08:00:14,912810UC0,TSRYS5860825,D,S,T,2024-08-09,1000000.00,4.262061,99.796875
08:00:14,912810UC0,TSRYS5860825,D,S,D,2024-08-09,1000000.00,4.257418,99.875
08:00:14,912810UC0,TSRYS5860825,D,S,T,2024-08-09,1000000.00,4.257418,99.875
08:00:14,912810UC0,TSRYS5860825,D,S,T,2024-08-09,1000000.00,4.257418,99.875
08:00:14,912810UC0,TSRYS5860825,D,S,T,2024-08-09,1000000.00,4.248148,100.03125
08:00:15,912810UC0,TSRYS5860825,D,S,T,2024-08-09,1000000.00,4.248148,100.03125
08:00:15,912810UC0,TSRYS5860825,D,S,T,2024-08-09,1000000.00,4.25,100.0
08:00:15,912810UC0,TSRYS5860825,D,S,T,2024-08-09,1000000.00,4.25,100.0
08:00:15,912810UC0,TSRYS5860825,D,S,T,2024-08-09,1000000.00,4.244445,100.09375
08:00:15,912810UC0,TSRYS5860825,D,S,T,2024-08-09,1000000.00,4.241208,100.1484375
08:00:15,912810UC0,TSRYS5860825,D,S,T,2024-08-09,1000000.00,4.239822,100.171875
08:00:15,912810UC0,TSRYS5860825,D,S,T,2024-08-09,1000000.00,4.239822,100.171875
08:00:15,912810UC0,TSRYS5860825,D,S,T,2024-08-09,1000000.00,4.239822,100.171875
08:00:15,912810UC0,TSRYS5860825,D,S,D,2024-08-09,1000000.00,4.235665,100.2421875
08:00:15,912810UC0,TSRYS5860825,D,S,T,2024-08-09,1000000.00,4.236127,100.234375
08:00:15,912810UC0,TSRYS5860825,D,S,T,2024-08-09,1000000.00,4.231513,100.3125
08:00:15,912810UC0,TSRYS5860825,D,S,T,2024-08-09,1000000.00,4.231974,100.3046875
08:00:15,912810UC0,TSRYS5860825,D,S,T,2024-08-09,1000000.00,4.231513,100.3125
08:00:15,912810UC0,TSRYS5860825,D,S,T,2024-08-09,1000000.00,4.227825,100.375
08:00:15,912810UC0,TSRYS5860825,D,S,T,2024-08-09,1000000.00,4.231513,100.3125
08:00:15,912810UC0,TSRYS5860825,D,S,T,2024-08-09,1000000.00,4.231513,100.3125
08:00:15,912810UC0,TSRYS5860825,D,S,T,2024-08-09,1000000.00,4.227825,100.375
08:00:15,912810UC0,TSRYS5860825,D,S,T,2024-08-09,1000000.00,4.231051,100.3203125
08:00:18,912810UC0,TSRYS5860825,D,S,D,2024-08-09,5999000.00,4.23936,100.1796875
08:00:18,912810UC0,TSRYS5860825,D,S,D,2024-08-09,1000000.00,4.240977,100.15234375
08:00:18,912810UC0,TSRYS5860825,D,S,D,2024-08-09,8000000.00,4.240746,100.15625
08:00:21,912810UC0,TSRYS5860825,D,S,D,2024-08-09,1000000.00,4.260203,99.828125
08:00:23,912810UC0,TSRYS5860825,D,S,D,2024-08-09,1000000.00,4.258114,99.86328125
08:00:24,912810UC0,TSRYS5860825,D,S,D,2024-08-09,1000000.00,4.263455,99.7734375
08:00:24,912810UC0,TSRYS5860825,D,S,D,2024-08-09,1000000.00,4.263222,99.77734375
08:00:24,912810UC0,TSRYS5860825,D,S,D,2024-08-09,1000000.00,4.256954,99.8828125
08:00:24,912810UC0,TSRYS5860825,D,S,D,2024-08-09,1000000.00,4.255562,99.90625
08:00:26,912810UC0,TSRYS5860825,D,S,T,2024-08-09,1000000.00,4.257882,99.8671875
08:00:26,912810UC0,TSRYS5860825,D,S,D,2024-08-09,1000000.00,4.258114,99.86328125
08:00:27,912810UC0,TSRYS5860825,D,S,T,2024-08-09,1000000.00,4.257882,99.8671875
08:00:28,912810UC0,TSRYS5860825,D,S,D,2024-08-09,1000000.00,4.228977,100.35546875
08:00:28,912810UC0,TSRYS5860825,D,S,D,2024-08-09,1000000.00,4.227825,100.375
08:00:28,912810UC0,TSRYS5860825,D,S,D,2024-08-09,1000000.00,4.227825,100.375
08:00:29,912810UC0,TSRYS5860825,D,S,D,2024-08-09,1000000.00,4.226903,100.390625
08:00:29,912810UC0,TSRYS5860825,D,S,D,2024-08-09,1000000.00,4.226903,100.390625
08:00:29,912810UC0,TSRYS5860825,D,S,D,2024-08-09,1000000.00,4.230014,100.337890625
08:00:30,912810UC0,TSRYS5860825,D,S,T,2024-08-09,1000000.00,4.271245,99.642578125
08:00:30,912810UC0,TSRYS5860825,D,S,T,2024-08-09,1000000.00,4.271245,99.642578125
08:00:30,912810UC0,TSRYS5860825,D,S,T,2024-08-09,1000000.00,4.271245,99.642578125
08:00:30,912810UC0,TSRYS5860825,D,S,T,2024-08-09,1000000.00,4.271245,99.642578125
08:00:30,912810UC0,TSRYS5860825,D,S,T,2024-08-09,1000000.00,4.267639,99.703125
08:00:30,912810UC0,TSRYS5860825,D,S,T,2024-08-09,1000000.00,4.267639,99.703125
08:00:30,912810UC0,TSRYS5860825,D,S,T,2024-08-09,1000000.00,4.267639,99.703125
08:00:30,912810UC0,TSRYS5860825,D,S,T,2024-08-09,1000000.00,4.2695,99.671875
08:00:30,912810UC0,TSRYS5860825,D,S,T,2024-08-09,1000000.00,4.2695,99.671875
08:00:30,912810UC0,TSRYS5860825,D,S,T,2024-08-09,1000000.00,4.2695,99.671875
08:00:30,912810UC0,TSRYS5860825,D,S,T,2024-08-09,1000000.00,4.2695,99.671875
08:00:30,912810UC0,TSRYS5860825,D,S,T,2024-08-09,1000000.00,4.268569,99.6875
08:00:30,912810UC0,TSRYS5860825,D,S,T,2024-08-09,1000000.00,4.268569,99.6875
08:00:30,912810UC0,TSRYS5860825,D,S,T,2024-08-09,1000000.00,4.269267,99.67578125
08:00:30,912810UC0,TSRYS5860825,D,S,T,2024-08-09,1000000.00,4.269267,99.67578125
08:00:30,912810UC0,TSRYS5860825,D,S,T,2024-08-09,1000000.00,4.268569,99.6875
08:00:30,912810UC0,TSRYS5860825,D,S,T,2024-08-09,1000000.00,4.267639,99.703125
08:00:30,912810UC0,TSRYS5860825,D,S,T,2024-08-09,1000000.00,4.266709,99.71875
08:00:30,912810UC0,TSRYS5860825,D,S,T,2024-08-09,1000000.00,4.264849,99.75
08:00:30,912810UC0,TSRYS5860825,D,S,T,2024-08-09,1000000.00,4.264849,99.75
08:00:30,912810UC0,TSRYS5860825,D,S,T,2024-08-09,1000000.00,4.264849,99.75
08:00:30,912810UC0,TSRYS5860825,D,S,T,2024-08-09,1000000.00,4.264849,99.75
08:00:30,912810UC0,TSRYS5860825,D,S,T,2024-08-09,1000000.00,4.266476,99.72265625
08:00:30,912810UC0,TSRYS5860825,D,S,T,2024-08-09,1000000.00,4.266709,99.71875
08:00:30,912810UC0,TSRYS5860825,D,S,T,2024-08-09,1000000.00,4.266709,99.71875
08:00:30,912810UC0,TSRYS5860825,D,S,T,2024-08-09,2000000.00,4.267639,99.703125
08:00:30,912810UC0,TSRYS5860825,D,S,T,2024-08-09,1000000.00,4.264849,99.75
08:00:30,912810UC0,TSRYS5860825,D,S,T,2024-08-09,1000000.00,4.263919,99.765625
08:00:30,912810UC0,TSRYS5860825,D,S,T,2024-08-09,1000000.00,4.263919,99.765625
08:00:30,912810UC0,TSRYS5860825,D,S,T,2024-08-09,9000000.00,4.263919,99.765625
08:00:30,912810UC0,TSRYS5860825,D,S,T,2024-08-09,1000000.00,4.263919,99.765625
08:00:30,912810UC0,TSRYS5860825,D,S,T,2024-08-09,1000000.00,4.264965,99.748046875
08:00:30,912810UC0,TSRYS5860825,D,S,T,2024-08-09,1000000.00,4.2645,99.755859375
08:00:30,912810UC0,TSRYS5860825,D,S,T,2024-08-09,2000000.00,4.265779,99.734375
08:00:30,912810UC0,TSRYS5860825,D,S,T,2024-08-09,1000000.00,4.265779,99.734375
08:00:30,912810UC0,TSRYS5860825,D,S,T,2024-08-09,2000000.00,4.265779,99.734375
08:00:30,912810UC0,TSRYS5860825,D,S,T,2024-08-09,1000000.00,4.265779,99.734375
08:00:30,912810UC0,TSRYS5860825,D,S,T,2024-08-09,1000000.00,4.265779,99.734375
08:00:30,912810UC0,TSRYS5860825,D,S,T,2024-08-09,1000000.00,4.266709,99.71875
08:00:30,912810UC0,TSRYS5860825,D,S,T,2024-08-09,1000000.00,4.265779,99.734375
08:00:30,912810UC0,TSRYS5860825,D,S,T,2024-08-09,1000000.00,4.265779,99.734375
08:00:30,912810UC0,TSRYS5860825,D,S,T,2024-08-09,1000000.00,4.25,100.0
08:00:30,912810UC0,TSRYS5860825,D,S,T,2024-08-09,1000000.00,4.239822,100.171875
08:00:30,912810UC0,TSRYS5860825,D,S,T,2024-08-09,1000000.00,4.267639,99.703125
08:00:30,912810UC0,TSRYS5860825,D,S,T,2024-08-09,1000000.00,4.267639,99.703125
08:00:30,912810UC0,TSRYS5860825,D,S,T,2024-08-09,1000000.00,4.267871,99.69921875
08:00:30,912810UC0,TSRYS5860825,D,S,D,2024-08-09,1000000.00,4.232896,100.2890625
08:00:30,912810UC0,TSRYS5860825,D,B,C,2024-08-09,1000000.00,4.232896,100.2890625
08:00:30,912810UC0,TSRYS5860825,D,S,T,2024-08-09,1000000.00,4.264965,99.748046875
08:00:30,912810UC0,TSRYS5860825,D,S,T,2024-08-09,1000000.00,4.263338,99.775390625
08:00:30,912810UC0,TSRYS5860825,D,S,T,2024-08-09,1000000.00,4.262061,99.796875
08:00:30,912810UC0,TSRYS5860825,D,S,T,2024-08-09,1000000.00,4.262293,99.79296875
08:00:30,912810UC0,TSRYS5860825,D,S,T,2024-08-09,1000000.00,4.262293,99.79296875
08:00:30,912810UC0,TSRYS5860825,D,S,T,2024-08-09,1000000.00,4.257882,99.8671875
08:00:30,912810UC0,TSRYS5860825,D,S,T,2024-08-09,1000000.00,4.257418,99.875
08:00:30,912810UC0,TSRYS5860825,D,S,T,2024-08-09,1000000.00,4.257418,99.875
08:00:30,912810UC0,TSRYS5860825,D,S,T,2024-08-09,1000000.00,4.257418,99.875
08:00:30,912810UC0,TSRYS5860825,D,S,T,2024-08-09,1000000.00,4.257418,99.875
08:00:30,912810UC0,TSRYS5860825,D,S,T,2024-08-09,1000000.00,4.257418,99.875
08:00:30,912810UC0,TSRYS5860825,D,S,T,2024-08-09,1000000.00,4.257418,99.875
08:00:30,912810UC0,TSRYS5860825,D,S,T,2024-08-09,1000000.00,4.256838,99.884765625
08:00:30,912810UC0,TSRYS5860825,D,S,T,2024-08-09,1000000.00,4.255562,99.90625
08:00:30,912810UC0,TSRYS5860825,D,S,T,2024-08-09,1000000.00,4.255562,99.90625
08:00:30,912810UC0,TSRYS5860825,D,S,T,2024-08-09,1000000.00,4.257418,99.875
08:00:30,912810UC0,TSRYS5860825,D,S,T,2024-08-09,1000000.00,4.257418,99.875
08:00:30,912810UC0,TSRYS5860825,D,S,T,2024-08-09,1000000.00,4.257418,99.875
08:00:31,912810UC0,TSRYS5860825,D,S,D,2024-08-09,1000000.00,4.249305,100.01171875
08:00:31,912810UC0,TSRYS5860825,D,S,T,2024-08-09,1000000.00,4.256374,99.892578125
08:00:31,912810UC0,TSRYS5860825,D,S,T,2024-08-09,1000000.00,4.25649,99.890625
08:00:31,912810UC0,TSRYS5860825,D,S,T,2024-08-09,1000000.00,4.259274,99.84375
08:00:31,912810UC0,TSRYS5860825,D,S,T,2024-08-09,1000000.00,4.259274,99.84375
08:00:31,912810UC0,TSRYS5860825,D,S,T,2024-08-09,1000000.00,4.262061,99.796875
08:00:31,912810UC0,TSRYS5860825,D,S,T,2024-08-09,1000000.00,4.262061,99.796875
08:00:31,912810UC0,TSRYS5860825,D,S,T,2024-08-09,1000000.00,4.261945,99.798828125
08:00:31,912810UC0,TSRYS5860825,D,S,T,2024-08-09,1000000.00,4.26148,99.806640625
08:00:31,912810UC0,TSRYS5860825,D,S,T,2024-08-09,1000000.00,4.25649,99.890625
08:00:31,912810UC0,TSRYS5860825,D,S,T,2024-08-09,1000000.00,4.239822,100.171875
08:00:31,912810UC0,TSRYS5860825,D,S,D,2024-08-09,1000000.00,4.240977,100.15234375
08:00:31,912810UC0,TSRYS5860825,D,S,T,2024-08-09,1000000.00,4.239822,100.171875
08:00:31,912810UC0,TSRYS5860825,D,S,T,2024-08-09,1000000.00,4.234281,100.265625
08:00:31,912810UC0,TSRYS5860825,D,S,T,2024-08-09,1000000.00,4.237974,100.203125
08:00:31,912810UC0,TSRYS5860825,D,S,D,2024-08-09,1000000.00,4.235204,100.25
08:00:31,912810UC0,TSRYS5860825,D,S,D,2024-08-09,1000000.00,4.230821,100.32421875
08:00:31,912810UC0,TSRYS5860825,D,S,T,2024-08-09,1000000.00,4.25649,99.890625
08:00:31,912810UC0,TSRYS5860825,D,S,T,2024-08-09,1000000.00,4.25649,99.890625
08:00:31,912810UC0,TSRYS5860825,D,S,T,2024-08-09,1000000.00,4.25649,99.890625
08:00:31,912810UC0,TSRYS5860825,D,S,T,2024-08-09,1000000.00,4.256954,99.8828125
08:00:31,912810UC0,TSRYS5860825,D,S,T,2024-08-09,1000000.00,4.255214,99.912109375
08:00:31,912810UC0,TSRYS5860825,D,S,T,2024-08-09,1000000.00,4.257418,99.875
08:00:31,912810UC0,TSRYS5860825,D,S,T,2024-08-09,1000000.00,4.257418,99.875
08:00:31,912810UC0,TSRYS5860825,D,S,T,2024-08-09,1000000.00,4.257418,99.875
08:00:31,912810UC0,TSRYS5860825,D,S,T,2024-08-09,1000000.00,4.257418,99.875
08:00:31,912810UC0,TSRYS5860825,D,S,T,2024-08-09,1000000.00,4.257302,99.876953125
08:00:31,912810UC0,TSRYS5860825,D,S,T,2024-08-09,6000000.00,4.257302,99.876953125
08:00:31,912810UC0,TSRYS5860825,D,S,T,2024-08-09,1000000.00,4.257302,99.876953125
08:00:31,912810UC0,TSRYS5860825,D,S,T,2024-08-09,1000000.00,4.257302,99.876953125
08:00:31,912810UC0,TSRYS5860825,D,S,T,2024-08-09,2000000.00,4.25823,99.861328125
08:00:31,912810UC0,TSRYS5860825,D,S,T,2024-08-09,2000000.00,4.25823,99.861328125
08:00:31,912810UC0,TSRYS5860825,D,S,T,2024-08-09,2000000.00,4.25823,99.861328125
08:00:31,912810UC0,TSRYS5860825,D,S,T,2024-08-09,2000000.00,4.25823,99.861328125
08:00:31,912810UC0,TSRYS5860825,D,S,T,2024-08-09,2000000.00,4.25823,99.861328125
08:00:31,912810UC0,TSRYS5860825,D,S,T,2024-08-09,1000000.00,4.258346,99.859375
08:00:31,912810UC0,TSRYS5860825,D,S,T,2024-08-09,1000000.00,4.263919,99.765625
08:00:31,912810UC0,TSRYS5860825,D,S,T,2024-08-09,1000000.00,4.26299,99.78125
08:00:31,912810UC0,TSRYS5860825,D,S,T,2024-08-09,1000000.00,4.264849,99.75
08:00:31,912810UC0,TSRYS5860825,D,S,T,2024-08-09,4000000.00,4.264849,99.75
08:00:31,912810UC0,TSRYS5860825,D,S,T,2024-08-09,1000000.00,4.264849,99.75
08:00:31,912810UC0,TSRYS5860825,D,S,T,2024-08-09,1000000.00,4.264849,99.75
08:00:31,912810UC0,TSRYS5860825,D,S,T,2024-08-09,1000000.00,4.264849,99.75
08:00:31,912810UC0,TSRYS5860825,D,S,T,2024-08-09,1000000.00,4.265779,99.734375
08:00:31,912810UC0,TSRYS5860825,D,S,T,2024-08-09,1000000.00,4.265779,99.734375
08:00:31,912810UC0,TSRYS5860825,D,S,T,2024-08-09,1000000.00,4.265779,99.734375
08:00:31,912810UC0,TSRYS5860825,D,S,T,2024-08-09,1000000.00,4.265779,99.734375
08:00:31,912810UC0,TSRYS5860825,D,S,T,2024-08-09,1000000.00,4.264849,99.75
08:00:31,912810UC0,TSRYS5860825,D,S,T,2024-08-09,1000000.00,4.264849,99.75
08:00:31,912810UC0,TSRYS5860825,D,S,T,2024-08-09,1000000.00,4.26299,99.78125
08:00:31,912810UC0,TSRYS5860825,D,S,T,2024-08-09,1000000.00,4.26299,99.78125
08:00:31,912810UC0,TSRYS5860825,D,S,T,2024-08-09,1000000.00,4.26299,99.78125
08:00:31,912810UC0,TSRYS5860825,D,S,T,2024-08-09,1000000.00,4.26299,99.78125
08:00:31,912810UC0,TSRYS5860825,D,S,T,2024-08-09,1000000.00,4.26299,99.78125
08:00:31,912810UC0,TSRYS5860825,D,S,T,2024-08-09,1000000.00,4.263919,99.765625
08:00:31,912810UC0,TSRYS5860825,D,S,T,2024-08-09,1000000.00,4.263338,99.775390625
08:00:31,912810UC0,TSRYS5860825,D,S,T,2024-08-09,1000000.00,4.263222,99.77734375
08:00:31,912810UC0,TSRYS5860825,D,S,T,2024-08-09,1000000.00,4.262061,99.796875
08:00:31,912810UC0,TSRYS5860825,D,S,T,2024-08-09,1000000.00,4.258346,99.859375
08:00:31,912810UC0,TSRYS5860825,D,S,T,2024-08-09,1000000.00,4.258346,99.859375
08:00:31,912810UC0,TSRYS5860825,D,S,T,2024-08-09,1000000.00,4.259274,99.84375
08:00:31,912810UC0,TSRYS5860825,D,S,T,2024-08-09,1000000.00,4.259274,99.84375
08:00:31,912810UC0,TSRYS5860825,D,S,T,2024-08-09,1000000.00,4.258346,99.859375
08:00:31,912810UC0,TSRYS5860825,D,S,T,2024-08-09,1000000.00,4.260203,99.828125
08:00:31,912810UC0,TSRYS5860825,D,S,T,2024-08-09,4000000.00,4.257882,99.8671875
08:00:31,912810UC0,TSRYS5860825,D,S,T,2024-08-09,2000000.00,4.257882,99.8671875
08:00:31,912810UC0,TSRYS5860825,D,S,T,2024-08-09,2000000.00,4.257882,99.8671875
08:00:31,912810UC0,TSRYS5860825,D,S,T,2024-08-09,4000000.00,4.257882,99.8671875
08:00:31,912810UC0,TSRYS5860825,D,S,T,2024-08-09,2000000.00,4.256374,99.892578125
08:00:31,912810UC0,TSRYS5860825,D,S,T,2024-08-09,1000000.00,4.25649,99.890625
08:00:31,912810UC0,TSRYS5860825,D,S,T,2024-08-09,3000000.00,4.256374,99.892578125
08:00:31,912810UC0,TSRYS5860825,D,S,T,2024-08-09,1000000.00,4.257882,99.8671875
08:00:31,912810UC0,TSRYS5860825,D,S,T,2024-08-09,1000000.00,4.257882,99.8671875
08:00:31,912810UC0,TSRYS5860825,D,S,T,2024-08-09,1000000.00,4.25649,99.890625
08:00:31,912810UC0,TSRYS5860825,D,S,T,2024-08-09,1000000.00,4.256374,99.892578125
08:00:31,912810UC0,TSRYS5860825,D,S,T,2024-08-09,1000000.00,4.256374,99.892578125
08:00:31,912810UC0,TSRYS5860825,D,S,T,2024-08-09,1000000.00,4.255562,99.90625
08:00:31,912810UC0,TSRYS5860825,D,S,T,2024-08-09,1000000.00,4.25533,99.91015625
08:00:31,912810UC0,TSRYS5860825,D,S,T,2024-08-09,1000000.00,4.255214,99.912109375
08:00:31,912810UC0,TSRYS5860825,D,S,T,2024-08-09,1000000.00,4.255098,99.9140625
08:00:31,912810UC0,TSRYS5860825,D,S,T,2024-08-09,1000000.00,4.254982,99.916015625
08:00:31,912810UC0,TSRYS5860825,D,S,T,2024-08-09,4000000.00,4.25336,99.943359375
08:00:31,912810UC0,TSRYS5860825,D,S,T,2024-08-09,1000000.00,4.254635,99.921875
08:00:31,912810UC0,TSRYS5860825,D,S,T,2024-08-09,1000000.00,4.25336,99.943359375
08:00:31,912810UC0,TSRYS5860825,D,S,T,2024-08-09,1000000.00,4.25336,99.943359375
08:00:31,912810UC0,TSRYS5860825,D,S,T,2024-08-09,1000000.00,4.25336,99.943359375
08:00:31,912810UC0,TSRYS5860825,D,S,T,2024-08-09,4000000.00,4.25533,99.91015625
08:00:31,912810UC0,TSRYS5860825,D,S,T,2024-08-09,1000000.00,4.255562,99.90625
08:00:31,912810UC0,TSRYS5860825,D,S,T,2024-08-09,1000000.00,4.255562,99.90625
08:00:31,912810UC0,TSRYS5860825,D,S,T,2024-08-09,1000000.00,4.255562,99.90625
08:00:31,912810UC0,TSRYS5860825,D,S,D,2024-08-09,1000000.00,4.256026,99.8984375
08:00:31,912810UC0,TSRYS5860825,D,S,D,2024-08-09,1000000.00,4.256026,99.8984375
08:00:31,912810UC0,TSRYS5860825,D,S,D,2024-08-09,1000000.00,4.256026,99.8984375
08:00:31,912810UC0,TSRYS5860825,D,S,T,2024-08-09,2000000.00,4.253823,99.935546875
08:00:31,912810UC0,TSRYS5860825,D,S,T,2024-08-09,2000000.00,4.253823,99.935546875
08:00:31,912810UC0,TSRYS5860825,D,S,T,2024-08-09,1000000.00,4.246296,100.0625
08:00:31,912810UC0,TSRYS5860825,D,S,T,2024-08-09,1000000.00,4.246296,100.0625
08:00:31,912810UC0,TSRYS5860825,D,S,T,2024-08-09,2000000.00,4.249305,100.01171875
08:00:31,912810UC0,TSRYS5860825,D,S,T,2024-08-09,1000000.00,4.25278,99.953125
08:00:31,912810UC0,TSRYS5860825,D,S,T,2024-08-09,1000000.00,4.253475,99.94140625
08:00:31,912810UC0,TSRYS5860825,D,S,T,2024-08-09,1000000.00,4.253939,99.93359375
08:00:31,912810UC0,TSRYS5860825,D,S,T,2024-08-09,1000000.00,4.254635,99.921875
08:00:31,912810UC0,TSRYS5860825,D,S,T,2024-08-09,1000000.00,4.254635,99.921875
08:00:31,912810UC0,TSRYS5860825,D,S,T,2024-08-09,1000000.00,4.254635,99.921875
08:00:31,912810UC0,TSRYS5860825,D,S,T,2024-08-09,1000000.00,4.254635,99.921875
08:00:31,912810UC0,TSRYS5860825,D,S,T,2024-08-09,3000000.00,4.254635,99.921875
08:00:31,912810UC0,TSRYS5860825,D,S,T,2024-08-09,1000000.00,4.254635,99.921875
08:00:31,912810UC0,TSRYS5860825,D,S,T,2024-08-09,1000000.00,4.255562,99.90625
08:00:31,912810UC0,TSRYS5860825,D,S,T,2024-08-09,1000000.00,4.250927,99.984375
08:00:31,912810UC0,TSRYS5860825,D,S,T,2024-08-09,1000000.00,4.247106,100.048828125
08:00:31,912810UC0,TSRYS5860825,D,S,T,2024-08-09,2000000.00,4.248032,100.033203125
08:00:31,912810UC0,TSRYS5860825,D,S,T,2024-08-09,1000000.00,4.248148,100.03125
08:00:31,912810UC0,TSRYS5860825,D,S,T,2024-08-09,1000000.00,4.248148,100.03125
08:00:31,912810UC0,TSRYS5860825,D,S,T,2024-08-09,1000000.00,4.25,100.0
08:00:31,912810UC0,TSRYS5860825,D,S,T,2024-08-09,1000000.00,4.25,100.0
08:00:31,912810UC0,TSRYS5860825,D,S,T,2024-08-09,1000000.00,4.25,100.0
08:00:31,912810UC0,TSRYS5860825,D,S,T,2024-08-09,1000000.00,4.25,100.0
08:00:31,912810UC0,TSRYS5860825,D,S,T,2024-08-09,1000000.00,4.25,100.0
08:00:31,912810UC0,TSRYS5860825,D,S,T,2024-08-09,1000000.00,4.250927,99.984375
08:00:31,912810UC0,TSRYS5860825,D,S,T,2024-08-09,1000000.00,4.251274,99.978515625
08:00:31,912810UC0,TSRYS5860825,D,S,T,2024-08-09,1000000.00,4.251274,99.978515625
08:00:31,912810UC0,TSRYS5860825,D,S,T,2024-08-09,1000000.00,4.25,100.0
08:00:31,912810UC0,TSRYS5860825,D,S,T,2024-08-09,1000000.00,4.249653,100.005859375
08:00:31,912810UC0,TSRYS5860825,D,S,T,2024-08-09,1000000.00,4.245371,100.078125
08:00:31,912810UC0,TSRYS5860825,D,S,T,2024-08-09,1000000.00,4.245371,100.078125
08:00:31,912810UC0,TSRYS5860825,D,S,T,2024-08-09,1000000.00,4.244445,100.09375
08:00:31,912810UC0,TSRYS5860825,D,S,T,2024-08-09,1000000.00,4.244445,100.09375
08:00:31,912810UC0,TSRYS5860825,D,S,T,2024-08-09,1000000.00,4.240746,100.15625
08:00:31,912810UC0,TSRYS5860825,D,S,T,2024-08-09,1000000.00,4.240746,100.15625
08:00:31,912810UC0,TSRYS5860825,D,S,T,2024-08-09,1000000.00,4.245371,100.078125
08:00:31,912810UC0,TSRYS5860825,D,S,T,2024-08-09,1000000.00,4.243636,100.107421875
08:00:31,912810UC0,TSRYS5860825,D,S,T,2024-08-09,1000000.00,4.242711,100.123046875
08:00:31,912810UC0,TSRYS5860825,D,S,T,2024-08-09,1000000.00,4.239822,100.171875
08:00:31,912810UC0,TSRYS5860825,D,S,T,2024-08-09,1000000.00,4.241671,100.140625
08:00:31,912810UC0,TSRYS5860825,D,S,T,2024-08-09,1000000.00,4.241671,100.140625
08:00:31,912810UC0,TSRYS5860825,D,S,T,2024-08-09,1000000.00,4.241671,100.140625
08:00:31,912810UC0,TSRYS5860825,D,S,T,2024-08-09,1000000.00,4.239822,100.171875
08:00:31,912810UC0,TSRYS5860825,D,S,T,2024-08-09,1000000.00,4.239822,100.171875
08:00:31,912810UC0,TSRYS5860825,D,S,T,2024-08-09,1000000.00,4.239822,100.171875
08:00:31,912810UC0,TSRYS5860825,D,S,T,2024-08-09,2000000.00,4.239822,100.171875
08:00:31,912810UC0,TSRYS5860825,D,S,T,2024-08-09,1000000.00,4.238898,100.1875
08:00:31,912810UC0,TSRYS5860825,D,S,T,2024-08-09,1000000.00,4.238898,100.1875
08:00:31,912810UC0,TSRYS5860825,D,S,T,2024-08-09,1000000.00,4.238898,100.1875
08:00:31,912810UC0,TSRYS5860825,D,S,T,2024-08-09,1000000.00,4.238898,100.1875
08:00:31,912810UC0,TSRYS5860825,D,S,T,2024-08-09,1000000.00,4.238898,100.1875
08:00:31,912810UC0,TSRYS5860825,D,S,T,2024-08-09,1000000.00,4.238898,100.1875
08:00:31,912810UC0,TSRYS5860825,D,S,T,2024-08-09,1000000.00,4.238898,100.1875
08:00:31,912810UC0,TSRYS5860825,D,S,T,2024-08-09,1000000.00,4.239822,100.171875
08:00:31,912810UC0,TSRYS5860825,D,S,T,2024-08-09,1000000.00,4.241671,100.140625
08:00:31,912810UC0,TSRYS5860825,D,S,T,2024-08-09,1000000.00,4.241671,100.140625
08:00:31,912810UC0,TSRYS5860825,D,S,T,2024-08-09,2000000.00,4.238898,100.1875
08:00:31,912810UC0,TSRYS5860825,D,S,T,2024-08-09,1000000.00,4.238898,100.1875
08:00:31,912810UC0,TSRYS5860825,D,S,T,2024-08-09,1000000.00,4.239822,100.171875
08:00:31,912810UC0,TSRYS5860825,D,S,T,2024-08-09,1000000.00,4.239822,100.171875
08:00:31,912810UC0,TSRYS5860825,D,S,T,2024-08-09,1000000.00,4.239822,100.171875
08:00:31,912810UC0,TSRYS5860825,D,S,T,2024-08-09,1000000.00,4.241671,100.140625
08:00:31,912810UC0,TSRYS5860825,D,S,T,2024-08-09,1000000.00,4.241671,100.140625
08:00:31,912810UC0,TSRYS5860825,D,S,T,2024-08-09,1000000.00,4.240168,100.166015625
08:00:31,912810UC0,TSRYS5860825,D,S,T,2024-08-09,1000000.00,4.240053,100.16796875
08:00:31,912810UC0,TSRYS5860825,D,S,T,2024-08-09,1000000.00,4.239937,100.169921875
08:00:31,912810UC0,TSRYS5860825,D,S,T,2024-08-09,1000000.00,4.239822,100.171875
08:00:31,912810UC0,TSRYS5860825,D,S,T,2024-08-09,1000000.00,4.238898,100.1875
08:00:31,912810UC0,TSRYS5860825,D,S,T,2024-08-09,1000000.00,4.238898,100.1875
08:00:31,912810UC0,TSRYS5860825,D,S,T,2024-08-09,1000000.00,4.238898,100.1875
08:00:31,912810UC0,TSRYS5860825,D,S,T,2024-08-09,1000000.00,4.238898,100.1875
08:00:31,912810UC0,TSRYS5860825,D,S,T,2024-08-09,1000000.00,4.239822,100.171875
08:00:31,912810UC0,TSRYS5860825,D,S,T,2024-08-09,1000000.00,4.239822,100.171875
08:00:31,912810UC0,TSRYS5860825,D,S,T,2024-08-09,1000000.00,4.239822,100.171875
08:00:31,912810UC0,TSRYS5860825,D,S,T,2024-08-09,1000000.00,4.239822,100.171875
08:00:31,912810UC0,TSRYS5860825,D,S,T,2024-08-09,1000000.00,4.235319,100.248046875
08:00:31,912810UC0,TSRYS5860825,D,S,T,2024-08-09,1000000.00,4.232435,100.296875
08:00:31,912810UC0,TSRYS5860825,D,S,T,2024-08-09,1000000.00,4.232435,100.296875
08:00:31,912810UC0,TSRYS5860825,D,S,T,2024-08-09,1000000.00,4.232435,100.296875
08:00:31,912810UC0,TSRYS5860825,D,S,T,2024-08-09,2000000.00,4.233358,100.28125
08:00:31,912810UC0,TSRYS5860825,D,S,T,2024-08-09,1000000.00,4.231628,100.310546875
08:00:31,912810UC0,TSRYS5860825,D,S,T,2024-08-09,1000000.00,4.231282,100.31640625
08:00:31,912810UC0,TSRYS5860825,D,S,T,2024-08-09,1000000.00,4.231397,100.314453125
08:00:31,912810UC0,TSRYS5860825,D,S,T,2024-08-09,1000000.00,4.23059,100.328125
08:00:31,912810UC0,TSRYS5860825,D,S,T,2024-08-09,1000000.00,4.228746,100.359375
08:00:31,912810UC0,TSRYS5860825,D,S,T,2024-08-09,1000000.00,4.228746,100.359375
08:00:31,912810UC0,TSRYS5860825,D,S,D,2024-08-09,1000000.00,4.228746,100.359375
08:00:31,912810UC0,TSRYS5860825,D,S,T,2024-08-09,1000000.00,4.229438,100.34765625
08:00:31,912810UC0,TSRYS5860825,D,S,T,2024-08-09,1000000.00,4.231513,100.3125
08:00:31,912810UC0,TSRYS5860825,D,S,T,2024-08-09,1000000.00,4.232435,100.296875
08:00:31,912810UC0,TSRYS5860825,D,S,T,2024-08-09,1000000.00,4.232435,100.296875
08:00:31,912810UC0,TSRYS5860825,D,S,T,2024-08-09,1000000.00,4.23232,100.298828125
08:00:31,912810UC0,TSRYS5860825,D,S,T,2024-08-09,1000000.00,4.232435,100.296875
08:00:31,912810UC0,TSRYS5860825,D,S,T,2024-08-09,2000000.00,4.233358,100.28125
08:00:31,912810UC0,TSRYS5860825,D,S,T,2024-08-09,1000000.00,4.233358,100.28125
08:00:31,912810UC0,TSRYS5860825,D,S,T,2024-08-09,1000000.00,4.233242,100.283203125
08:00:31,912810UC0,TSRYS5860825,D,S,T,2024-08-09,2000000.00,4.233358,100.28125
08:00:31,912810UC0,TSRYS5860825,D,S,T,2024-08-09,1000000.00,4.233358,100.28125
08:00:31,912810UC0,TSRYS5860825,D,S,T,2024-08-09,1000000.00,4.233358,100.28125
08:00:31,912810UC0,TSRYS5860825,D,S,T,2024-08-09,1000000.00,4.233358,100.28125
08:00:32,912810UC0,TSRYS5860825,D,S,T,2024-08-09,1000000.00,4.233934,100.271484375
08:00:32,912810UC0,TSRYS5860825,D,S,T,2024-08-09,1000000.00,4.233242,100.283203125
08:00:32,912810UC0,TSRYS5860825,D,S,T,2024-08-09,1000000.00,4.234281,100.265625
08:00:32,912810UC0,TSRYS5860825,D,S,T,2024-08-09,1000000.00,4.237974,100.203125
08:00:32,912810UC0,TSRYS5860825,D,S,T,2024-08-09,1000000.00,4.237974,100.203125
08:00:32,912810UC0,TSRYS5860825,D,S,T,2024-08-09,1000000.00,4.237974,100.203125
08:00:32,912810UC0,TSRYS5860825,D,S,T,2024-08-09,1000000.00,4.237974,100.203125
08:00:32,912810UC0,TSRYS5860825,D,S,T,2024-08-09,1000000.00,4.239129,100.18359375
08:00:32,912810UC0,TSRYS5860825,D,S,T,2024-08-09,1000000.00,4.239013,100.185546875
08:00:32,912810UC0,TSRYS5860825,D,S,T,2024-08-09,1000000.00,4.237974,100.203125
08:00:32,912810UC0,TSRYS5860825,D,S,T,2024-08-09,1000000.00,4.235204,100.25
08:00:32,912810UC0,TSRYS5860825,D,S,T,2024-08-09,1000000.00,4.233588,100.27734375
08:00:32,912810UC0,TSRYS5860825,D,S,T,2024-08-09,1000000.00,4.233473,100.279296875
08:00:32,912810UC0,TSRYS5860825,D,S,T,2024-08-09,1000000.00,4.233358,100.28125
08:00:32,912810UC0,TSRYS5860825,D,S,T,2024-08-09,1000000.00,4.233358,100.28125
08:00:32,912810UC0,TSRYS5860825,D,S,T,2024-08-09,1000000.00,4.233358,100.28125
08:00:32,912810UC0,TSRYS5860825,D,S,T,2024-08-09,1000000.00,4.233358,100.28125
08:00:32,912810UC0,TSRYS5860825,D,S,T,2024-08-09,1000000.00,4.233358,100.28125
08:00:32,912810UC0,TSRYS5860825,D,S,T,2024-08-09,1000000.00,4.233473,100.279296875
08:00:32,912810UC0,TSRYS5860825,D,S,T,2024-08-09,1000000.00,4.233588,100.27734375
08:00:32,912810UC0,TSRYS5860825,D,S,T,2024-08-09,2000000.00,4.233358,100.28125
08:00:32,912810UC0,TSRYS5860825,D,S,T,2024-08-09,1000000.00,4.233358,100.28125
08:00:32,912810UC0,TSRYS5860825,D,S,T,2024-08-09,1000000.00,4.233358,100.28125
08:00:32,912810UC0,TSRYS5860825,D,S,T,2024-08-09,1000000.00,4.233358,100.28125
08:00:32,912810UC0,TSRYS5860825,D,S,T,2024-08-09,1000000.00,4.233358,100.28125
08:00:32,912810UC0,TSRYS5860825,D,S,T,2024-08-09,1000000.00,4.23059,100.328125
08:00:32,912810UC0,TSRYS5860825,D,S,T,2024-08-09,1000000.00,4.228746,100.359375
08:00:32,912810UC0,TSRYS5860825,D,S,T,2024-08-09,1000000.00,4.228746,100.359375
08:00:32,912810UC0,TSRYS5860825,D,S,T,2024-08-09,1000000.00,4.228746,100.359375
08:00:32,912810UC0,TSRYS5860825,D,S,T,2024-08-09,1000000.00,4.226328,100.400390625
08:00:32,912810UC0,TSRYS5860825,D,S,T,2024-08-09,1000000.00,4.228746,100.359375
08:00:32,912810UC0,TSRYS5860825,D,S,T,2024-08-09,1000000.00,4.228746,100.359375
08:00:32,912810UC0,TSRYS5860825,D,S,T,2024-08-09,1000000.00,4.225407,100.416015625
08:00:32,912810UC0,TSRYS5860825,D,S,T,2024-08-09,1000000.00,4.225982,100.40625
08:00:32,912810UC0,TSRYS5860825,D,S,T,2024-08-09,1000000.00,4.226673,100.39453125
08:00:32,912810UC0,TSRYS5860825,D,S,T,2024-08-09,1000000.00,4.226673,100.39453125
08:00:32,912810UC0,TSRYS5860825,D,S,T,2024-08-09,1000000.00,4.226673,100.39453125
08:00:32,912810UC0,TSRYS5860825,D,S,T,2024-08-09,1000000.00,4.226673,100.39453125
08:00:32,912810UC0,TSRYS5860825,D,S,T,2024-08-09,1000000.00,4.226558,100.396484375
08:00:32,912810UC0,TSRYS5860825,D,S,T,2024-08-09,1000000.00,4.226097,100.404296875
08:00:32,912810UC0,TSRYS5860825,D,S,T,2024-08-09,1000000.00,4.226903,100.390625
08:00:32,912810UC0,TSRYS5860825,D,S,T,2024-08-09,1000000.00,4.227825,100.375
08:00:32,912810UC0,TSRYS5860825,D,S,T,2024-08-09,1000000.00,4.227825,100.375
08:00:32,912810UC0,TSRYS5860825,D,S,T,2024-08-09,1000000.00,4.226903,100.390625
08:00:32,912810UC0,TSRYS5860825,D,S,T,2024-08-09,1000000.00,4.226903,100.390625
08:00:32,912810UC0,TSRYS5860825,D,S,T,2024-08-09,1000000.00,4.226903,100.390625
08:00:32,912810UC0,TSRYS5860825,D,S,T,2024-08-09,2000000.00,4.227825,100.375
08:00:32,912810UC0,TSRYS5860825,D,S,T,2024-08-09,1000000.00,4.228746,100.359375
08:00:32,912810UC0,TSRYS5860825,D,S,T,2024-08-09,1000000.00,4.228746,100.359375
08:00:32,912810UC0,TSRYS5860825,D,S,T,2024-08-09,2000000.00,4.228746,100.359375
08:00:32,912810UC0,TSRYS5860825,D,S,T,2024-08-09,2000000.00,4.228746,100.359375
08:00:32,912810UC0,TSRYS5860825,D,S,T,2024-08-09,1000000.00,4.229668,100.34375
08:00:32,912810UC0,TSRYS5860825,D,S,T,2024-08-09,1000000.00,4.23059,100.328125
08:00:32,912810UC0,TSRYS5860825,D,S,D,2024-08-09,1000000.00,4.23059,100.328125
08:00:32,912810UC0,TSRYS5860825,D,S,D,2024-08-09,1000000.00,4.268569,99.6875
08:00:32,912810UC0,TSRYS5860825,D,S,D,2024-08-09,1000000.00,4.266941,99.71484375
08:00:32,912810UC0,TSRYS5860825,D,S,D,2024-08-09,1000000.00,4.266941,99.71484375
08:00:32,912810UC0,TSRYS5860825,D,S,D,2024-08-09,1000000.00,4.266941,99.71484375
08:00:32,912810UC0,TSRYS5860825,D,S,D,2024-08-09,1000000.00,4.265081,99.74609375
08:00:32,912810UC0,TSRYS5860825,D,S,D,2024-08-09,1000000.00,4.257418,99.875
08:00:32,912810UC0,TSRYS5860825,D,S,D,2024-08-09,1000000.00,4.257418,99.875
08:00:32,912810UC0,TSRYS5860825,D,S,D,2024-08-09,1000000.00,4.257186,99.87890625
08:00:32,912810UC0,TSRYS5860825,D,S,D,2024-08-09,1000000.00,4.26299,99.78125
08:00:32,912810UC0,TSRYS5860825,D,S,D,2024-08-09,1000000.00,4.263222,99.77734375
08:00:32,912810UC0,TSRYS5860825,D,S,D,2024-08-09,1000000.00,4.262293,99.79296875
08:00:32,912810UC0,TSRYS5860825,D,S,D,2024-08-09,1000000.00,4.250232,99.99609375
08:00:32,912810UC0,TSRYS5860825,D,S,D,2024-08-09,1000000.00,4.253244,99.9453125
08:00:32,912810UC0,TSRYS5860825,D,S,D,2024-08-09,1000000.00,4.248611,100.0234375
08:00:32,912810UC0,TSRYS5860825,D,S,D,2024-08-09,1000000.00,4.248148,100.03125
08:00:32,912810UC0,TSRYS5860825,D,S,D,2024-08-09,1000000.00,4.246296,100.0625
08:00:32,912810UC0,TSRYS5860825,D,S,D,2024-08-09,1000000.00,4.247916,100.03515625
08:00:32,912810UC0,TSRYS5860825,D,S,D,2024-08-09,1000000.00,4.247685,100.0390625
08:00:32,912810UC0,TSRYS5860825,D,S,D,2024-08-09,1000000.00,4.247916,100.03515625
08:00:32,912810UC0,TSRYS5860825,D,S,D,2024-08-09,1000000.00,4.249074,100.015625
08:00:32,912810UC0,TSRYS5860825,D,S,D,2024-08-09,1000000.00,4.249537,100.0078125
08:00:32,912810UC0,TSRYS5860825,D,S,D,2024-08-09,1000000.00,4.244445,100.09375
08:00:32,912810UC0,TSRYS5860825,D,S,D,2024-08-09,1000000.00,4.241902,100.13671875
08:00:32,912810UC0,TSRYS5860825,D,S,D,2024-08-09,1000000.00,4.239591,100.17578125
08:00:32,912810UC0,TSRYS5860825,D,S,D,2024-08-09,1000000.00,4.241208,100.1484375
08:00:32,912810UC0,TSRYS5860825,D,S,D,2024-08-09,1000000.00,4.241208,100.1484375
08:00:32,912810UC0,TSRYS5860825,D,S,D,2024-08-09,1000000.00,4.241439,100.14453125
08:00:32,912810UC0,TSRYS5860825,D,S,D,2024-08-09,1000000.00,4.241208,100.1484375
08:00:32,912810UC0,TSRYS5860825,D,S,D,2024-08-09,1000000.00,4.241208,100.1484375
08:00:32,912810UC0,TSRYS5860825,D,S,D,2024-08-09,1000000.00,4.238898,100.1875
08:00:32,912810UC0,TSRYS5860825,D,S,D,2024-08-09,1000000.00,4.235434,100.24609375
08:00:32,912810UC0,TSRYS5860825,D,S,D,2024-08-09,1000000.00,4.231282,100.31640625
08:00:32,912810UC0,TSRYS5860825,D,S,D,2024-08-09,1000000.00,4.228746,100.359375
08:00:32,912810UC0,TSRYS5860825,D,S,D,2024-08-09,1000000.00,4.234511,100.26171875
08:00:32,912810UC0,TSRYS5860825,D,S,D,2024-08-09,1000000.00,4.239129,100.18359375
08:00:32,912810UC0,TSRYS5860825,D,S,D,2024-08-09,1000000.00,4.238898,100.1875
08:00:32,912810UC0,TSRYS5860825,D,S,D,2024-08-09,1000000.00,4.232896,100.2890625
08:00:32,912810UC0,TSRYS5860825,D,S,D,2024-08-09,1000000.00,4.225752,100.41015625
08:00:32,912810UC0,TSRYS5860825,D,S,D,2024-08-09,1000000.00,4.225061,100.421875
08:00:32,912810UC0,TSRYS5860825,D,S,D,2024-08-09,1000000.00,4.228516,100.36328125
08:00:32,912810UC0,TSRYS5860825,D,S,D,2024-08-09,1000000.00,4.227594,100.37890625
08:00:32,912810UC0,TSRYS5860825,D,S,D,2024-08-09,1000000.00,4.267406,99.70703125
08:00:32,912810UC0,TSRYS5860825,D,S,D,2024-08-09,1000000.00,4.266941,99.71484375
08:00:32,912810UC0,TSRYS5860825,D,S,D,2024-08-09,1000000.00,4.266941,99.71484375
08:00:32,912810UC0,TSRYS5860825,D,S,D,2024-08-09,1000000.00,4.266941,99.71484375
08:00:32,912810UC0,TSRYS5860825,D,S,D,2024-08-09,1000000.00,4.266941,99.71484375
08:00:32,912810UC0,TSRYS5860825,D,S,D,2024-08-09,1000000.00,4.266825,99.716796875
08:00:32,912810UC0,TSRYS5860825,D,S,D,2024-08-09,1000000.00,4.266941,99.71484375
08:00:32,912810UC0,TSRYS5860825,D,S,D,2024-08-09,1000000.00,4.265314,99.7421875
08:00:32,912810UC0,TSRYS5860825,D,S,D,2024-08-09,1000000.00,4.263919,99.765625
08:00:32,912810UC0,TSRYS5860825,D,S,D,2024-08-09,1000000.00,4.258578,99.85546875
08:00:32,912810UC0,TSRYS5860825,D,S,D,2024-08-09,1000000.00,4.258578,99.85546875
08:00:32,912810UC0,TSRYS5860825,D,S,D,2024-08-09,1000000.00,4.258578,99.85546875
08:00:32,912810UC0,TSRYS5860825,D,S,D,2024-08-09,1000000.00,4.25881,99.8515625
08:00:32,912810UC0,TSRYS5860825,D,S,D,2024-08-09,1000000.00,4.25881,99.8515625
08:00:32,912810UC0,TSRYS5860825,D,S,D,2024-08-09,1000000.00,4.25591,99.900390625
08:00:32,912810UC0,TSRYS5860825,D,S,D,2024-08-09,1000000.00,4.262177,99.794921875
08:00:32,912810UC0,TSRYS5860825,D,S,D,2024-08-09,1000000.00,4.253244,99.9453125
08:00:32,912810UC0,TSRYS5860825,D,S,D,2024-08-09,1000000.00,4.247916,100.03515625
08:00:32,912810UC0,TSRYS5860825,D,S,D,2024-08-09,1000000.00,4.247685,100.0390625
08:00:32,912810UC0,TSRYS5860825,D,S,D,2024-08-09,1000000.00,4.248958,100.017578125
08:00:32,912810UC0,TSRYS5860825,D,S,D,2024-08-09,1000000.00,4.249537,100.0078125
08:00:32,912810UC0,TSRYS5860825,D,S,D,2024-08-09,1000000.00,4.249537,100.0078125
08:00:32,912810UC0,TSRYS5860825,D,S,D,2024-08-09,1000000.00,4.250116,99.998046875
08:00:32,912810UC0,TSRYS5860825,D,S,D,2024-08-09,1000000.00,4.240515,100.16015625
08:00:32,912810UC0,TSRYS5860825,D,S,D,2024-08-09,1000000.00,4.241555,100.142578125
08:00:32,912810UC0,TSRYS5860825,D,S,D,2024-08-09,1000000.00,4.240746,100.15625
08:00:32,912810UC0,TSRYS5860825,D,S,D,2024-08-09,1000000.00,4.241093,100.150390625
08:00:32,912810UC0,TSRYS5860825,D,S,D,2024-08-09,1000000.00,4.240862,100.154296875
08:00:32,912810UC0,TSRYS5860825,D,S,D,2024-08-09,1000000.00,4.241902,100.13671875
08:00:32,912810UC0,TSRYS5860825,D,S,D,2024-08-09,1000000.00,4.241902,100.13671875
08:00:32,912810UC0,TSRYS5860825,D,S,D,2024-08-09,1000000.00,4.241902,100.13671875
08:00:32,912810UC0,TSRYS5860825,D,S,D,2024-08-09,1000000.00,4.241902,100.13671875
08:00:32,912810UC0,TSRYS5860825,D,S,D,2024-08-09,1000000.00,4.241902,100.13671875
08:00:32,912810UC0,TSRYS5860825,D,S,D,2024-08-09,1000000.00,4.241902,100.13671875
08:00:32,912810UC0,TSRYS5860825,D,S,D,2024-08-09,1000000.00,4.241902,100.13671875
08:00:32,912810UC0,TSRYS5860825,D,S,D,2024-08-09,1000000.00,4.241902,100.13671875
08:00:32,912810UC0,TSRYS5860825,D,S,D,2024-08-09,1000000.00,4.241902,100.13671875
08:00:32,912810UC0,TSRYS5860825,D,S,D,2024-08-09,1000000.00,4.241902,100.13671875
08:00:32,912810UC0,TSRYS5860825,D,S,D,2024-08-09,1000000.00,4.242017,100.134765625
08:00:32,912810UC0,TSRYS5860825,D,S,D,2024-08-09,1000000.00,4.242364,100.12890625
08:00:32,912810UC0,TSRYS5860825,D,S,D,2024-08-09,1000000.00,4.241555,100.142578125
08:00:32,912810UC0,TSRYS5860825,D,S,D,2024-08-09,1000000.00,4.240053,100.16796875
08:00:32,912810UC0,TSRYS5860825,D,S,D,2024-08-09,1000000.00,4.239591,100.17578125
08:00:32,912810UC0,TSRYS5860825,D,S,D,2024-08-09,1000000.00,4.240399,100.162109375
08:00:32,912810UC0,TSRYS5860825,D,S,D,2024-08-09,1000000.00,4.240399,100.162109375
08:00:32,912810UC0,TSRYS5860825,D,S,D,2024-08-09,1000000.00,4.241208,100.1484375
08:00:32,912810UC0,TSRYS5860825,D,S,D,2024-08-09,1000000.00,4.242595,100.125
08:00:32,912810UC0,TSRYS5860825,D,S,D,2024-08-09,1000000.00,4.242826,100.12109375
08:00:32,912810UC0,TSRYS5860825,D,S,D,2024-08-09,1000000.00,4.241093,100.150390625
08:00:32,912810UC0,TSRYS5860825,D,S,D,2024-08-09,1000000.00,4.241208,100.1484375
08:00:32,912810UC0,TSRYS5860825,D,S,D,2024-08-09,1000000.00,4.241208,100.1484375
08:00:32,912810UC0,TSRYS5860825,D,S,D,2024-08-09,1000000.00,4.240631,100.158203125
08:00:32,912810UC0,TSRYS5860825,D,S,D,2024-08-09,1000000.00,4.240168,100.166015625
08:00:32,912810UC0,TSRYS5860825,D,S,D,2024-08-09,1000000.00,4.23936,100.1796875
08:00:32,912810UC0,TSRYS5860825,D,S,D,2024-08-09,1000000.00,4.241208,100.1484375
08:00:32,912810UC0,TSRYS5860825,D,S,D,2024-08-09,1000000.00,4.240053,100.16796875
08:00:32,912810UC0,TSRYS5860825,D,S,D,2024-08-09,1000000.00,4.240053,100.16796875
08:00:32,912810UC0,TSRYS5860825,D,S,D,2024-08-09,1000000.00,4.23936,100.1796875
08:00:32,912810UC0,TSRYS5860825,D,S,D,2024-08-09,1000000.00,4.239244,100.181640625
08:00:32,912810UC0,TSRYS5860825,D,S,D,2024-08-09,1000000.00,4.239244,100.181640625
08:00:32,912810UC0,TSRYS5860825,D,S,D,2024-08-09,1000000.00,4.239244,100.181640625
08:00:32,912810UC0,TSRYS5860825,D,S,D,2024-08-09,1000000.00,4.239591,100.17578125
08:00:32,912810UC0,TSRYS5860825,D,S,D,2024-08-09,1000000.00,4.239475,100.177734375
08:00:32,912810UC0,TSRYS5860825,D,S,D,2024-08-09,1000000.00,4.238898,100.1875
08:00:32,912810UC0,TSRYS5860825,D,S,D,2024-08-09,1000000.00,4.237743,100.20703125
08:00:32,912810UC0,TSRYS5860825,D,S,D,2024-08-09,1000000.00,4.233704,100.275390625
08:00:32,912810UC0,TSRYS5860825,D,S,D,2024-08-09,1000000.00,4.233358,100.28125
08:00:32,912810UC0,TSRYS5860825,D,S,D,2024-08-09,1000000.00,4.232896,100.2890625
08:00:32,912810UC0,TSRYS5860825,D,S,D,2024-08-09,1000000.00,4.232781,100.291015625
08:00:32,912810UC0,TSRYS5860825,D,S,D,2024-08-09,1000000.00,4.231167,100.318359375
08:00:32,912810UC0,TSRYS5860825,D,S,D,2024-08-09,1000000.00,4.231628,100.310546875
08:00:32,912810UC0,TSRYS5860825,D,S,D,2024-08-09,1000000.00,4.231974,100.3046875
08:00:32,912810UC0,TSRYS5860825,D,S,D,2024-08-09,1000000.00,4.231743,100.30859375
08:00:32,912810UC0,TSRYS5860825,D,S,D,2024-08-09,1000000.00,4.231282,100.31640625
08:00:32,912810UC0,TSRYS5860825,D,S,D,2024-08-09,1000000.00,4.231167,100.318359375
08:00:32,912810UC0,TSRYS5860825,D,S,D,2024-08-09,1000000.00,4.231167,100.318359375
08:00:32,912810UC0,TSRYS5860825,D,S,D,2024-08-09,1000000.00,4.231167,100.318359375
08:00:32,912810UC0,TSRYS5860825,D,S,D,2024-08-09,1000000.00,4.231167,100.318359375
08:00:32,912810UC0,TSRYS5860825,D,S,D,2024-08-09,1000000.00,4.231167,100.318359375
08:00:32,912810UC0,TSRYS5860825,D,S,D,2024-08-09,1000000.00,4.231282,100.31640625
08:00:32,912810UC0,TSRYS5860825,D,S,D,2024-08-09,1000000.00,4.231282,100.31640625
08:00:32,912810UC0,TSRYS5860825,D,S,D,2024-08-09,1000000.00,4.230245,100.333984375
08:00:32,912810UC0,TSRYS5860825,D,S,D,2024-08-09,1000000.00,4.230245,100.333984375
08:00:32,912810UC0,TSRYS5860825,D,S,D,2024-08-09,1000000.00,4.228746,100.359375
08:00:32,912810UC0,TSRYS5860825,D,S,D,2024-08-09,1000000.00,4.228631,100.361328125
08:00:32,912810UC0,TSRYS5860825,D,S,D,2024-08-09,1000000.00,4.231513,100.3125
08:00:32,912810UC0,TSRYS5860825,D,S,D,2024-08-09,1000000.00,4.231743,100.30859375
08:00:32,912810UC0,TSRYS5860825,D,S,D,2024-08-09,1000000.00,4.233012,100.287109375
08:00:32,912810UC0,TSRYS5860825,D,S,D,2024-08-09,1000000.00,4.233012,100.287109375
08:00:32,912810UC0,TSRYS5860825,D,S,D,2024-08-09,1000000.00,4.233012,100.287109375
08:00:32,912810UC0,TSRYS5860825,D,S,D,2024-08-09,1000000.00,4.233012,100.287109375
08:00:32,912810UC0,TSRYS5860825,D,S,D,2024-08-09,1000000.00,4.233012,100.287109375
08:00:32,912810UC0,TSRYS5860825,D,S,D,2024-08-09,1000000.00,4.233012,100.287109375
08:00:32,912810UC0,TSRYS5860825,D,S,D,2024-08-09,1000000.00,4.233127,100.28515625
08:00:32,912810UC0,TSRYS5860825,D,S,D,2024-08-09,1000000.00,4.233127,100.28515625
08:00:32,912810UC0,TSRYS5860825,D,S,D,2024-08-09,1000000.00,4.234396,100.263671875
08:00:32,912810UC0,TSRYS5860825,D,S,D,2024-08-09,1000000.00,4.234627,100.259765625
08:00:32,912810UC0,TSRYS5860825,D,S,D,2024-08-09,1000000.00,4.234627,100.259765625
08:00:32,912810UC0,TSRYS5860825,D,S,D,2024-08-09,1000000.00,4.234627,100.259765625
08:00:32,912810UC0,TSRYS5860825,D,S,D,2024-08-09,1000000.00,4.234627,100.259765625
08:00:32,912810UC0,TSRYS5860825,D,S,D,2024-08-09,1000000.00,4.234627,100.259765625
08:00:32,912810UC0,TSRYS5860825,D,S,D,2024-08-09,1000000.00,4.236011,100.236328125
08:00:32,912810UC0,TSRYS5860825,D,S,D,2024-08-09,1000000.00,4.236011,100.236328125
08:00:32,912810UC0,TSRYS5860825,D,S,D,2024-08-09,1000000.00,4.230936,100.322265625
08:00:32,912810UC0,TSRYS5860825,D,S,D,2024-08-09,1000000.00,4.228055,100.37109375
08:00:32,912810UC0,TSRYS5860825,D,S,D,2024-08-09,1000000.00,4.228055,100.37109375
08:00:32,912810UC0,TSRYS5860825,D,S,D,2024-08-09,1000000.00,4.228055,100.37109375
08:00:32,912810UC0,TSRYS5860825,D,S,D,2024-08-09,1000000.00,4.227825,100.375
08:00:32,912810UC0,TSRYS5860825,D,S,D,2024-08-09,1000000.00,4.225752,100.41015625
08:00:32,912810UC0,TSRYS5860825,D,S,D,2024-08-09,1000000.00,4.22771,100.376953125
08:00:32,912810UC0,TSRYS5860825,D,S,D,2024-08-09,1000000.00,4.228055,100.37109375
08:00:32,912810UC0,TSRYS5860825,D,S,D,2024-08-09,1000000.00,4.226328,100.400390625
08:00:32,912810UC0,TSRYS5860825,D,S,D,2024-08-09,1000000.00,4.227249,100.384765625
08:00:32,912810UC0,TSRYS5860825,D,S,D,2024-08-09,1000000.00,4.227364,100.3828125
08:00:32,912810UC0,TSRYS5860825,D,S,D,2024-08-09,1000000.00,4.227364,100.3828125
08:00:32,912810UC0,TSRYS5860825,D,S,D,2024-08-09,1000000.00,4.22771,100.376953125
08:00:32,912810UC0,TSRYS5860825,D,S,D,2024-08-09,1000000.00,4.226558,100.396484375
08:00:32,912810UC0,TSRYS5860825,D,S,D,2024-08-09,1000000.00,4.226673,100.39453125
08:00:32,912810UC0,TSRYS5860825,D,S,D,2024-08-09,1000000.00,4.226328,100.400390625
08:00:32,912810UC0,TSRYS5860825,D,S,D,2024-08-09,1000000.00,4.227364,100.3828125
08:00:33,912810UC0,TSRYS5860825,D,S,D,2024-08-09,1000000.00,4.227364,100.3828125
08:00:33,912810UC0,TSRYS5860825,D,S,D,2024-08-09,1000000.00,4.228401,100.365234375
08:00:33,912810UC0,TSRYS5860825,D,S,D,2024-08-09,1000000.00,4.229092,100.353515625
08:00:33,912810UC0,TSRYS5860825,D,S,D,2024-08-09,1000000.00,4.230475,100.330078125
08:00:33,912810UC0,TSRYS5860825,D,S,D,2024-08-09,1000000.00,4.230475,100.330078125
08:00:33,912810UC0,TSRYS5860825,D,S,D,2024-08-09,1000000.00,4.231858,100.306640625
08:00:33,912810UC0,TSRYS5860825,D,S,T,2024-08-09,1000000.00,4.2695,99.671875
08:00:33,912810UC0,TSRYS5860825,D,S,T,2024-08-09,1000000.00,4.2695,99.671875
08:00:33,912810UC0,TSRYS5860825,D,S,T,2024-08-09,1000000.00,4.2695,99.671875
08:00:33,912810UC0,TSRYS5860825,D,S,T,2024-08-09,1000000.00,4.2695,99.671875
08:00:33,912810UC0,TSRYS5860825,D,S,T,2024-08-09,1000000.00,4.2695,99.671875
08:00:33,912810UC0,TSRYS5860825,D,S,T,2024-08-09,1000000.00,4.2695,99.671875
08:00:33,912810UC0,TSRYS5860825,D,S,T,2024-08-09,1000000.00,4.2695,99.671875
08:00:33,912810UC0,TSRYS5860825,D,S,T,2024-08-09,1000000.00,4.2695,99.671875
08:00:33,912810UC0,TSRYS5860825,D,S,T,2024-08-09,1000000.00,4.2695,99.671875
08:00:33,912810UC0,TSRYS5860825,D,S,T,2024-08-09,1000000.00,4.2695,99.671875
08:00:33,912810UC0,TSRYS5860825,D,S,T,2024-08-09,1000000.00,4.2695,99.671875
08:00:33,912810UC0,TSRYS5860825,D,S,T,2024-08-09,1000000.00,4.2695,99.671875
08:00:33,912810UC0,TSRYS5860825,D,S,T,2024-08-09,1000000.00,4.267406,99.70703125
08:00:33,912810UC0,TSRYS5860825,D,S,T,2024-08-09,1000000.00,4.26729,99.708984375
08:00:33,912810UC0,TSRYS5860825,D,S,T,2024-08-09,1000000.00,4.2645,99.755859375
08:00:33,912810UC0,TSRYS5860825,D,S,T,2024-08-09,1000000.00,4.264384,99.7578125
08:00:33,912810UC0,TSRYS5860825,D,S,T,2024-08-09,1000000.00,4.266709,99.71875
08:00:33,912810UC0,TSRYS5860825,D,S,T,2024-08-09,1000000.00,4.266941,99.71484375
08:00:33,912810UC0,TSRYS5860825,D,S,T,2024-08-09,1000000.00,4.266011,99.73046875
08:00:33,912810UC0,TSRYS5860825,D,S,T,2024-08-09,1000000.00,4.266011,99.73046875
08:00:33,912810UC0,TSRYS5860825,D,S,T,2024-08-09,1000000.00,4.265779,99.734375
08:00:33,912810UC0,TSRYS5860825,D,S,T,2024-08-09,1000000.00,4.265314,99.7421875
08:00:33,912810UC0,TSRYS5860825,D,S,T,2024-08-09,1000000.00,4.265546,99.73828125
08:00:33,912810UC0,TSRYS5860825,D,S,T,2024-08-09,1000000.00,4.263919,99.765625
08:00:33,912810UC0,TSRYS5860825,D,S,T,2024-08-09,1000000.00,4.25649,99.890625
08:00:33,912810UC0,TSRYS5860825,D,S,T,2024-08-09,1000000.00,4.256838,99.884765625
08:00:33,912810UC0,TSRYS5860825,D,S,T,2024-08-09,1000000.00,4.25707,99.880859375
08:00:33,912810UC0,TSRYS5860825,D,S,T,2024-08-09,1000000.00,4.25707,99.880859375
08:00:33,912810UC0,TSRYS5860825,D,S,T,2024-08-09,1000000.00,4.255214,99.912109375
08:00:33,912810UC0,TSRYS5860825,D,S,T,2024-08-09,1000000.00,4.263455,99.7734375
08:00:33,912810UC0,TSRYS5860825,D,S,T,2024-08-09,1000000.00,4.263338,99.775390625
08:00:33,912810UC0,TSRYS5860825,D,S,T,2024-08-09,1000000.00,4.263222,99.77734375
08:00:33,912810UC0,TSRYS5860825,D,S,T,2024-08-09,1000000.00,4.263106,99.779296875
08:00:33,912810UC0,TSRYS5860825,D,S,T,2024-08-09,1000000.00,4.258346,99.859375
08:00:33,912810UC0,TSRYS5860825,D,S,T,2024-08-09,1000000.00,4.258462,99.857421875
08:00:33,912810UC0,TSRYS5860825,D,S,T,2024-08-09,1000000.00,4.257998,99.865234375
08:00:33,912810UC0,TSRYS5860825,D,S,D,2024-08-09,1000000.00,4.256026,99.8984375
08:00:33,912810UC0,TSRYS5860825,D,S,D,2024-08-09,1000000.00,4.256026,99.8984375
08:00:33,912810UC0,TSRYS5860825,D,S,D,2024-08-09,1000000.00,4.256026,99.8984375
08:00:33,912810UC0,TSRYS5860825,D,S,D,2024-08-09,1000000.00,4.256026,99.8984375
08:00:33,912810UC0,TSRYS5860825,D,S,D,2024-08-09,1000000.00,4.256026,99.8984375
08:00:33,912810UC0,TSRYS5860825,D,S,T,2024-08-09,1000000.00,4.253244,99.9453125
08:00:33,912810UC0,TSRYS5860825,D,S,T,2024-08-09,1000000.00,4.254751,99.919921875
08:00:33,912810UC0,TSRYS5860825,D,S,T,2024-08-09,1000000.00,4.251622,99.97265625
08:00:33,912810UC0,TSRYS5860825,D,S,T,2024-08-09,1000000.00,4.251506,99.974609375
08:00:33,912810UC0,TSRYS5860825,D,S,T,2024-08-09,1000000.00,4.251158,99.98046875
08:00:33,912810UC0,TSRYS5860825,D,S,T,2024-08-09,1000000.00,4.251274,99.978515625
08:00:33,912810UC0,TSRYS5860825,D,S,T,2024-08-09,1000000.00,4.2478,100.037109375
08:00:33,912810UC0,TSRYS5860825,D,S,T,2024-08-09,1000000.00,4.248263,100.029296875
08:00:33,912810UC0,TSRYS5860825,D,S,T,2024-08-09,1000000.00,4.251274,99.978515625
08:00:33,912810UC0,TSRYS5860825,D,S,T,2024-08-09,1000000.00,4.251274,99.978515625
08:00:33,912810UC0,TSRYS5860825,D,S,T,2024-08-09,1000000.00,4.249653,100.005859375
08:00:33,912810UC0,TSRYS5860825,D,S,T,2024-08-09,1000000.00,4.249537,100.0078125
08:00:33,912810UC0,TSRYS5860825,D,S,T,2024-08-09,1000000.00,4.244445,100.09375
08:00:33,912810UC0,TSRYS5860825,D,S,T,2024-08-09,1000000.00,4.241208,100.1484375
08:00:33,912810UC0,TSRYS5860825,D,S,T,2024-08-09,1000000.00,4.239706,100.173828125
08:00:33,912810UC0,TSRYS5860825,D,S,T,2024-08-09,1000000.00,4.240399,100.162109375
08:00:33,912810UC0,TSRYS5860825,D,S,T,2024-08-09,1000000.00,4.239937,100.169921875
08:00:33,912810UC0,TSRYS5860825,D,S,T,2024-08-09,1000000.00,4.241208,100.1484375
08:00:33,912810UC0,TSRYS5860825,D,S,T,2024-08-09,1000000.00,4.241208,100.1484375
08:00:33,912810UC0,TSRYS5860825,D,S,T,2024-08-09,1000000.00,4.241324,100.146484375
08:00:33,912810UC0,TSRYS5860825,D,S,T,2024-08-09,1000000.00,4.241208,100.1484375
08:00:33,912810UC0,TSRYS5860825,D,S,T,2024-08-09,1000000.00,4.241208,100.1484375
08:00:33,912810UC0,TSRYS5860825,D,S,T,2024-08-09,2000000.00,4.239129,100.18359375
08:00:33,912810UC0,TSRYS5860825,D,S,T,2024-08-09,1000000.00,4.240168,100.166015625
08:00:33,912810UC0,TSRYS5860825,D,S,T,2024-08-09,1000000.00,4.240168,100.166015625
08:00:33,912810UC0,TSRYS5860825,D,S,T,2024-08-09,1000000.00,4.23832,100.197265625
08:00:33,912810UC0,TSRYS5860825,D,S,T,2024-08-09,1000000.00,4.239475,100.177734375
08:00:33,912810UC0,TSRYS5860825,D,S,T,2024-08-09,1000000.00,4.239475,100.177734375
08:00:33,912810UC0,TSRYS5860825,D,S,T,2024-08-09,1000000.00,4.237743,100.20703125
08:00:33,912810UC0,TSRYS5860825,D,S,T,2024-08-09,1000000.00,4.231167,100.318359375
08:00:33,912810UC0,TSRYS5860825,D,S,T,2024-08-09,1000000.00,4.231167,100.318359375
08:00:33,912810UC0,TSRYS5860825,D,S,T,2024-08-09,1000000.00,4.228055,100.37109375
08:00:33,912810UC0,TSRYS5860825,D,S,T,2024-08-09,1000000.00,4.228286,100.3671875
08:00:33,912810UC0,TSRYS5860825,D,S,T,2024-08-09,1000000.00,4.228631,100.361328125
08:00:33,912810UC0,TSRYS5860825,D,S,T,2024-08-09,1000000.00,4.232435,100.296875
08:00:33,912810UC0,TSRYS5860825,D,S,T,2024-08-09,4000000.00,4.233358,100.28125
08:00:33,912810UC0,TSRYS5860825,D,S,T,2024-08-09,1000000.00,4.234281,100.265625
08:00:33,912810UC0,TSRYS5860825,D,S,T,2024-08-09,1000000.00,4.237974,100.203125
08:00:33,912810UC0,TSRYS5860825,D,S,T,2024-08-09,1000000.00,4.237974,100.203125
08:00:33,912810UC0,TSRYS5860825,D,S,T,2024-08-09,1000000.00,4.237974,100.203125
08:00:33,912810UC0,TSRYS5860825,D,S,T,2024-08-09,1000000.00,4.239013,100.185546875
08:00:33,912810UC0,TSRYS5860825,D,S,T,2024-08-09,1000000.00,4.239013,100.185546875
08:00:33,912810UC0,TSRYS5860825,D,S,T,2024-08-09,1000000.00,4.239013,100.185546875
08:00:33,912810UC0,TSRYS5860825,D,S,T,2024-08-09,1000000.00,4.233588,100.27734375
08:00:33,912810UC0,TSRYS5860825,D,S,T,2024-08-09,1000000.00,4.233473,100.279296875
08:00:33,912810UC0,TSRYS5860825,D,S,T,2024-08-09,1000000.00,4.225752,100.41015625
08:00:33,912810UC0,TSRYS5860825,D,S,T,2024-08-09,1000000.00,4.225061,100.421875
08:00:33,912810UC0,TSRYS5860825,D,S,T,2024-08-09,1000000.00,4.225982,100.40625
08:00:33,912810UC0,TSRYS5860825,D,S,T,2024-08-09,1000000.00,4.228286,100.3671875
08:00:33,912810UC0,TSRYS5860825,D,S,T,2024-08-09,1000000.00,4.227134,100.38671875
08:00:33,912810UC0,TSRYS5860825,D,S,T,2024-08-09,1000000.00,4.227249,100.384765625
08:00:33,912810UC0,TSRYS5860825,D,S,T,2024-08-09,1000000.00,4.227364,100.3828125
08:00:33,912810UC0,TSRYS5860825,D,S,D,2024-08-09,1000000.00,4.228977,100.35546875
08:00:34,912810UC0,TSRYS5860825,D,S,D,2024-08-09,98000.00,4.229207,100.3515625
08:00:34,912810UC0,TSRYS5860825,D,S,D,2024-08-09,99000.00,4.228746,100.359375
08:00:34,912810UC0,TSRYS5860825,D,S,D,2024-08-09,99000.00,4.225982,100.40625
08:00:34,912810UC0,TSRYS5860825,D,S,D,2024-08-09,99000.00,4.225752,100.41015625
08:00:35,912810UC0,TSRYS5860825,D,S,D,2024-08-09,5700000.00,4.266709,99.71875
08:00:35,912810UC0,TSRYS5860825,D,S,T,2024-08-09,1000000.00,4.264849,99.75
08:00:35,912810UC0,TSRYS5860825,D,S,C,2024-08-09,21000000.00,4.256026,99.8984375
08:00:35,912810UC0,TSRYS5860825,D,B,A,2024-08-09,2500000.00,4.258578,99.85546875
08:00:35,912810UC0,TSRYS5860825,D,S,A,2024-08-09,10000000.00,4.264849,99.75
08:00:35,912810UC0,TSRYS5860825,D,S,D,2024-08-09,5000000.00,4.26299,99.78125
08:00:35,912810UC0,TSRYS5860825,D,S,D,2024-08-09,1000000.00,4.260504,99.8230569774
08:00:35,912810UC0,TSRYS5860825,D,S,T,2024-08-09,1000000.00,4.260203,99.828125
08:00:35,912810UC0,TSRYS5860825,D,S,D,2024-08-09,1000000.00,4.258587,99.8553172144
08:00:35,912810UC0,TSRYS5860825,D,S,T,2024-08-09,1000000.00,4.258346,99.859375
08:00:35,912810UC0,TSRYS5860825,D,S,D,2024-08-09,1000000.00,4.257629,99.871447333
08:00:35,912810UC0,TSRYS5860825,D,S,T,2024-08-09,1000000.00,4.257418,99.875
08:00:35,912810UC0,TSRYS5860825,D,S,D,2024-08-09,1000000.00,4.25649,99.890625
08:00:35,912810UC0,TSRYS5860825,D,S,D,2024-08-09,1000000.00,4.25649,99.890625
08:00:35,912810UC0,TSRYS5860825,D,S,D,2024-08-09,1000000.00,4.253475,99.94140625
08:00:35,912810UC0,TSRYS5860825,D,S,D,2024-08-09,1000000.00,4.253671,99.9381074514
08:00:35,912810UC0,TSRYS5860825,D,S,C,2024-08-09,2968000.00,4.255794,99.90234375
08:00:35,912810UC0,TSRYS5860825,D,S,A,2024-08-09,1000000.00,4.25,100.0
08:00:35,912810UC0,TSRYS5860825,D,S,D,2024-08-09,1000000.00,4.254635,99.921875
08:00:35,912810UC0,TSRYS5860825,D,S,D,2024-08-09,2000000.00,4.254635,99.921875
08:00:35,912810UC0,TSRYS5860825,D,B,C,2024-08-09,3000000.00,4.247222,100.046875
08:00:35,912810UC0,TSRYS5860825,D,S,T,2024-08-09,1000000.00,4.254635,99.921875
08:00:35,912810UC0,TSRYS5860825,D,S,D,2024-08-09,1000000.00,4.249537,100.0078125
08:00:35,912810UC0,TSRYS5860825,D,S,D,2024-08-09,1000000.00,4.25,100.0
08:00:35,912810UC0,TSRYS5860825,D,S,D,2024-08-09,1000000.00,4.25,100.0
08:00:35,912810UC0,TSRYS5860825,D,S,D,2024-08-09,1000000.00,4.228746,100.359375
08:00:35,912810UC0,TSRYS5860825,D,B,A,2024-08-09,810000.00,4.27975,99.5
08:00:35,912810UC0,TSRYS5860825,D,S,T,2024-08-09,1000000.00,4.241671,100.140625
08:00:35,912810UC0,TSRYS5860825,D,S,D,2024-08-09,1000000.00,4.241671,100.140625
08:00:35,912810UC0,TSRYS5860825,D,S,D,2024-08-09,1000000.00,4.241671,100.140625
08:00:35,912810UC0,TSRYS5860825,D,S,T,2024-08-09,10400000.00,4.27975,99.5
08:00:35,912810UC0,TSRYS5860825,D,S,T,2024-08-09,50MM+,4.27975,99.5
08:00:35,912810UC0,TSRYS5860825,D,S,D,2024-08-09,1000000.00,4.265779,99.734375
08:00:35,912810UC0,TSRYS5860825,D,S,D,2024-08-09,1000000.00,4.258346,99.859375
08:00:35,912810UC0,TSRYS5860825,D,B,C,2024-08-09,2000000.00,4.228286,100.3671875
08:00:35,912810UC0,TSRYS5860825,D,S,D,2024-08-09,1000000.00,4.23705,100.21875
08:00:35,912810UC0,TSRYS5860825,D,S,D,2024-08-09,1000000.00,4.23705,100.21875
08:00:35,912810UC0,TSRYS5860825,D,S,T,2024-08-09,4950000.00,4.27975,99.5
08:00:35,912810UC0,TSRYS5860825,D,S,T,2024-08-09,14850000.00,4.27975,99.5
08:00:35,912810UC0,TSRYS5860825,D,S,T,2024-08-09,24750000.00,4.27975,99.5
08:00:35,912810UC0,TSRYS5860825,D,S,T,2024-08-09,29650000.00,4.27975,99.5
08:00:35,912810UC0,TSRYS5860825,D,S,D,2024-08-09,1000000.00,4.237974,100.203125
08:00:35,912810UC0,TSRYS5860825,D,S,T,2024-08-09,1000000.00,4.237974,100.203125
08:00:35,912810UC0,TSRYS5860825,D,S,D,2024-08-09,1000000.00,4.237974,100.203125
08:00:35,912810UC0,TSRYS5860825,D,S,T,2024-08-09,1000000.00,4.235204,100.25
08:00:35,912810UC0,TSRYS5860825,D,S,D,2024-08-09,1000000.00,4.233358,100.28125
08:00:35,912810UC0,TSRYS5860825,D,S,D,2024-08-09,1000000.00,4.233358,100.28125
08:00:35,912810UC0,TSRYS5860825,D,S,D,2024-08-09,2000000.00,4.233358,100.28125
08:00:35,912810UC0,TSRYS5860825,D,S,D,2024-08-09,1000000.00,4.233358,100.28125
08:00:35,912810UC0,TSRYS5860825,D,S,D,2024-08-09,1000000.00,4.235204,100.25
08:00:35,912810UC0,TSRYS5860825,D,B,C,2024-08-09,50MM+,4.27975,99.5
08:00:35,912810UC0,TSRYS5860825,D,S,D,2024-08-09,1000000.00,4.228746,100.359375
08:00:35,912810UC0,TSRYS5860825,D,S,T,2024-08-09,1000000.00,4.225982,100.40625
08:00:35,912810UC0,TSRYS5860825,D,S,D,2024-08-09,1000000.00,4.225982,100.40625
08:00:35,912810UC0,TSRYS5860825,D,S,D,2024-08-09,2000000.00,4.228746,100.359375
08:00:35,912810UC0,TSRYS5860825,D,S,D,2024-08-09,1000000.00,4.226903,100.390625
08:00:35,912810UC0,TSRYS5860825,D,S,D,2024-08-09,1000000.00,4.225982,100.40625
08:00:35,912810UC0,TSRYS5860825,D,B,C,2024-08-09,100000.00,4.226443,100.3984375
08:00:35,912810UC0,TSRYS5860825,D,S,D,2024-08-09,1000000.00,4.226903,100.390625
08:00:35,912810UC0,TSRYS5860825,D,S,D,2024-08-09,37600000.00,4.27975,99.5
08:00:35,912810UC0,TSRYS5860825,D,S,D,2024-08-09,1000000.00,4.226903,100.390625
08:00:35,912810UC0,TSRYS5860825,D,B,C,2024-08-09,100000.00,4.226213,100.40234375
08:00:35,912810UC0,TSRYS5860825,D,S,D,2024-08-09,1000000.00,4.226903,100.390625
08:00:35,912810UC0,TSRYS5860825,D,S,D,2024-08-09,1000000.00,4.225982,100.40625
08:00:35,912810UC0,TSRYS5860825,D,S,T,2024-08-09,50MM+,4.27975,99.5
08:00:35,912810UC0,TSRYS5860825,D,S,D,2024-08-09,1000000.00,4.226202,100.402521692
08:00:35,912810UC0,TSRYS5860825,D,S,D,2024-08-09,1000000.00,4.226202,100.402521692
08:00:35,912810UC0,TSRYS5860825,D,S,D,2024-08-09,1000000.00,4.227825,100.375
08:00:35,912810UC0,TSRYS5860825,D,S,D,2024-08-09,1000000.00,4.227825,100.375
08:00:35,912810UC0,TSRYS5860825,D,S,D,2024-08-09,1000000.00,4.227825,100.375
08:00:35,912810UC0,TSRYS5860825,D,S,D,2024-08-09,1000000.00,4.227825,100.375
08:00:35,912810UC0,TSRYS5860825,D,S,D,2024-08-09,1000000.00,4.228746,100.359375
08:00:35,912810UC0,TSRYS5860825,D,S,D,2024-08-09,1000000.00,4.229668,100.34375
08:00:35,912810UC0,TSRYS5860825,D,S,D,2024-08-09,1000000.00,4.23059,100.328125
08:00:36,912810UC0,TSRYS5860825,D,B,C,2024-08-09,2625000.00,4.239383,100.1792875
08:00:37,912810UC0,TSRYS5860825,D,S,D,2024-08-09,1000000.00,4.23059,100.328125
08:00:37,912810UC0,TSRYS5860825,D,S,D,2024-08-09,3000000.00,4.264732,99.75196
08:00:38,912810UC0,TSRYS5860825,D,S,A,2024-08-09,300000.00,4.257418,99.875
08:00:38,912810UC0,TSRYS5860825,D,S,D,2024-08-09,1000000.00,4.264965,99.74805
08:00:38,912810UC0,TSRYS5860825,D,S,D,2024-08-09,1000000.00,4.256722,99.88671875
08:00:38,912810UC0,TSRYS5860825,D,S,D,2024-08-09,3000000.00,4.256954,99.8828125
08:00:38,912810UC0,TSRYS5860825,D,S,C,2024-08-09,1000000.00,4.264965,99.74805
08:00:39,912810UC0,TSRYS5860825,D,B,A,2024-08-09,2500000.00,4.255562,99.90625
08:00:39,912810UC0,TSRYS5860825,D,S,D,2024-08-09,9000000.00,4.253398,99.942708333
08:00:39,912810UC0,TSRYS5860825,D,B,A,2024-08-09,5000000.00,4.26299,99.78125
08:00:39,912810UC0,TSRYS5860825,D,S,T,2024-08-09,1000000.00,4.262293,99.79296875
08:00:39,912810UC0,TSRYS5860825,D,S,D,2024-08-09,1000000.00,4.261364,99.80859375
08:00:39,912810UC0,TSRYS5860825,D,S,D,2024-08-09,1000000.00,4.260203,99.828125
08:00:39,912810UC0,TSRYS5860825,D,S,T,2024-08-09,1000000.00,4.261132,99.8125
08:00:39,912810UC0,TSRYS5860825,D,S,C,2024-08-09,50MM+,4.27975,99.5
08:00:39,912810UC0,TSRYS5860825,D,B,C,2024-08-09,55000.00,4.241463,100.14413125
08:00:40,912810UC0,TSRYS5860825,D,S,D,2024-08-09,1000000.00,4.231858,100.306640625
08:00:40,912810UC0,TSRYS5860825,D,S,D,2024-08-09,55000.00,4.234996,100.25350625
08:00:40,912810UC0,TSRYS5860825,D,B,C,2024-08-09,55000.00,4.234996,100.25350625
08:00:40,912810UC0,TSRYS5860825,D,S,D,2024-08-09,1000000.00,4.237974,100.203125
08:00:40,912810UC0,TSRYS5860825,D,S,D,2024-08-09,20000.00,4.231051,100.3203125
08:00:40,912810UC0,TSRYS5860825,D,S,D,2024-08-09,2000000.00,4.267174,99.71094
08:00:41,912810UC0,TSRYS5860825,D,S,A,2024-08-09,10000000.00,4.261828,99.80078125
08:00:41,912810UC0,TSRYS5860825,D,S,D,2024-08-09,1000000.00,4.256026,99.8984375
08:00:41,912810UC0,TSRYS5860825,D,S,D,2024-08-09,6000000.00,4.263338,99.775390625
08:00:41,912810UC0,TSRYS5860825,D,S,T,2024-08-09,1000000.00,4.25649,99.890625
08:00:41,912810UC0,TSRYS5860825,D,S,T,2024-08-09,1000000.00,4.255562,99.90625
08:00:41,912810UC0,TSRYS5860825,D,S,D,2024-08-09,2000000.00,4.254635,99.921875
08:00:42,912810UC0,TSRYS5860825,D,S,D,2024-08-09,100000.00,4.256026,99.8984375
08:00:42,912810UC0,TSRYS5860825,D,S,C,2024-08-09,44800000.00,4.27975,99.5
08:00:42,912810UC0,TSRYS5860825,D,S,D,2024-08-09,55000.00,4.241463,100.14413125
08:00:42,912810UC0,TSRYS5860825,D,S,T,2024-08-09,1000000.00,4.231051,100.3203125
08:00:42,912810UC0,TSRYS5860825,D,S,T,2024-08-09,1000000.00,4.230936,100.322265625
08:00:42,912810UC0,TSRYS5860825,D,S,D,2024-08-09,12000000.00,4.249537,100.0078125
08:00:42,912810UC0,TSRYS5860825,D,S,C,2024-08-09,50MM+,4.27975,99.5
08:00:42,912810UC0,TSRYS5860825,D,S,D,2024-08-09,12000000.00,4.247916,100.03515625
08:00:42,912810UC0,TSRYS5860825,D,S,D,2024-08-09,5000000.00,4.238956,100.186523438
08:00:42,912810UC0,TSRYS5860825,D,B,C,2024-08-09,20000.00,4.231051,100.3203125
08:00:43,912810UC0,TSRYS5860825,D,S,D,2024-08-09,44800000.00,4.27975,99.5
08:00:43,912810UC0,TSRYS5860825,D,S,D,2024-08-09,50MM+,4.27975,99.5
08:00:43,912810UC0,TSRYS5860825,D,S,D,2024-08-09,1000000.00,4.245371,100.078125
08:00:44,912810UC0,TSRYS5860825,D,S,D,2024-08-09,22000000.00,4.267058,99.71288
08:00:44,912810UC0,TSRYS5860825,D,S,D,2024-08-09,800000.00,4.238667,100.19140625
08:00:44,912810UC0,TSRYS5860825,D,S,D,2024-08-09,1000000.00,4.239591,100.17578125
08:00:44,912810UC0,TSRYS5860825,D,S,D,2024-08-09,1000000.00,4.231282,100.31640625
08:00:44,912810UC0,TSRYS5860825,D,S,T,2024-08-09,4950000.00,4.27975,99.5
08:00:45,912810UC0,TSRYS5860825,D,S,T,2024-08-09,1000000.00,4.237974,100.203125
08:00:45,912810UC0,TSRYS5860825,D,S,T,2024-08-09,1000000.00,4.237974,100.203125
08:00:45,912810UC0,TSRYS5860825,D,S,D,2024-08-09,1000000.00,4.238898,100.1875
08:00:46,912810UC0,TSRYS5860825,D,S,T,2024-08-09,1000000.00,4.23705,100.21875
08:00:46,912810UC0,TSRYS5860825,D,S,T,2024-08-09,9900000.00,4.27975,99.5
08:00:47,912810UC0,TSRYS5860825,D,S,D,2024-08-09,1000000.00,4.230505,100.3295654826
08:00:47,912810UC0,TSRYS5860825,D,S,C,2024-08-09,3000000.00,4.264732,99.75196
08:00:48,912810UC0,TSRYS5860825,D,S,C,2024-08-09,2000000.00,4.267174,99.71094
08:00:48,912810UC0,TSRYS5860825,D,S,D,2024-08-09,3000000.00,4.247916,100.03515625
08:00:48,912810UC0,TSRYS5860825,D,S,D,2024-08-09,1000000.00,4.23059,100.328125
08:00:48,912810UC0,TSRYS5860825,D,S,D,2024-08-09,9000000.00,4.248148,100.03125
08:00:48,912810UC0,TSRYS5860825,D,S,D,2024-08-09,1000000.00,4.248379,100.02734375
08:00:48,912810UC0,TSRYS5860825,D,S,A,2024-08-09,4500000.00,4.25,100.0
08:00:48,912810UC0,TSRYS5860825,D,B,A,2024-08-09,5000000.00,4.264384,99.7578125
08:00:49,912810UC0,TSRYS5860825,D,S,T,2024-08-09,3000000.00,4.260203,99.828125
08:00:49,912810UC0,TSRYS5860825,D,S,T,2024-08-09,1000000.00,4.262061,99.796875
08:00:49,912810UC0,TSRYS5860825,D,S,T,2024-08-09,1000000.00,4.259274,99.84375
08:00:49,912810UC0,TSRYS5860825,D,S,T,2024-08-09,1000000.00,4.257418,99.875
08:00:50,912810UC0,TSRYS5860825,D,S,A,2024-08-09,5000000.00,4.267174,99.7109375
08:00:51,912810UC0,TSRYS5860825,D,S,A,2024-08-09,10000000.00,4.265546,99.73828125
08:00:51,912810UC0,TSRYS5860825,D,B,A,2024-08-09,2000000.00,4.264384,99.7578125
08:00:51,912810UC0,TSRYS5860825,D,S,T,2024-08-09,1000000.00,4.254635,99.921875
08:00:51,912810UC0,TSRYS5860825,D,S,T,2024-08-09,1000000.00,4.255562,99.90625
08:00:51,912810UC0,TSRYS5860825,D,S,D,2024-08-09,1000000.00,4.255794,99.90234375
08:00:51,912810UC0,TSRYS5860825,D,S,T,2024-08-09,1000000.00,4.255562,99.90625
08:00:51,912810UC0,TSRYS5860825,D,S,T,2024-08-09,1000000.00,4.254635,99.921875
08:00:52,912810UC0,TSRYS5860825,D,S,D,2024-08-09,150000.00,4.252548,99.95703125
08:00:52,912810UC0,TSRYS5860825,D,S,A,2024-08-09,500000.00,4.253707,99.9375
08:00:53,912810UC0,TSRYS5860825,D,S,T,2024-08-09,1000000.00,4.242017,100.134765625
08:00:54,912810UC0,TSRYS5860825,D,S,D,2024-08-09,50MM+,4.27975,99.5
08:00:54,912810UC0,TSRYS5860825,D,S,D,2024-08-09,1000000.00,4.238205,100.19921875
08:00:54,912810UC0,TSRYS5860825,D,S,D,2024-08-09,110000.00,4.236127,100.234375
08:00:54,912810UC0,TSRYS5860825,D,S,D,2024-08-09,12000000.00,4.232896,100.2890625
08:00:54,912810UC0,TSRYS5860825,D,S,D,2024-08-09,1000.00,4.234718,100.2582125
08:00:55,912810UC0,TSRYS5860825,D,B,A,2024-08-09,5000000.00,4.232435,100.296875
08:00:56,912810UC0,TSRYS5860825,D,S,A,2024-08-09,5000000.00,4.266941,99.71484375
08:00:56,912810UC0,TSRYS5860825,D,S,D,2024-08-09,300000.00,4.228977,100.35546875
08:00:56,912810UC0,TSRYS5860825,D,S,D,2024-08-09,100000.00,4.230821,100.32421875
08:01:00,912810UC0,TSRYS5860825,D,B,A,2024-08-09,39461000.00,4.227388,100.3824125
08:01:00,912810UC0,TSRYS5860825,D,B,C,2024-08-09,300000.00,4.230845,100.32381875
08:01:00,912810UC0,TSRYS5860825,D,B,A,2024-08-09,2933000.00,4.228746,100.359375
08:01:00,912810UC0,TSRYS5860825,D,B,C,2024-08-09,300000.00,4.230153,100.3355375
08:01:00,912810UC0,TSRYS5860825,D,S,T,2024-08-09,1000000.00,4.228754,100.35925
08:01:01,912810UC0,TSRYS5860825,D,B,C,2024-08-09,300000.00,4.226236,100.40194375
08:01:01,912810UC0,TSRYS5860825,D,S,T,2024-08-09,1000000.00,4.22956,100.345578125
08:01:01,912810UC0,TSRYS5860825,D,S,T,2024-08-09,1000000.00,4.229676,100.343625
08:01:01,912810UC0,TSRYS5860825,D,S,T,2024-08-09,1000000.00,4.229682,100.343523
08:01:01,912810UC0,TSRYS5860825,D,S,T,2024-08-09,1000000.00,4.229682,100.343523
08:01:01,912810UC0,TSRYS5860825,D,S,T,2024-08-09,1000000.00,4.229682,100.343523
08:01:01,912810UC0,TSRYS5860825,D,S,T,2024-08-09,1000000.00,4.229682,100.343523
08:01:01,912810UC0,TSRYS5860825,D,S,A,2024-08-09,50MM+,4.235261,100.249023
08:01:02,912810UC0,TSRYS5860825,D,S,D,2024-08-09,1000000.00,4.2695,99.671875
08:01:02,912810UC0,TSRYS5860825,D,S,C,2024-08-09,1000000.00,4.267871,99.69921875
08:01:02,912810UC0,TSRYS5860825,D,S,D,2024-08-09,1000000.00,4.270431,99.65625
08:01:02,912810UC0,TSRYS5860825,D,S,C,2024-08-09,1000000.00,4.2695,99.671875
08:01:02,912810UC0,TSRYS5860825,D,S,D,2024-08-09,1000000.00,4.268569,99.6875
08:01:02,912810UC0,TSRYS5860825,D,B,C,2024-08-09,1000000.00,4.267406,99.70703125
08:01:02,912810UC0,TSRYS5860825,D,S,D,2024-08-09,1000000.00,4.268569,99.6875
08:01:02,912810UC0,TSRYS5860825,D,S,C,2024-08-09,5000000.00,4.228055,100.37109375
08:01:03,912810UC0,TSRYS5860825,D,B,C,2024-08-09,1000000.00,4.268104,99.6953125
08:01:03,912810UC0,TSRYS5860825,D,S,C,2024-08-09,1000000.00,4.2695,99.671875
08:01:03,912810UC0,TSRYS5860825,D,S,D,2024-08-09,1000000.00,4.267406,99.70703125
08:01:03,912810UC0,TSRYS5860825,D,S,D,2024-08-09,1000000.00,4.267406,99.70703125
08:01:03,912810UC0,TSRYS5860825,D,S,D,2024-08-09,1000000.00,4.267406,99.70703125
08:01:03,912810UC0,TSRYS5860825,D,S,D,2024-08-09,1000000.00,4.266244,99.7265625
08:01:03,912810UC0,TSRYS5860825,D,S,D,2024-08-09,1000000.00,4.268104,99.6953125
08:01:03,912810UC0,TSRYS5860825,D,B,C,2024-08-09,1000000.00,4.265314,99.7421875
08:01:03,912810UC0,TSRYS5860825,D,S,D,2024-08-09,1000000.00,4.257186,99.87890625
08:01:03,912810UC0,TSRYS5860825,D,S,D,2024-08-09,1000000.00,4.265546,99.73828125
08:01:03,912810UC0,TSRYS5860825,D,S,C,2024-08-09,1000000.00,4.265081,99.74609375
08:01:03,912810UC0,TSRYS5860825,D,B,C,2024-08-09,1000000.00,4.265546,99.73828125
08:01:03,912810UC0,TSRYS5860825,D,S,D,2024-08-09,1000000.00,4.265314,99.7421875
08:01:03,912810UC0,TSRYS5860825,D,S,D,2024-08-09,1000000.00,4.260203,99.828125
08:01:03,912810UC0,TSRYS5860825,D,S,D,2024-08-09,1000000.00,4.261364,99.80859375
08:01:03,912810UC0,TSRYS5860825,D,S,T,2024-08-09,1000000.00,4.230604,100.327898
08:01:03,912810UC0,TSRYS5860825,D,B,C,2024-08-09,1000000.00,4.257186,99.87890625
08:01:03,912810UC0,TSRYS5860825,D,S,D,2024-08-09,1000000.00,4.258114,99.86328125
08:01:03,912810UC0,TSRYS5860825,D,S,D,2024-08-09,1000000.00,4.257418,99.875
08:01:03,912810UC0,TSRYS5860825,D,S,D,2024-08-09,1000000.00,4.256954,99.8828125
08:01:03,912810UC0,TSRYS5860825,D,S,D,2024-08-09,1000000.00,4.258114,99.86328125
08:01:03,912810UC0,TSRYS5860825,D,B,C,2024-08-09,1000000.00,4.259042,99.84765625
08:01:03,912810UC0,TSRYS5860825,D,S,C,2024-08-09,1000000.00,4.255794,99.90234375
08:01:03,912810UC0,TSRYS5860825,D,S,D,2024-08-09,1000000.00,4.257418,99.875
08:01:03,912810UC0,TSRYS5860825,D,B,C,2024-08-09,1000000.00,4.258114,99.86328125
08:01:03,912810UC0,TSRYS5860825,D,S,D,2024-08-09,1000000.00,4.257186,99.87890625
08:01:03,912810UC0,TSRYS5860825,D,S,D,2024-08-09,1000000.00,4.264152,99.76171875
08:01:03,912810UC0,TSRYS5860825,D,S,T,2024-08-09,1000000.00,4.230604,100.327898
08:01:03,912810UC0,TSRYS5860825,D,S,D,2024-08-09,1000000.00,4.259506,99.83984375
08:01:03,912810UC0,TSRYS5860825,D,S,C,2024-08-09,1000000.00,4.25533,99.91015625
08:01:03,912810UC0,TSRYS5860825,D,S,D,2024-08-09,1000000.00,4.259042,99.84765625
08:01:03,912810UC0,TSRYS5860825,D,S,D,2024-08-09,1000000.00,4.256722,99.88671875
08:01:03,912810UC0,TSRYS5860825,D,S,D,2024-08-09,1000000.00,4.257418,99.875
08:01:03,912810UC0,TSRYS5860825,D,S,D,2024-08-09,1000000.00,4.258114,99.86328125
08:01:03,912810UC0,TSRYS5860825,D,S,D,2024-08-09,1000000.00,4.263222,99.77734375
08:01:03,912810UC0,TSRYS5860825,D,B,C,2024-08-09,1000000.00,4.258114,99.86328125
08:01:03,912810UC0,TSRYS5860825,D,S,D,2024-08-09,1000000.00,4.258578,99.85546875
08:01:03,912810UC0,TSRYS5860825,D,S,D,2024-08-09,1000000.00,4.255794,99.90234375
08:01:03,912810UC0,TSRYS5860825,D,S,D,2024-08-09,1000000.00,4.256026,99.8984375
08:01:03,912810UC0,TSRYS5860825,D,B,C,2024-08-09,1000000.00,4.258578,99.85546875
08:01:03,912810UC0,TSRYS5860825,D,B,C,2024-08-09,1000000.00,4.258578,99.85546875
08:01:03,912810UC0,TSRYS5860825,D,S,D,2024-08-09,1000000.00,4.256026,99.8984375
08:01:03,912810UC0,TSRYS5860825,D,S,T,2024-08-09,1000000.00,4.230604,100.327898
08:01:03,912810UC0,TSRYS5860825,D,B,C,2024-08-09,1000000.00,4.258578,99.85546875
08:01:03,912810UC0,TSRYS5860825,D,S,D,2024-08-09,1000000.00,4.258578,99.85546875
08:01:03,912810UC0,TSRYS5860825,D,S,D,2024-08-09,1000000.00,4.26299,99.78125
08:01:03,912810UC0,TSRYS5860825,D,S,D,2024-08-09,2000000.00,4.254635,99.921875
08:01:03,912810UC0,TSRYS5860825,D,S,D,2024-08-09,1000000.00,4.258578,99.85546875
08:01:03,912810UC0,TSRYS5860825,D,S,D,2024-08-09,1000000.00,4.256026,99.8984375
08:01:03,912810UC0,TSRYS5860825,D,S,C,2024-08-09,1000000.00,4.256026,99.8984375
08:01:03,912810UC0,TSRYS5860825,D,S,T,2024-08-09,26000000.00,4.27975,99.5
08:01:03,912810UC0,TSRYS5860825,D,S,D,2024-08-09,1000000.00,4.247916,100.03515625
08:01:03,912810UC0,TSRYS5860825,D,S,D,2024-08-09,1000000.00,4.248148,100.03125
08:01:03,912810UC0,TSRYS5860825,D,S,T,2024-08-09,1000000.00,4.230604,100.327898
08:01:03,912810UC0,TSRYS5860825,D,S,D,2024-08-09,1000000.00,4.255794,99.90234375
08:01:03,912810UC0,TSRYS5860825,D,S,D,2024-08-09,1000000.00,4.250232,99.99609375
08:01:03,912810UC0,TSRYS5860825,D,S,D,2024-08-09,1000000.00,4.256026,99.8984375
08:01:03,912810UC0,TSRYS5860825,D,S,D,2024-08-09,1000000.00,4.248611,100.0234375
08:01:03,912810UC0,TSRYS5860825,D,S,D,2024-08-09,1000000.00,4.247916,100.03515625
08:01:03,912810UC0,TSRYS5860825,D,S,D,2024-08-09,1000000.00,4.246296,100.0625
08:01:03,912810UC0,TSRYS5860825,D,S,D,2024-08-09,1000000.00,4.249074,100.015625
08:01:03,912810UC0,TSRYS5860825,D,S,D,2024-08-09,1000000.00,4.246296,100.0625
08:01:03,912810UC0,TSRYS5860825,D,S,T,2024-08-09,1000000.00,4.230604,100.327898
08:01:03,912810UC0,TSRYS5860825,D,S,D,2024-08-09,1000000.00,4.249305,100.01171875
08:01:03,912810UC0,TSRYS5860825,D,S,D,2024-08-09,1000000.00,4.248842,100.01953125
08:01:03,912810UC0,TSRYS5860825,D,S,D,2024-08-09,1000000.00,4.247916,100.03515625
08:01:03,912810UC0,TSRYS5860825,D,S,D,2024-08-09,1000000.00,4.244908,100.0859375
08:01:03,912810UC0,TSRYS5860825,D,S,D,2024-08-09,1000000.00,4.245371,100.078125
08:01:03,912810UC0,TSRYS5860825,D,S,C,2024-08-09,1000000.00,4.245139,100.08203125
08:01:03,912810UC0,TSRYS5860825,D,S,D,2024-08-09,1000000.00,4.247916,100.03515625
08:01:03,912810UC0,TSRYS5860825,D,S,C,2024-08-09,1000000.00,4.240284,100.1640625
08:01:03,912810UC0,TSRYS5860825,D,S,D,2024-08-09,1000000.00,4.247685,100.0390625
08:01:03,912810UC0,TSRYS5860825,D,S,D,2024-08-09,1000000.00,4.240977,100.15234375
08:01:03,912810UC0,TSRYS5860825,D,S,C,2024-08-09,1000000.00,4.241208,100.1484375
08:01:03,912810UC0,TSRYS5860825,D,S,C,2024-08-09,1000000.00,4.240977,100.15234375
08:01:03,912810UC0,TSRYS5860825,D,B,C,2024-08-09,1000000.00,4.240515,100.16015625
08:01:03,912810UC0,TSRYS5860825,D,S,D,2024-08-09,1000000.00,4.244445,100.09375
08:01:03,912810UC0,TSRYS5860825,D,B,C,2024-08-09,1000000.00,4.240053,100.16796875
08:01:03,912810UC0,TSRYS5860825,D,S,D,2024-08-09,1000000.00,4.240053,100.16796875
08:01:03,912810UC0,TSRYS5860825,D,S,D,2024-08-09,1000000.00,4.241439,100.14453125
08:01:03,912810UC0,TSRYS5860825,D,B,C,2024-08-09,1000000.00,4.240977,100.15234375
08:01:03,912810UC0,TSRYS5860825,D,S,T,2024-08-09,1000000.00,4.230604,100.327898
08:01:03,912810UC0,TSRYS5860825,D,S,D,2024-08-09,1000000.00,4.239591,100.17578125
08:01:03,912810UC0,TSRYS5860825,D,S,D,2024-08-09,1000000.00,4.240746,100.15625
08:01:03,912810UC0,TSRYS5860825,D,S,D,2024-08-09,1000000.00,4.237512,100.2109375
08:01:03,912810UC0,TSRYS5860825,D,S,C,2024-08-09,1000000.00,4.230821,100.32421875
08:01:03,912810UC0,TSRYS5860825,D,S,D,2024-08-09,1000000.00,4.240515,100.16015625
08:01:03,912810UC0,TSRYS5860825,D,B,C,2024-08-09,1000000.00,4.231513,100.3125
08:01:03,912810UC0,TSRYS5860825,D,S,D,2024-08-09,1000000.00,4.231513,100.3125
08:01:03,912810UC0,TSRYS5860825,D,S,D,2024-08-09,1000000.00,4.23936,100.1796875
08:01:03,912810UC0,TSRYS5860825,D,B,C,2024-08-09,1000000.00,4.239591,100.17578125
08:01:03,912810UC0,TSRYS5860825,D,B,C,2024-08-09,1000000.00,4.23705,100.21875
08:01:03,912810UC0,TSRYS5860825,D,B,C,2024-08-09,1000000.00,4.237281,100.21484375
08:01:03,912810UC0,TSRYS5860825,D,S,D,2024-08-09,1000000.00,4.237281,100.21484375
08:01:03,912810UC0,TSRYS5860825,D,S,D,2024-08-09,1000000.00,4.23705,100.21875
08:01:03,912810UC0,TSRYS5860825,D,S,T,2024-08-09,1000000.00,4.230598,100.328
08:01:04,912810UC0,TSRYS5860825,D,S,T,2024-08-09,1000000.00,4.230598,100.328
08:01:04,912810UC0,TSRYS5860825,D,S,T,2024-08-09,1000000.00,4.230604,100.327898
08:01:04,912810UC0,TSRYS5860825,D,S,T,2024-08-09,1000000.00,4.230604,100.327898
08:01:04,912810UC0,TSRYS5860825,D,S,T,2024-08-09,2000000.00,4.230604,100.327898
08:01:05,912810UC0,TSRYS5860825,D,S,C,2024-08-09,50MM+,4.27975,99.5
08:01:05,912810UC0,TSRYS5860825,D,B,C,2024-08-09,1700000.00,4.227388,100.3824125
08:01:05,912810UC0,TSRYS5860825,D,S,T,2024-08-09,1000000.00,4.23152,100.312375
08:01:05,912810UC0,TSRYS5860825,D,S,T,2024-08-09,2000000.00,4.231526,100.312273
08:01:05,912810UC0,TSRYS5860825,D,S,T,2024-08-09,1000000.00,4.231526,100.312273
08:01:05,912810UC0,TSRYS5860825,D,S,T,2024-08-09,1000000.00,4.231526,100.312273
08:01:05,912810UC0,TSRYS5860825,D,S,T,2024-08-09,1000000.00,4.231526,100.312273
08:01:06,912810UC0,TSRYS5860825,D,S,D,2024-08-09,250000.00,4.270431,99.65625
08:01:08,912810UC0,TSRYS5860825,D,S,D,2024-08-09,1000000.00,4.247958,100.0344563
08:01:08,912810UC0,TSRYS5860825,D,S,D,2024-08-09,250000.00,4.247685,100.0390625
08:01:08,912810UC0,TSRYS5860825,D,S,T,2024-08-09,1000000.00,4.239135,100.18349375
08:01:08,912810UC0,TSRYS5860825,D,S,T,2024-08-09,1000000.00,4.235204,100.25
08:01:08,912810UC0,TSRYS5860825,D,S,T,2024-08-09,1000000.00,4.231167,100.318359375
08:01:08,912810UC0,TSRYS5860825,D,S,T,2024-08-09,1000000.00,4.231167,100.318359375
08:01:08,912810UC0,TSRYS5860825,D,S,D,2024-08-09,2000000.00,4.232476,100.296175
08:01:08,912810UC0,TSRYS5860825,D,S,T,2024-08-09,1000000.00,4.226097,100.404296875
08:01:08,912810UC0,TSRYS5860825,D,S,T,2024-08-09,1000000.00,4.228176,100.369040625
08:01:09,912810UC0,TSRYS5860825,D,B,A,2024-08-09,26687000.00,4.27975,99.5
08:01:09,912810UC0,TSRYS5860825,D,S,D,2024-08-09,500000.00,4.225982,100.40625
08:01:09,912810UC0,TSRYS5860825,D,S,T,2024-08-09,1000000.00,4.23705,100.21875
08:01:09,912810UC0,TSRYS5860825,D,S,T,2024-08-09,1000000.00,4.23705,100.21875
08:01:09,912810UC0,TSRYS5860825,D,S,D,2024-08-09,1000000.00,4.270431,99.65625
08:01:09,912810UC0,TSRYS5860825,D,S,D,2024-08-09,1000000.00,4.247916,100.03515625
08:01:10,912810UC0,TSRYS5860825,D,S,T,2024-08-09,1000000.00,4.270437,99.65615
08:01:10,912810UC0,TSRYS5860825,D,S,T,2024-08-09,1000000.00,4.232441,100.296775
08:01:11,912810UC0,TSRYS5860825,D,S,D,2024-08-09,5000000.00,4.268528,99.6882
08:01:11,912810UC0,TSRYS5860825,D,S,D,2024-08-09,5000000.00,4.257376,99.8757
08:01:11,912810UC0,TSRYS5860825,D,S,D,2024-08-09,10000000.00,4.263227,99.7772578
08:01:12,912810UC0,TSRYS5860825,D,S,T,2024-08-09,1000000.00,4.238911,100.187273
08:01:12,912810UC0,TSRYS5860825,D,S,T,2024-08-09,1000000.00,4.266709,99.71875
08:01:12,912810UC0,TSRYS5860825,D,S,T,2024-08-09,1000000.00,4.270431,99.65625
08:01:12,912810UC0,TSRYS5860825,D,S,T,2024-08-09,1000000.00,4.268569,99.6875
08:01:12,912810UC0,TSRYS5860825,D,S,T,2024-08-09,1000000.00,4.268569,99.6875
08:01:13,912810UC0,TSRYS5860825,D,S,T,2024-08-09,1000000.00,4.268569,99.6875
08:01:13,912810UC0,TSRYS5860825,D,S,T,2024-08-09,1000000.00,4.266709,99.71875
08:01:13,912810UC0,TSRYS5860825,D,S,T,2024-08-09,1000000.00,4.261141,99.81235
08:01:13,912810UC0,TSRYS5860825,D,S,T,2024-08-09,1000000.00,4.266718,99.7186
08:01:13,912810UC0,TSRYS5860825,D,S,T,2024-08-09,1000000.00,4.268578,99.68735
08:01:13,912810UC0,TSRYS5860825,D,S,T,2024-08-09,1000000.00,4.269509,99.671725
08:01:13,912810UC0,TSRYS5860825,D,S,T,2024-08-09,1000000.00,4.268578,99.68735
08:01:13,912810UC0,TSRYS5860825,D,S,T,2024-08-09,1000000.00,4.268578,99.68735
08:01:13,912810UC0,TSRYS5860825,D,S,T,2024-08-09,1000000.00,4.266718,99.7186
08:01:13,912810UC0,TSRYS5860825,D,S,T,2024-08-09,1000000.00,4.266718,99.7186
08:01:13,912810UC0,TSRYS5860825,D,S,T,2024-08-09,2000000.00,4.261132,99.8125
08:01:13,912810UC0,TSRYS5860825,D,S,T,2024-08-09,1000000.00,4.261132,99.8125
08:01:13,912810UC0,TSRYS5860825,D,S,T,2024-08-09,1000000.00,4.261132,99.8125
08:01:13,912810UC0,TSRYS5860825,D,S,T,2024-08-09,1000000.00,4.266709,99.71875
08:01:13,912810UC0,TSRYS5860825,D,S,D,2024-08-09,1000000.00,4.258114,99.86328125
08:01:13,912810UC0,TSRYS5860825,D,S,T,2024-08-09,1000000.00,4.258114,99.86328125
08:01:13,912810UC0,TSRYS5860825,D,S,T,2024-08-09,1000000.00,4.25823,99.86132812
08:01:13,912810UC0,TSRYS5860825,D,S,T,2024-08-09,2000000.00,4.257882,99.8671875
08:01:13,912810UC0,TSRYS5860825,D,S,T,2024-08-09,1000000.00,4.257882,99.8671875
08:01:13,912810UC0,TSRYS5860825,D,S,T,2024-08-09,1000000.00,4.256722,99.88671875
08:01:13,912810UC0,TSRYS5860825,D,S,T,2024-08-09,1000000.00,4.25649,99.890625
08:01:13,912810UC0,TSRYS5860825,D,S,T,2024-08-09,1000000.00,4.256722,99.88671875
08:01:13,912810UC0,TSRYS5860825,D,S,T,2024-08-09,1000000.00,4.256722,99.88671875
08:01:13,912810UC0,TSRYS5860825,D,S,T,2024-08-09,1000000.00,4.25649,99.890625
08:01:14,912810UC0,TSRYS5860825,D,S,T,2024-08-09,1000000.00,4.25649,99.890625
08:01:14,912810UC0,TSRYS5860825,D,S,T,2024-08-09,1000000.00,4.254635,99.921875
08:01:14,912810UC0,TSRYS5860825,D,S,T,2024-08-09,1000000.00,4.227594,100.37890625
08:01:14,912810UC0,TSRYS5860825,D,S,T,2024-08-09,1000000.00,4.232896,100.2890625
08:01:14,912810UC0,TSRYS5860825,D,S,T,2024-08-09,1000000.00,4.233012,100.287109375
08:01:14,912810UC0,TSRYS5860825,D,S,T,2024-08-09,1000000.00,4.233012,100.287109375
08:01:14,912810UC0,TSRYS5860825,D,S,T,2024-08-09,1000000.00,4.233012,100.287109375
08:01:14,912810UC0,TSRYS5860825,D,S,T,2024-08-09,1000000.00,4.232896,100.2890625
08:01:14,912810UC0,TSRYS5860825,D,S,T,2024-08-09,1000000.00,4.232781,100.291015625
08:01:14,912810UC0,TSRYS5860825,D,B,C,2024-08-09,11000000.00,4.265747,99.7349
08:01:14,912810UC0,TSRYS5860825,D,S,T,2024-08-09,1000000.00,4.265779,99.734375
08:01:14,912810UC0,TSRYS5860825,D,S,T,2024-08-09,1000000.00,4.265785,99.734273
08:01:14,912810UC0,TSRYS5860825,D,S,T,2024-08-09,2000000.00,4.265785,99.734273
08:01:14,912810UC0,TSRYS5860825,D,S,T,2024-08-09,1000000.00,4.265785,99.734273
08:01:14,912810UC0,TSRYS5860825,D,S,T,2024-08-09,1000000.00,4.265785,99.734273
08:01:14,912810UC0,TSRYS5860825,D,S,T,2024-08-09,1000000.00,4.265785,99.734273
08:01:15,912810UC0,TSRYS5860825,D,S,T,2024-08-09,1000000.00,4.256722,99.88671875
08:01:15,912810UC0,TSRYS5860825,D,S,D,2024-08-09,1000000.00,4.256026,99.8984375
08:01:15,912810UC0,TSRYS5860825,D,S,T,2024-08-09,1000000.00,4.256026,99.8984375
08:01:15,912810UC0,TSRYS5860825,D,S,D,2024-08-09,1000000.00,4.256026,99.8984375
08:01:15,912810UC0,TSRYS5860825,D,S,T,2024-08-09,1000000.00,4.256026,99.8984375
08:01:15,912810UC0,TSRYS5860825,D,S,T,2024-08-09,1000000.00,4.256026,99.8984375
08:01:15,912810UC0,TSRYS5860825,D,S,T,2024-08-09,1000000.00,4.262996,99.781148
08:01:15,912810UC0,TSRYS5860825,D,S,D,2024-08-09,1000000.00,4.256026,99.8984375
08:01:15,912810UC0,TSRYS5860825,D,S,T,2024-08-09,1000000.00,4.263455,99.7734375
08:01:15,912810UC0,TSRYS5860825,D,S,T,2024-08-09,1000000.00,4.25591,99.90039062
08:01:15,912810UC0,TSRYS5860825,D,S,T,2024-08-09,1000000.00,4.255571,99.9061
08:01:15,912810UC0,TSRYS5860825,D,S,T,2024-08-09,1000000.00,4.25765,99.87109375
08:01:15,912810UC0,TSRYS5860825,D,S,T,2024-08-09,1000000.00,4.258346,99.859375
08:01:15,912810UC0,TSRYS5860825,D,S,T,2024-08-09,1000000.00,4.258346,99.859375
08:01:15,912810UC0,TSRYS5860825,D,S,T,2024-08-09,1000000.00,4.258346,99.859375
08:01:15,912810UC0,TSRYS5860825,D,S,T,2024-08-09,1000000.00,4.258346,99.859375
08:01:15,912810UC0,TSRYS5860825,D,S,T,2024-08-09,1000000.00,4.258355,99.859225
08:01:15,912810UC0,TSRYS5860825,D,B,C,2024-08-09,15000000.00,4.257035,99.88144
08:01:16,912810UC0,TSRYS5860825,D,S,C,2024-08-09,26000000.00,4.27975,99.5
08:01:16,912810UC0,TSRYS5860825,D,S,T,2024-08-09,1000000.00,4.268569,99.6875
08:01:17,912810UC0,TSRYS5860825,D,S,D,2024-08-09,1000000.00,4.269267,99.67578125
08:01:17,912810UC0,TSRYS5860825,D,S,D,2024-08-09,10400000.00,4.27975,99.5
08:01:17,912810UC0,TSRYS5860825,D,S,D,2024-08-09,15600000.00,4.27975,99.5
08:01:17,912810UC0,TSRYS5860825,D,S,D,2024-08-09,26000000.00,4.27975,99.5
08:01:17,912810UC0,TSRYS5860825,D,S,D,2024-08-09,10400000.00,4.27975,99.5
08:01:17,912810UC0,TSRYS5860825,D,S,D,2024-08-09,41600000.00,4.27975,99.5
08:01:17,912810UC0,TSRYS5860825,D,S,C,2024-08-09,3000000.00,4.255822,99.90187
08:01:17,912810UC0,TSRYS5860825,D,S,C,2024-08-09,1125000.00,4.255822,99.90187
08:01:17,912810UC0,TSRYS5860825,D,S,C,2024-08-09,10875000.00,4.255822,99.90187
08:01:17,912810UC0,TSRYS5860825,D,B,C,2024-08-09,41600000.00,4.27975,99.5
08:01:17,912810UC0,TSRYS5860825,D,B,C,2024-08-09,2000000.00,4.264408,99.7574125
08:01:17,912810UC0,TSRYS5860825,D,S,T,2024-08-09,2000000.00,4.238907,100.187348
08:01:17,912810UC0,TSRYS5860825,D,B,A,2024-08-09,2000000.00,4.238907,100.187348
08:01:17,912810UC0,TSRYS5860825,D,B,C,2024-08-09,10400000.00,4.27975,99.5
08:01:17,912810UC0,TSRYS5860825,D,S,T,2024-08-09,2000000.00,4.233367,100.281098
08:01:17,912810UC0,TSRYS5860825,D,B,A,2024-08-09,2000000.00,4.233367,100.281098
08:01:17,912810UC0,TSRYS5860825,D,S,T,2024-08-09,1000000.00,4.231522,100.312348
08:01:17,912810UC0,TSRYS5860825,D,B,A,2024-08-09,1000000.00,4.231522,100.312348
08:01:17,912810UC0,TSRYS5860825,D,S,T,2024-08-09,1000000.00,4.231522,100.312348
08:01:17,912810UC0,TSRYS5860825,D,B,A,2024-08-09,1000000.00,4.231522,100.312348
08:01:17,912810UC0,TSRYS5860825,D,S,T,2024-08-09,1000000.00,4.232444,100.296725
08:01:17,912810UC0,TSRYS5860825,D,B,A,2024-08-09,1000000.00,4.232444,100.296725
08:01:17,912810UC0,TSRYS5860825,D,S,T,2024-08-09,1000000.00,4.232435,100.296875
08:01:17,912810UC0,TSRYS5860825,D,B,A,2024-08-09,1000000.00,4.232435,100.296875
08:01:17,912810UC0,TSRYS5860825,D,S,T,2024-08-09,1000000.00,4.232444,100.296723
08:01:17,912810UC0,TSRYS5860825,D,B,A,2024-08-09,1000000.00,4.232444,100.296723
08:01:17,912810UC0,TSRYS5860825,D,B,A,2024-08-09,1000000.00,4.232905,100.2889125
08:01:17,912810UC0,TSRYS5860825,D,S,T,2024-08-09,1000000.00,4.232905,100.2889125
08:01:17,912810UC0,TSRYS5860825,D,B,A,2024-08-09,2000000.00,4.229677,100.343598
08:01:17,912810UC0,TSRYS5860825,D,S,T,2024-08-09,2000000.00,4.229677,100.343598
08:01:17,912810UC0,TSRYS5860825,D,S,A,2024-08-09,1000000.00,4.238196,100.19936875
08:01:17,912810UC0,TSRYS5860825,D,S,A,2024-08-09,1000000.00,4.237965,100.203277
08:01:17,912810UC0,TSRYS5860825,D,S,A,2024-08-09,1000000.00,4.237965,100.203277
08:01:17,912810UC0,TSRYS5860825,D,S,A,2024-08-09,1000000.00,4.237965,100.203277
08:01:17,912810UC0,TSRYS5860825,D,S,A,2024-08-09,1000000.00,4.237965,100.203277
08:01:17,912810UC0,TSRYS5860825,D,S,A,2024-08-09,1000000.00,4.237965,100.203277
08:01:17,912810UC0,TSRYS5860825,D,S,A,2024-08-09,1000000.00,4.237965,100.203277
08:01:17,912810UC0,TSRYS5860825,D,S,A,2024-08-09,1000000.00,4.237965,100.203277
08:01:17,912810UC0,TSRYS5860825,D,S,A,2024-08-09,1000000.00,4.23912,100.18374375
08:01:17,912810UC0,TSRYS5860825,D,S,A,2024-08-09,1000000.00,4.239013,100.18554687
08:01:17,912810UC0,TSRYS5860825,D,S,A,2024-08-09,1000000.00,4.239004,100.18569687
08:01:17,912810UC0,TSRYS5860825,D,S,A,2024-08-09,1000000.00,4.239013,100.18554687
08:01:17,912810UC0,TSRYS5860825,D,S,T,2024-08-09,1000000.00,4.2695,99.671875
08:01:17,912810UC0,TSRYS5860825,D,S,A,2024-08-09,1000000.00,4.238889,100.187652
08:01:17,912810UC0,TSRYS5860825,D,S,D,2024-08-09,10400000.00,4.27975,99.5
08:01:17,912810UC0,TSRYS5860825,D,S,A,2024-08-09,1000000.00,4.239013,100.18554687
08:01:17,912810UC0,TSRYS5860825,D,S,D,2024-08-09,50MM+,4.27975,99.5
08:01:17,912810UC0,TSRYS5860825,D,S,A,2024-08-09,1000000.00,4.238889,100.187652
08:01:17,912810UC0,TSRYS5860825,D,S,A,2024-08-09,1000000.00,4.238889,100.187652
08:01:17,912810UC0,TSRYS5860825,D,S,D,2024-08-09,1000000.00,4.231513,100.3125
08:01:17,912810UC0,TSRYS5860825,D,S,A,2024-08-09,1000000.00,4.237965,100.203277
08:01:17,912810UC0,TSRYS5860825,D,B,A,2024-08-09,1000000.00,4.236136,100.234223
08:01:17,912810UC0,TSRYS5860825,D,S,D,2024-08-09,9900000.00,4.27975,99.5
08:01:17,912810UC0,TSRYS5860825,D,B,C,2024-08-09,5000000.00,4.23059,100.328125
08:01:17,912810UC0,TSRYS5860825,D,S,T,2024-08-09,1000000.00,4.236136,100.234223
08:01:17,912810UC0,TSRYS5860825,D,B,A,2024-08-09,1000000.00,4.236136,100.234223
08:01:17,912810UC0,TSRYS5860825,D,S,T,2024-08-09,1000000.00,4.236136,100.234223
08:01:17,912810UC0,TSRYS5860825,D,S,D,2024-08-09,24700000.00,4.27975,99.5
08:01:18,912810UC0,TSRYS5860825,D,S,D,2024-08-09,1000000.00,4.266244,99.7265625
08:01:18,912810UC0,TSRYS5860825,D,S,D,2024-08-09,14850000.00,4.27975,99.5
08:01:18,912810UC0,TSRYS5860825,D,S,A,2024-08-09,1000000.00,4.235195,100.250152
08:01:18,912810UC0,TSRYS5860825,D,S,D,2024-08-09,24750000.00,4.27975,99.5
08:01:18,912810UC0,TSRYS5860825,D,S,D,2024-08-09,9900000.00,4.27975,99.5
08:01:18,912810UC0,TSRYS5860825,D,S,D,2024-08-09,14850000.00,4.27975,99.5
08:01:18,912810UC0,TSRYS5860825,D,S,T,2024-08-09,1000000.00,4.268453,99.68945312
08:01:18,912810UC0,TSRYS5860825,D,S,A,2024-08-09,1000000.00,4.233349,100.281402
08:01:18,912810UC0,TSRYS5860825,D,S,A,2024-08-09,1000000.00,4.233579,100.27749375
08:01:18,912810UC0,TSRYS5860825,D,S,D,2024-08-09,4950000.00,4.27975,99.5
08:01:18,912810UC0,TSRYS5860825,D,S,A,2024-08-09,1000000.00,4.233588,100.27734375
08:01:18,912810UC0,TSRYS5860825,D,S,D,2024-08-09,1000000.00,4.266709,99.71875
08:01:18,912810UC0,TSRYS5860825,D,S,A,2024-08-09,1000000.00,4.233349,100.281402
08:01:18,912810UC0,TSRYS5860825,D,S,D,2024-08-09,9900000.00,4.27975,99.5
08:01:18,912810UC0,TSRYS5860825,D,S,A,2024-08-09,1000000.00,4.233464,100.27944687
08:01:18,912810UC0,TSRYS5860825,D,S,D,2024-08-09,1000000.00,4.266476,99.72265625
08:01:18,912810UC0,TSRYS5860825,D,S,D,2024-08-09,9900000.00,4.27975,99.5
08:01:18,912810UC0,TSRYS5860825,D,S,A,2024-08-09,1000000.00,4.233349,100.281402
08:01:18,912810UC0,TSRYS5860825,D,S,T,2024-08-09,1000000.00,4.26636,99.72460937
08:01:18,912810UC0,TSRYS5860825,D,S,A,2024-08-09,1000000.00,4.233349,100.281402
08:01:18,912810UC0,TSRYS5860825,D,S,D,2024-08-09,24700000.00,4.27975,99.5
08:01:18,912810UC0,TSRYS5860825,D,S,A,2024-08-09,1000000.00,4.233349,100.281402
08:01:18,912810UC0,TSRYS5860825,D,S,D,2024-08-09,9900000.00,4.27975,99.5
08:01:18,912810UC0,TSRYS5860825,D,S,A,2024-08-09,1000000.00,4.233349,100.281402
08:01:18,912810UC0,TSRYS5860825,D,S,A,2024-08-09,1000000.00,4.233349,100.281402
08:01:18,912810UC0,TSRYS5860825,D,S,D,2024-08-09,9900000.00,4.27975,99.5
08:01:18,912810UC0,TSRYS5860825,D,S,A,2024-08-09,1000000.00,4.233349,100.281402
08:01:18,912810UC0,TSRYS5860825,D,B,C,2024-08-09,9900000.00,4.27975,99.5
08:01:18,912810UC0,TSRYS5860825,D,S,A,2024-08-09,1000000.00,4.233464,100.27944687
08:01:18,912810UC0,TSRYS5860825,D,S,A,2024-08-09,1000000.00,4.233473,100.27929687
08:01:18,912810UC0,TSRYS5860825,D,B,C,2024-08-09,19800000.00,4.27975,99.5
08:01:18,912810UC0,TSRYS5860825,D,S,A,2024-08-09,1000000.00,4.233349,100.281402
08:01:18,912810UC0,TSRYS5860825,D,S,A,2024-08-09,1000000.00,4.233579,100.27749375
08:01:18,912810UC0,TSRYS5860825,D,S,A,2024-08-09,2000000.00,4.233349,100.281402
08:01:18,912810UC0,TSRYS5860825,D,S,A,2024-08-09,1000000.00,4.233349,100.281402
08:01:18,912810UC0,TSRYS5860825,D,S,A,2024-08-09,1000000.00,4.233349,100.281402
08:01:18,912810UC0,TSRYS5860825,D,S,A,2024-08-09,1000000.00,4.232426,100.297027
08:01:18,912810UC0,TSRYS5860825,D,S,A,2024-08-09,1000000.00,4.230581,100.328277
08:01:18,912810UC0,TSRYS5860825,D,S,A,2024-08-09,1000000.00,4.230581,100.328277
08:01:18,912810UC0,TSRYS5860825,D,S,A,2024-08-09,1000000.00,4.230581,100.328277
08:01:18,912810UC0,TSRYS5860825,D,S,A,2024-08-09,1000000.00,4.230581,100.328277
08:01:18,912810UC0,TSRYS5860825,D,S,T,2024-08-09,1000000.00,4.266721,99.71855
08:01:18,912810UC0,TSRYS5860825,D,S,D,2024-08-09,19800000.00,4.27975,99.5
08:01:18,912810UC0,TSRYS5860825,D,S,A,2024-08-09,1000000.00,4.230581,100.328277
08:01:18,912810UC0,TSRYS5860825,D,S,A,2024-08-09,1000000.00,4.227816,100.375152
08:01:18,912810UC0,TSRYS5860825,D,S,A,2024-08-09,1000000.00,4.227816,100.375152
08:01:18,912810UC0,TSRYS5860825,D,B,A,2024-08-09,2000000.00,4.22507,100.421723
08:01:18,912810UC0,TSRYS5860825,D,S,T,2024-08-09,2000000.00,4.22507,100.421723
08:01:18,912810UC0,TSRYS5860825,D,B,C,2024-08-09,9900000.00,4.27975,99.5
08:01:18,912810UC0,TSRYS5860825,D,B,C,2024-08-09,24700000.00,4.27975,99.5
08:01:18,912810UC0,TSRYS5860825,D,B,C,2024-08-09,14850000.00,4.27975,99.5
08:01:18,912810UC0,TSRYS5860825,D,B,C,2024-08-09,24750000.00,4.27975,99.5
08:01:18,912810UC0,TSRYS5860825,D,S,D,2024-08-09,12000000.00,4.234281,100.265625
08:01:18,912810UC0,TSRYS5860825,D,B,C,2024-08-09,9900000.00,4.27975,99.5
08:01:18,912810UC0,TSRYS5860825,D,S,D,2024-08-09,18000000.00,4.23405,100.26953125
08:01:18,912810UC0,TSRYS5860825,D,B,A,2024-08-09,1000000.00,4.225991,100.406098
08:01:18,912810UC0,TSRYS5860825,D,S,T,2024-08-09,1000000.00,4.225991,100.406098
08:01:18,912810UC0,TSRYS5860825,D,B,C,2024-08-09,15000000.00,4.226443,100.3984375
08:01:18,912810UC0,TSRYS5860825,D,S,T,2024-08-09,1000000.00,4.239591,100.17578125
08:01:18,912810UC0,TSRYS5860825,D,S,A,2024-08-09,15000000.00,4.226443,100.3984375
08:01:18,912810UC0,TSRYS5860825,D,S,T,2024-08-09,1000000.00,4.266721,99.71855
08:01:18,912810UC0,TSRYS5860825,D,S,D,2024-08-09,34600000.00,4.27975,99.5
08:01:18,912810UC0,TSRYS5860825,D,S,T,2024-08-09,1000000.00,4.233358,100.28125
08:01:18,912810UC0,TSRYS5860825,D,S,T,2024-08-09,1000000.00,4.233358,100.28125
08:01:18,912810UC0,TSRYS5860825,D,S,D,2024-08-09,10450000.00,4.27975,99.5
08:01:18,912810UC0,TSRYS5860825,D,S,T,2024-08-09,1000000.00,4.233358,100.28125
08:01:18,912810UC0,TSRYS5860825,D,S,T,2024-08-09,1000000.00,4.233358,100.28125
08:01:18,912810UC0,TSRYS5860825,D,S,D,2024-08-09,1000000.00,4.240284,100.1640625
08:01:18,912810UC0,TSRYS5860825,D,S,D,2024-08-09,3100000.00,4.27975,99.5
08:01:18,912810UC0,TSRYS5860825,D,S,D,2024-08-09,1000000.00,4.241208,100.1484375
08:01:18,912810UC0,TSRYS5860825,D,S,D,2024-08-09,1000000.00,4.241208,100.1484375
08:01:18,912810UC0,TSRYS5860825,D,S,T,2024-08-09,1000000.00,4.241439,100.14453125
08:01:18,912810UC0,TSRYS5860825,D,S,T,2024-08-09,1000000.00,4.241208,100.1484375
08:01:18,912810UC0,TSRYS5860825,D,S,T,2024-08-09,2000000.00,4.241439,100.14453125
08:01:19,912810UC0,TSRYS5860825,D,S,D,2024-08-09,1000000.00,4.240284,100.1640625
08:01:19,912810UC0,TSRYS5860825,D,S,D,2024-08-09,10400000.00,4.27975,99.5
08:01:19,912810UC0,TSRYS5860825,D,S,T,2024-08-09,1000000.00,4.240755,100.1561
08:01:19,912810UC0,TSRYS5860825,D,S,T,2024-08-09,2000000.00,4.240515,100.16015625
08:01:19,912810UC0,TSRYS5860825,D,B,A,2024-08-09,50MM+,4.27975,99.5
08:01:19,912810UC0,TSRYS5860825,D,B,C,2024-08-09,10400000.00,4.27975,99.5
08:01:19,912810UC0,TSRYS5860825,D,S,T,2024-08-09,1000000.00,4.239129,100.18359375
08:01:19,912810UC0,TSRYS5860825,D,B,C,2024-08-09,3100000.00,4.27975,99.5
08:01:19,912810UC0,TSRYS5860825,D,S,T,2024-08-09,1000000.00,4.239129,100.18359375
08:01:19,912810UC0,TSRYS5860825,D,B,C,2024-08-09,10450000.00,4.27975,99.5
08:01:19,912810UC0,TSRYS5860825,D,S,T,2024-08-09,1000000.00,4.239244,100.18164062
08:01:19,912810UC0,TSRYS5860825,D,S,T,2024-08-09,1000000.00,4.263803,99.76757812
08:01:19,912810UC0,TSRYS5860825,D,S,D,2024-08-09,1000000.00,4.23936,100.1796875
08:01:19,912810UC0,TSRYS5860825,D,S,T,2024-08-09,1000000.00,4.239129,100.18359375
08:01:19,912810UC0,TSRYS5860825,D,S,T,2024-08-09,1000000.00,4.239129,100.18359375
08:01:19,912810UC0,TSRYS5860825,D,S,T,2024-08-09,1000000.00,4.239129,100.18359375
08:01:19,912810UC0,TSRYS5860825,D,S,T,2024-08-09,1000000.00,4.239129,100.18359375
08:01:19,912810UC0,TSRYS5860825,D,S,D,2024-08-09,1000000.00,4.23936,100.1796875
08:01:19,912810UC0,TSRYS5860825,D,S,D,2024-08-09,1000000.00,4.23936,100.1796875
08:01:19,912810UC0,TSRYS5860825,D,S,D,2024-08-09,1000000.00,4.239129,100.18359375
08:01:19,912810UC0,TSRYS5860825,D,S,D,2024-08-09,1000000.00,4.238898,100.1875
08:01:19,912810UC0,TSRYS5860825,D,S,T,2024-08-09,1000000.00,4.239244,100.18164062
08:01:19,912810UC0,TSRYS5860825,D,S,D,2024-08-09,1000000.00,4.23936,100.1796875
08:01:19,912810UC0,TSRYS5860825,D,S,D,2024-08-09,1000000.00,4.238898,100.1875
08:01:19,912810UC0,TSRYS5860825,D,S,T,2024-08-09,1000000.00,4.239129,100.18359375
08:01:19,912810UC0,TSRYS5860825,D,S,T,2024-08-09,1000000.00,4.239129,100.18359375
08:01:20,912810UC0,TSRYS5860825,D,S,T,2024-08-09,1000000.00,4.239129,100.18359375
08:01:20,912810UC0,TSRYS5860825,D,S,T,2024-08-09,1000000.00,4.239129,100.18359375
08:01:20,912810UC0,TSRYS5860825,D,S,T,2024-08-09,1000000.00,4.238436,100.1953125
08:01:20,912810UC0,TSRYS5860825,D,S,T,2024-08-09,1000000.00,4.238436,100.1953125
08:01:20,912810UC0,TSRYS5860825,D,S,T,2024-08-09,1000000.00,4.232435,100.296875
08:01:20,912810UC0,TSRYS5860825,D,B,C,2024-08-09,18000000.00,4.239116,100.18381
08:01:20,912810UC0,TSRYS5860825,D,B,C,2024-08-09,12000000.00,4.240844,100.15459
08:01:20,912810UC0,TSRYS5860825,D,S,D,2024-08-09,1000000.00,4.235204,100.25
08:01:20,912810UC0,TSRYS5860825,D,S,C,2024-08-09,3000000.00,4.236465,100.22865
08:01:20,912810UC0,TSRYS5860825,D,S,D,2024-08-09,1000000.00,4.232896,100.2890625
08:01:20,912810UC0,TSRYS5860825,D,S,C,2024-08-09,1000000.00,4.230821,100.32421875
08:01:20,912810UC0,TSRYS5860825,D,S,D,2024-08-09,1000000.00,4.228746,100.359375
08:01:21,912810UC0,TSRYS5860825,D,S,D,2024-08-09,1000000.00,4.225061,100.421875
08:01:21,912810UC0,TSRYS5860825,D,S,T,2024-08-09,1000000.00,4.265779,99.734375
08:01:21,912810UC0,TSRYS5860825,D,S,T,2024-08-09,1000000.00,4.265779,99.734375
08:01:21,912810UC0,TSRYS5860825,D,S,D,2024-08-09,1000000.00,4.228516,100.36328125
08:01:21,912810UC0,TSRYS5860825,D,S,T,2024-08-09,1000000.00,4.265779,99.734375
08:01:21,912810UC0,TSRYS5860825,D,S,T,2024-08-09,1000000.00,4.265779,99.734375
08:01:21,912810UC0,TSRYS5860825,D,S,C,2024-08-09,1000000.00,4.226673,100.39453125
08:01:21,912810UC0,TSRYS5860825,D,S,T,2024-08-09,1000000.00,4.265779,99.734375
08:01:22,912810UC0,TSRYS5860825,D,S,T,2024-08-09,2000000.00,4.267181,99.7108125
08:01:22,912810UC0,TSRYS5860825,D,S,D,2024-08-09,1000000.00,4.227594,100.37890625
08:01:22,912810UC0,TSRYS5860825,D,S,C,2024-08-09,1000000.00,4.228516,100.36328125
08:01:22,912810UC0,TSRYS5860825,D,S,D,2024-08-09,1000000.00,4.266127,99.72851562
08:01:22,912810UC0,TSRYS5860825,D,S,D,2024-08-09,1000000.00,4.226673,100.39453125
08:01:22,912810UC0,TSRYS5860825,D,S,C,2024-08-09,1000000.00,4.228055,100.37109375
08:01:23,912810UC0,TSRYS5860825,D,S,T,2024-08-09,1000000.00,4.238551,100.193359375
08:01:23,912810UC0,TSRYS5860825,D,S,T,2024-08-09,1000000.00,4.238089,100.201171875
08:01:23,912810UC0,TSRYS5860825,D,S,T,2024-08-09,1000000.00,4.23832,100.197265625
08:01:23,912810UC0,TSRYS5860825,D,S,T,2024-08-09,2000000.00,4.237974,100.203125
08:01:23,912810UC0,TSRYS5860825,D,S,T,2024-08-09,1000000.00,4.237974,100.203125
08:01:23,912810UC0,TSRYS5860825,D,S,T,2024-08-09,1000000.00,4.237974,100.203125
08:01:23,912810UC0,TSRYS5860825,D,S,T,2024-08-09,1000000.00,4.238436,100.1953125
