tradeTime,cusip,issueSymbolIdentifier,priceType,reportingSideCode,contraPartyTypeCode,tradeDate,reportedTradeVolume,lastSaleYield,lastSalePrice
08:00:04,912810UA4,TSRYS5802849,D,S,D,2024-05-10,1000000.00,4.610259,100.23828125
08:00:04,912810UA4,TSRYS5802849,D,S,D,2024-05-10,1000000.00,4.596049,100.46875
08:00:04,912810UA4,TSRYS5802849,D,S,D,2024-05-10,1000000.00,4.596049,100.46875
08:00:04,912810UA4,TSRYS5802849,D,S,D,2024-05-10,1000000.00,4.593165,100.515625
08:00:04,912810UA4,TSRYS5802849,D,S,D,2024-05-10,1000000.00,4.593165,100.515625
08:00:04,912810UA4,TSRYS5802849,D,S,D,2024-05-10,1000000.00,4.593165,100.515625
08:00:04,912810UA4,TSRYS5802849,D,S,D,2024-05-10,1000000.00,4.603991,100.33984375
08:00:04,912810UA4,TSRYS5802849,D,S,D,2024-05-10,1000000.00,4.609535,100.25
08:00:04,912810UA4,TSRYS5802849,D,S,D,2024-05-10,1000000.00,4.609535,100.25
08:00:04,912810UA4,TSRYS5802849,D,S,D,2024-05-10,1000000.00,4.605196,100.3203125
08:00:04,912810UA4,TSRYS5802849,D,S,D,2024-05-10,1000000.00,4.609897,100.244140625
08:00:04,912810UA4,TSRYS5802849,D,S,D,2024-05-10,1000000.00,4.609897,100.244140625
08:00:04,912810UA4,TSRYS5802849,D,S,D,2024-05-10,1000000.00,4.609656,100.248046875
08:00:04,912810UA4,TSRYS5802849,D,S,T,2024-05-10,1000000.00,4.609656,100.248046875
08:00:04,912810UA4,TSRYS5802849,D,S,T,2024-05-10,1000000.00,4.609656,100.248046875
08:00:04,912810UA4,TSRYS5802849,D,S,D,2024-05-10,1000000.00,4.608209,100.271484375
08:00:04,912810UA4,TSRYS5802849,D,S,D,2024-05-10,1000000.00,4.609656,100.248046875
08:00:04,912810UA4,TSRYS5802849,D,S,T,2024-05-10,1000000.00,4.597973,100.4375
08:00:04,912810UA4,TSRYS5802849,D,S,T,2024-05-10,1000000.00,4.597973,100.4375
08:00:04,912810UA4,TSRYS5802849,D,S,D,2024-05-10,1000000.00,4.602667,100.361328125
08:00:04,912810UA4,TSRYS5802849,D,S,D,2024-05-10,1000000.00,4.602667,100.361328125
08:00:04,912810UA4,TSRYS5802849,D,S,D,2024-05-10,1000000.00,4.602787,100.359375
08:00:04,912810UA4,TSRYS5802849,D,S,T,2024-05-10,1000000.00,4.602185,100.369140625
08:00:04,912810UA4,TSRYS5802849,D,S,T,2024-05-10,1000000.00,4.602065,100.37109375
08:00:04,912810UA4,TSRYS5802849,D,S,D,2024-05-10,400000.00,4.592204,100.53125
08:00:04,912810UA4,TSRYS5802849,D,S,D,2024-05-10,1000000.00,4.593886,100.50390625
08:00:04,912810UA4,TSRYS5802849,D,S,D,2024-05-10,1000000.00,4.593886,100.50390625
08:00:04,912810UA4,TSRYS5802849,D,S,T,2024-05-10,1000000.00,4.594367,100.49609375
08:00:04,912810UA4,TSRYS5802849,D,S,D,2024-05-10,1000000.00,4.594126,100.5
08:00:04,912810UA4,TSRYS5802849,D,S,D,2024-05-10,1000000.00,4.598936,100.421875
08:00:04,912810UA4,TSRYS5802849,D,S,D,2024-05-10,1000000.00,4.598695,100.42578125
08:00:04,912810UA4,TSRYS5802849,D,S,D,2024-05-10,1000000.00,4.606762,100.294921875
08:00:04,912810UA4,TSRYS5802849,D,S,D,2024-05-10,1000000.00,4.607968,100.275390625
08:00:04,912810UA4,TSRYS5802849,D,S,T,2024-05-10,1000000.00,4.608088,100.2734375
08:00:04,912810UA4,TSRYS5802849,D,S,D,2024-05-10,1000000.00,4.608088,100.2734375
08:00:04,912810UA4,TSRYS5802849,D,S,T,2024-05-10,1000000.00,4.608329,100.26953125
08:00:04,912810UA4,TSRYS5802849,D,S,D,2024-05-10,1000000.00,4.608329,100.26953125
08:00:04,912810UA4,TSRYS5802849,D,S,D,2024-05-10,1000000.00,4.608209,100.271484375
08:00:04,912810UA4,TSRYS5802849,D,S,D,2024-05-10,1000000.00,4.606762,100.294921875
08:00:04,912810UA4,TSRYS5802849,D,S,D,2024-05-10,1000000.00,4.607606,100.28125
08:00:04,912810UA4,TSRYS5802849,D,S,T,2024-05-10,1000000.00,4.613155,100.19140625
08:00:04,912810UA4,TSRYS5802849,D,S,T,2024-05-10,1000000.00,4.613155,100.19140625
08:00:04,912810UA4,TSRYS5802849,D,S,T,2024-05-10,1000000.00,4.613396,100.1875
08:00:05,912810UA4,TSRYS5802849,D,S,D,2024-05-10,33300000.00,4.625,100.0
08:00:05,912810UA4,TSRYS5802849,D,S,C,2024-05-10,38050000.00,4.625,100.0
08:00:07,912810UA4,TSRYS5802849,D,S,A,2024-05-10,500000.00,4.597973,100.4375
08:00:10,912810UA4,TSRYS5802849,D,S,D,2024-05-10,1000000.00,4.608571,100.265625
08:00:10,912810UA4,TSRYS5802849,D,S,D,2024-05-10,1000000.00,4.608571,100.265625
08:00:10,912810UA4,TSRYS5802849,D,S,D,2024-05-10,1000000.00,4.609535,100.25
08:00:10,912810UA4,TSRYS5802849,D,S,D,2024-05-10,1000000.00,4.609535,100.25
08:00:10,912810UA4,TSRYS5802849,D,S,D,2024-05-10,1000000.00,4.609053,100.2578125
08:00:12,912810UA4,TSRYS5802849,D,S,D,2024-05-10,1000000.00,4.610259,100.23828125
08:00:13,912810UA4,TSRYS5802849,D,S,T,2024-05-10,1000000.00,4.608571,100.265625
08:00:13,912810UA4,TSRYS5802849,D,S,T,2024-05-10,1000000.00,4.608571,100.265625
08:00:13,912810UA4,TSRYS5802849,D,S,T,2024-05-10,1000000.00,4.609535,100.25
08:00:13,912810UA4,TSRYS5802849,D,S,T,2024-05-10,1000000.00,4.609535,100.25
08:00:14,912810UA4,TSRYS5802849,D,B,C,2024-05-10,6000000.00,4.608812,100.26171875
08:00:14,912810UA4,TSRYS5802849,D,S,T,2024-05-10,1000000.00,4.609535,100.25
08:00:14,912810UA4,TSRYS5802849,D,S,D,2024-05-10,1000000.00,4.604232,100.3359375
08:00:14,912810UA4,TSRYS5802849,D,S,T,2024-05-10,1000000.00,4.605678,100.3125
08:00:14,912810UA4,TSRYS5802849,D,S,T,2024-05-10,1000000.00,4.605678,100.3125
08:00:14,912810UA4,TSRYS5802849,D,S,T,2024-05-10,1000000.00,4.608571,100.265625
08:00:14,912810UA4,TSRYS5802849,D,S,T,2024-05-10,1000000.00,4.607727,100.279296875
08:00:14,912810UA4,TSRYS5802849,D,S,T,2024-05-10,1000000.00,4.607606,100.28125
08:00:14,912810UA4,TSRYS5802849,D,S,T,2024-05-10,1000000.00,4.609656,100.248046875
08:00:14,912810UA4,TSRYS5802849,D,S,T,2024-05-10,1000000.00,4.609053,100.2578125
08:00:14,912810UA4,TSRYS5802849,D,S,T,2024-05-10,1000000.00,4.609535,100.25
08:00:14,912810UA4,TSRYS5802849,D,S,T,2024-05-10,1000000.00,4.60375,100.34375
08:00:14,912810UA4,TSRYS5802849,D,S,D,2024-05-10,1000000.00,4.603269,100.3515625
08:00:14,912810UA4,TSRYS5802849,D,S,D,2024-05-10,1000000.00,4.597011,100.453125
08:00:14,912810UA4,TSRYS5802849,D,S,T,2024-05-10,1000000.00,4.597372,100.447265625
08:00:14,912810UA4,TSRYS5802849,D,S,T,2024-05-10,1000000.00,4.597252,100.44921875
08:00:14,912810UA4,TSRYS5802849,D,S,T,2024-05-10,1000000.00,4.597372,100.447265625
08:00:14,912810UA4,TSRYS5802849,D,S,T,2024-05-10,1000000.00,4.597372,100.447265625
08:00:14,912810UA4,TSRYS5802849,D,S,T,2024-05-10,1000000.00,4.597372,100.447265625
08:00:14,912810UA4,TSRYS5802849,D,S,D,2024-05-10,1000000.00,4.597492,100.4453125
08:00:14,912810UA4,TSRYS5802849,D,S,T,2024-05-10,1000000.00,4.597372,100.447265625
08:00:14,912810UA4,TSRYS5802849,D,S,T,2024-05-10,1000000.00,4.595088,100.484375
08:00:14,912810UA4,TSRYS5802849,D,S,T,2024-05-10,1000000.00,4.599056,100.419921875
08:00:14,912810UA4,TSRYS5802849,D,S,T,2024-05-10,1000000.00,4.598695,100.42578125
08:00:14,912810UA4,TSRYS5802849,D,S,D,2024-05-10,1000000.00,4.598454,100.4296875
08:00:14,912810UA4,TSRYS5802849,D,S,D,2024-05-10,1000000.00,4.60616,100.3046875
08:00:14,912810UA4,TSRYS5802849,D,S,T,2024-05-10,1000000.00,4.606883,100.29296875
08:00:14,912810UA4,TSRYS5802849,D,S,T,2024-05-10,1000000.00,4.608571,100.265625
08:00:14,912810UA4,TSRYS5802849,D,S,T,2024-05-10,1000000.00,4.606642,100.296875
08:00:14,912810UA4,TSRYS5802849,D,S,D,2024-05-10,1000000.00,4.60616,100.3046875
08:00:14,912810UA4,TSRYS5802849,D,S,D,2024-05-10,1000000.00,4.608088,100.2734375
08:00:14,912810UA4,TSRYS5802849,D,S,T,2024-05-10,1000000.00,4.608329,100.26953125
08:00:14,912810UA4,TSRYS5802849,D,S,T,2024-05-10,1000000.00,4.608329,100.26953125
08:00:15,912810UA4,TSRYS5802849,D,S,D,2024-05-10,1000000.00,4.594607,100.4921875
08:00:16,912810UA4,TSRYS5802849,D,S,D,2024-05-10,9000000.00,4.606883,100.29296875
08:00:16,912810UA4,TSRYS5802849,D,S,D,2024-05-10,3000000.00,4.605196,100.3203125
08:00:17,912810UA4,TSRYS5802849,D,S,T,2024-05-10,1000000.00,4.602787,100.359375
08:00:17,912810UA4,TSRYS5802849,D,S,T,2024-05-10,1000000.00,4.601824,100.375
08:00:17,912810UA4,TSRYS5802849,D,S,T,2024-05-10,1000000.00,4.602787,100.359375
08:00:17,912810UA4,TSRYS5802849,D,S,T,2024-05-10,1000000.00,4.602787,100.359375
08:00:18,912810UA4,TSRYS5802849,D,B,C,2024-05-10,600000.00,4.606642,100.296875
08:00:18,912810UA4,TSRYS5802849,D,B,A,2024-05-10,1000000.00,4.608088,100.2734375
08:00:18,912810UA4,TSRYS5802849,D,S,D,2024-05-10,1000000.00,4.598815,100.423828125
08:00:18,912810UA4,TSRYS5802849,D,S,T,2024-05-10,1000000.00,4.601824,100.375
08:00:18,912810UA4,TSRYS5802849,D,S,T,2024-05-10,1000000.00,4.602787,100.359375
08:00:18,912810UA4,TSRYS5802849,D,S,T,2024-05-10,1000000.00,4.602787,100.359375
08:00:18,912810UA4,TSRYS5802849,D,S,T,2024-05-10,1000000.00,4.602787,100.359375
08:00:18,912810UA4,TSRYS5802849,D,S,D,2024-05-10,1000000.00,4.598936,100.421875
08:00:19,912810UA4,TSRYS5802849,D,B,A,2024-05-10,22273000.00,4.598214,100.43359375
08:00:19,912810UA4,TSRYS5802849,D,S,T,2024-05-10,1000000.00,4.602787,100.359375
08:00:19,912810UA4,TSRYS5802849,D,S,D,2024-05-10,1000000.00,4.599898,100.40625
08:00:19,912810UA4,TSRYS5802849,D,S,T,2024-05-10,1000000.00,4.602787,100.359375
08:00:19,912810UA4,TSRYS5802849,D,S,T,2024-05-10,1000000.00,4.601824,100.375
08:00:19,912810UA4,TSRYS5802849,D,S,D,2024-05-10,1000000.00,4.599898,100.40625
08:00:19,912810UA4,TSRYS5802849,D,S,T,2024-05-10,2000000.00,4.601824,100.375
08:00:19,912810UA4,TSRYS5802849,D,S,D,2024-05-10,1000000.00,4.595689,100.474609375
08:00:19,912810UA4,TSRYS5802849,D,S,T,2024-05-10,1000000.00,4.601824,100.375
08:00:19,912810UA4,TSRYS5802849,D,S,T,2024-05-10,1000000.00,4.602787,100.359375
08:00:20,912810UA4,TSRYS5802849,D,S,T,2024-05-10,1000000.00,4.601824,100.375
08:00:20,912810UA4,TSRYS5802849,D,S,T,2024-05-10,1000000.00,4.601824,100.375
08:00:20,912810UA4,TSRYS5802849,D,B,A,2024-05-10,3000000.00,4.605678,100.3125
08:00:20,912810UA4,TSRYS5802849,D,S,T,2024-05-10,1000000.00,4.601824,100.375
08:00:21,912810UA4,TSRYS5802849,D,S,C,2024-05-10,1000000.00,4.593165,100.515625
08:00:21,912810UA4,TSRYS5802849,D,S,C,2024-05-10,1000000.00,4.593165,100.515625
08:00:21,912810UA4,TSRYS5802849,D,S,C,2024-05-10,1000000.00,4.593165,100.515625
08:00:21,912810UA4,TSRYS5802849,D,S,C,2024-05-10,1000000.00,4.593165,100.515625
08:00:21,912810UA4,TSRYS5802849,D,S,C,2024-05-10,1000000.00,4.593165,100.515625
08:00:22,912810UA4,TSRYS5802849,D,S,T,2024-05-10,1000000.00,4.601824,100.375
08:00:22,912810UA4,TSRYS5802849,D,S,T,2024-05-10,1000000.00,4.598936,100.421875
08:00:22,912810UA4,TSRYS5802849,D,S,T,2024-05-10,1000000.00,4.598936,100.421875
08:00:23,912810UA4,TSRYS5802849,D,S,T,2024-05-10,1000000.00,4.60375,100.34375
08:00:23,912810UA4,TSRYS5802849,D,S,T,2024-05-10,1000000.00,4.608571,100.265625
08:00:23,912810UA4,TSRYS5802849,D,S,D,2024-05-10,1000000.00,4.601824,100.375
08:00:23,912810UA4,TSRYS5802849,D,S,D,2024-05-10,1000000.00,4.601824,100.375
08:00:24,912810UA4,TSRYS5802849,D,S,T,2024-05-10,1000000.00,4.60375,100.34375
08:00:24,912810UA4,TSRYS5802849,D,S,D,2024-05-10,2000000.00,4.597011,100.453125
08:00:24,912810UA4,TSRYS5802849,D,S,T,2024-05-10,1000000.00,4.602787,100.359375
08:00:25,912810UA4,TSRYS5802849,D,S,D,2024-05-10,1000000.00,4.596049,100.46875
08:00:25,912810UA4,TSRYS5802849,D,S,D,2024-05-10,1000000.00,4.596049,100.46875
08:00:25,912810UA4,TSRYS5802849,D,S,T,2024-05-10,1000000.00,4.60375,100.34375
08:00:25,912810UA4,TSRYS5802849,D,S,C,2024-05-10,1000000.00,4.598936,100.421875
08:00:25,912810UA4,TSRYS5802849,D,S,D,2024-05-10,1000000.00,4.596049,100.46875
08:00:26,912810UA4,TSRYS5802849,D,S,D,2024-05-10,1000000.00,4.603991,100.33984375
08:00:26,912810UA4,TSRYS5802849,D,S,D,2024-05-10,1000000.00,4.603991,100.33984375
08:00:26,912810UA4,TSRYS5802849,D,S,D,2024-05-10,1000000.00,4.603991,100.33984375
08:00:26,912810UA4,TSRYS5802849,D,S,D,2024-05-10,1000000.00,4.603991,100.33984375
08:00:26,912810UA4,TSRYS5802849,D,S,D,2024-05-10,1000000.00,4.598936,100.421875
08:00:26,912810UA4,TSRYS5802849,D,S,T,2024-05-10,1000000.00,4.598936,100.421875
08:00:26,912810UA4,TSRYS5802849,D,S,T,2024-05-10,1000000.00,4.601824,100.375
08:00:27,912810UA4,TSRYS5802849,D,S,C,2024-05-10,1000000.00,4.609535,100.25
08:00:27,912810UA4,TSRYS5802849,D,S,C,2024-05-10,1000000.00,4.609535,100.25
08:00:27,912810UA4,TSRYS5802849,D,S,D,2024-05-10,1000000.00,4.604714,100.328125
08:00:27,912810UA4,TSRYS5802849,D,S,D,2024-05-10,1000000.00,4.605678,100.3125
08:00:27,912810UA4,TSRYS5802849,D,S,D,2024-05-10,1000000.00,4.605678,100.3125
08:00:27,912810UA4,TSRYS5802849,D,S,D,2024-05-10,1000000.00,4.607606,100.28125
08:00:27,912810UA4,TSRYS5802849,D,S,D,2024-05-10,1000000.00,4.608088,100.2734375
08:00:28,912810UA4,TSRYS5802849,D,S,T,2024-05-10,1000000.00,4.607606,100.28125
08:00:28,912810UA4,TSRYS5802849,D,S,D,2024-05-10,1000000.00,4.608571,100.265625
08:00:29,912810UA4,TSRYS5802849,D,S,T,2024-05-10,1000000.00,4.60375,100.34375
08:00:29,912810UA4,TSRYS5802849,D,S,T,2024-05-10,1000000.00,4.608571,100.265625
08:00:30,912810UA4,TSRYS5802849,D,S,T,2024-05-10,1000000.00,4.6105,100.234375
08:00:30,912810UA4,TSRYS5802849,D,S,T,2024-05-10,1000000.00,4.606642,100.296875
08:00:30,912810UA4,TSRYS5802849,D,S,T,2024-05-10,1000000.00,4.597011,100.453125
08:00:30,912810UA4,TSRYS5802849,D,S,T,2024-05-10,1000000.00,4.597011,100.453125
08:00:30,912810UA4,TSRYS5802849,D,S,T,2024-05-10,1000000.00,4.597011,100.453125
08:00:30,912810UA4,TSRYS5802849,D,S,T,2024-05-10,1000000.00,4.59653,100.4609375
08:00:30,912810UA4,TSRYS5802849,D,S,T,2024-05-10,1000000.00,4.59641,100.462890625
08:00:30,912810UA4,TSRYS5802849,D,S,T,2024-05-10,1000000.00,4.597973,100.4375
08:00:30,912810UA4,TSRYS5802849,D,S,T,2024-05-10,1000000.00,4.599898,100.40625
08:00:30,912810UA4,TSRYS5802849,D,S,T,2024-05-10,1000000.00,4.595088,100.484375
08:00:30,912810UA4,TSRYS5802849,D,S,T,2024-05-10,1000000.00,4.595088,100.484375
08:00:30,912810UA4,TSRYS5802849,D,S,T,2024-05-10,1000000.00,4.595088,100.484375
08:00:30,912810UA4,TSRYS5802849,D,S,T,2024-05-10,1000000.00,4.595088,100.484375
08:00:30,912810UA4,TSRYS5802849,D,S,T,2024-05-10,1000000.00,4.595088,100.484375
08:00:30,912810UA4,TSRYS5802849,D,S,T,2024-05-10,1000000.00,4.595088,100.484375
08:00:30,912810UA4,TSRYS5802849,D,S,T,2024-05-10,1000000.00,4.597011,100.453125
08:00:30,912810UA4,TSRYS5802849,D,S,T,2024-05-10,1000000.00,4.597011,100.453125
08:00:30,912810UA4,TSRYS5802849,D,S,T,2024-05-10,1000000.00,4.598936,100.421875
08:00:30,912810UA4,TSRYS5802849,D,S,T,2024-05-10,1000000.00,4.599898,100.40625
08:00:30,912810UA4,TSRYS5802849,D,S,T,2024-05-10,1000000.00,4.600861,100.390625
08:00:30,912810UA4,TSRYS5802849,D,S,T,2024-05-10,1000000.00,4.601824,100.375
08:00:30,912810UA4,TSRYS5802849,D,S,T,2024-05-10,1000000.00,4.601824,100.375
08:00:30,912810UA4,TSRYS5802849,D,S,T,2024-05-10,1000000.00,4.603991,100.33984375
08:00:30,912810UA4,TSRYS5802849,D,S,T,2024-05-10,1000000.00,4.603991,100.33984375
08:00:30,912810UA4,TSRYS5802849,D,S,T,2024-05-10,1000000.00,4.608571,100.265625
08:00:30,912810UA4,TSRYS5802849,D,S,T,2024-05-10,1000000.00,4.608571,100.265625
08:00:30,912810UA4,TSRYS5802849,D,S,T,2024-05-10,1000000.00,4.608571,100.265625
08:00:30,912810UA4,TSRYS5802849,D,S,T,2024-05-10,1000000.00,4.608571,100.265625
08:00:30,912810UA4,TSRYS5802849,D,S,T,2024-05-10,1000000.00,4.608571,100.265625
08:00:30,912810UA4,TSRYS5802849,D,S,T,2024-05-10,1000000.00,4.608571,100.265625
08:00:30,912810UA4,TSRYS5802849,D,S,T,2024-05-10,1000000.00,4.608571,100.265625
08:00:30,912810UA4,TSRYS5802849,D,S,T,2024-05-10,1000000.00,4.608571,100.265625
08:00:30,912810UA4,TSRYS5802849,D,S,T,2024-05-10,1000000.00,4.608571,100.265625
08:00:30,912810UA4,TSRYS5802849,D,S,T,2024-05-10,1000000.00,4.608329,100.26953125
08:00:30,912810UA4,TSRYS5802849,D,S,T,2024-05-10,1000000.00,4.608571,100.265625
08:00:30,912810UA4,TSRYS5802849,D,S,T,2024-05-10,1000000.00,4.608571,100.265625
08:00:30,912810UA4,TSRYS5802849,D,S,T,2024-05-10,1000000.00,4.608571,100.265625
08:00:30,912810UA4,TSRYS5802849,D,S,T,2024-05-10,1000000.00,4.608571,100.265625
08:00:30,912810UA4,TSRYS5802849,D,S,T,2024-05-10,1000000.00,4.608571,100.265625
08:00:30,912810UA4,TSRYS5802849,D,S,T,2024-05-10,1000000.00,4.60375,100.34375
08:00:30,912810UA4,TSRYS5802849,D,S,T,2024-05-10,1000000.00,4.604714,100.328125
08:00:30,912810UA4,TSRYS5802849,D,S,T,2024-05-10,1000000.00,4.605678,100.3125
08:00:30,912810UA4,TSRYS5802849,D,S,T,2024-05-10,1000000.00,4.605678,100.3125
08:00:30,912810UA4,TSRYS5802849,D,S,T,2024-05-10,1000000.00,4.605678,100.3125
08:00:30,912810UA4,TSRYS5802849,D,S,T,2024-05-10,1000000.00,4.605678,100.3125
08:00:30,912810UA4,TSRYS5802849,D,S,T,2024-05-10,1000000.00,4.605678,100.3125
08:00:30,912810UA4,TSRYS5802849,D,S,T,2024-05-10,1000000.00,4.605678,100.3125
08:00:30,912810UA4,TSRYS5802849,D,S,T,2024-05-10,1000000.00,4.605678,100.3125
08:00:30,912810UA4,TSRYS5802849,D,S,T,2024-05-10,1000000.00,4.605678,100.3125
08:00:30,912810UA4,TSRYS5802849,D,S,T,2024-05-10,1000000.00,4.605678,100.3125
08:00:30,912810UA4,TSRYS5802849,D,S,T,2024-05-10,2000000.00,4.605678,100.3125
08:00:30,912810UA4,TSRYS5802849,D,S,T,2024-05-10,1000000.00,4.606642,100.296875
08:00:30,912810UA4,TSRYS5802849,D,S,T,2024-05-10,1000000.00,4.606642,100.296875
08:00:30,912810UA4,TSRYS5802849,D,S,T,2024-05-10,1000000.00,4.606642,100.296875
08:00:30,912810UA4,TSRYS5802849,D,S,T,2024-05-10,1000000.00,4.606642,100.296875
08:00:30,912810UA4,TSRYS5802849,D,S,T,2024-05-10,1000000.00,4.606642,100.296875
08:00:30,912810UA4,TSRYS5802849,D,S,T,2024-05-10,1000000.00,4.607245,100.287109375
08:00:30,912810UA4,TSRYS5802849,D,S,T,2024-05-10,1000000.00,4.607606,100.28125
08:00:30,912810UA4,TSRYS5802849,D,S,T,2024-05-10,1000000.00,4.608571,100.265625
08:00:30,912810UA4,TSRYS5802849,D,S,T,2024-05-10,1000000.00,4.608571,100.265625
08:00:30,912810UA4,TSRYS5802849,D,S,T,2024-05-10,1000000.00,4.608932,100.259765625
08:00:30,912810UA4,TSRYS5802849,D,S,T,2024-05-10,1000000.00,4.608571,100.265625
08:00:30,912810UA4,TSRYS5802849,D,S,T,2024-05-10,1000000.00,4.608691,100.263671875
08:00:30,912810UA4,TSRYS5802849,D,S,T,2024-05-10,1000000.00,4.608691,100.263671875
08:00:30,912810UA4,TSRYS5802849,D,S,T,2024-05-10,1000000.00,4.608571,100.265625
08:00:30,912810UA4,TSRYS5802849,D,S,T,2024-05-10,1000000.00,4.605437,100.31640625
08:00:30,912810UA4,TSRYS5802849,D,S,T,2024-05-10,1000000.00,4.609535,100.25
08:00:30,912810UA4,TSRYS5802849,D,S,T,2024-05-10,1000000.00,4.609535,100.25
08:00:30,912810UA4,TSRYS5802849,D,S,T,2024-05-10,1000000.00,4.6105,100.234375
08:00:30,912810UA4,TSRYS5802849,D,S,T,2024-05-10,1000000.00,4.610621,100.232421875
08:00:30,912810UA4,TSRYS5802849,D,S,T,2024-05-10,1000000.00,4.6105,100.234375
08:00:30,912810UA4,TSRYS5802849,D,S,T,2024-05-10,1000000.00,4.6105,100.234375
08:00:30,912810UA4,TSRYS5802849,D,S,T,2024-05-10,1000000.00,4.6105,100.234375
08:00:30,912810UA4,TSRYS5802849,D,S,T,2024-05-10,1000000.00,4.6105,100.234375
08:00:30,912810UA4,TSRYS5802849,D,S,T,2024-05-10,1000000.00,4.60845,100.267578125
08:00:30,912810UA4,TSRYS5802849,D,S,T,2024-05-10,1000000.00,4.607847,100.27734375
08:00:30,912810UA4,TSRYS5802849,D,S,T,2024-05-10,1000000.00,4.6105,100.234375
08:00:30,912810UA4,TSRYS5802849,D,S,T,2024-05-10,1000000.00,4.610862,100.228515625
08:00:30,912810UA4,TSRYS5802849,D,S,T,2024-05-10,1000000.00,4.6105,100.234375
08:00:30,912810UA4,TSRYS5802849,D,S,T,2024-05-10,1000000.00,4.610741,100.23046875
08:00:30,912810UA4,TSRYS5802849,D,S,T,2024-05-10,1000000.00,4.609897,100.244140625
08:00:30,912810UA4,TSRYS5802849,D,S,T,2024-05-10,1000000.00,4.609535,100.25
08:00:30,912810UA4,TSRYS5802849,D,S,T,2024-05-10,1000000.00,4.606401,100.30078125
08:00:30,912810UA4,TSRYS5802849,D,S,T,2024-05-10,1000000.00,4.60375,100.34375
08:00:30,912810UA4,TSRYS5802849,D,S,T,2024-05-10,1000000.00,4.601944,100.373046875
08:00:30,912810UA4,TSRYS5802849,D,S,T,2024-05-10,1000000.00,4.602787,100.359375
08:00:30,912810UA4,TSRYS5802849,D,S,T,2024-05-10,1000000.00,4.602787,100.359375
08:00:30,912810UA4,TSRYS5802849,D,S,T,2024-05-10,1000000.00,4.601944,100.373046875
08:00:30,912810UA4,TSRYS5802849,D,S,T,2024-05-10,1000000.00,4.601944,100.373046875
08:00:30,912810UA4,TSRYS5802849,D,S,T,2024-05-10,1000000.00,4.601824,100.375
08:00:30,912810UA4,TSRYS5802849,D,S,T,2024-05-10,1000000.00,4.601824,100.375
08:00:30,912810UA4,TSRYS5802849,D,S,T,2024-05-10,1000000.00,4.601944,100.373046875
08:00:30,912810UA4,TSRYS5802849,D,S,T,2024-05-10,1000000.00,4.602185,100.369140625
08:00:30,912810UA4,TSRYS5802849,D,S,T,2024-05-10,1000000.00,4.60363,100.345703125
08:00:30,912810UA4,TSRYS5802849,D,S,T,2024-05-10,1000000.00,4.60363,100.345703125
08:00:30,912810UA4,TSRYS5802849,D,S,T,2024-05-10,1000000.00,4.606642,100.296875
08:00:30,912810UA4,TSRYS5802849,D,S,T,2024-05-10,1000000.00,4.606642,100.296875
08:00:30,912810UA4,TSRYS5802849,D,S,T,2024-05-10,1000000.00,4.607606,100.28125
08:00:30,912810UA4,TSRYS5802849,D,S,T,2024-05-10,1000000.00,4.608571,100.265625
08:00:30,912810UA4,TSRYS5802849,D,S,T,2024-05-10,1000000.00,4.598936,100.421875
08:00:30,912810UA4,TSRYS5802849,D,S,T,2024-05-10,1000000.00,4.598936,100.421875
08:00:30,912810UA4,TSRYS5802849,D,S,T,2024-05-10,1000000.00,4.598936,100.421875
08:00:30,912810UA4,TSRYS5802849,D,S,T,2024-05-10,1000000.00,4.598936,100.421875
08:00:30,912810UA4,TSRYS5802849,D,S,T,2024-05-10,1000000.00,4.598936,100.421875
08:00:30,912810UA4,TSRYS5802849,D,S,T,2024-05-10,1000000.00,4.599898,100.40625
08:00:30,912810UA4,TSRYS5802849,D,S,T,2024-05-10,1000000.00,4.599898,100.40625
08:00:30,912810UA4,TSRYS5802849,D,S,T,2024-05-10,1000000.00,4.599898,100.40625
08:00:30,912810UA4,TSRYS5802849,D,S,T,2024-05-10,1000000.00,4.599898,100.40625
08:00:30,912810UA4,TSRYS5802849,D,S,T,2024-05-10,1000000.00,4.597973,100.4375
08:00:30,912810UA4,TSRYS5802849,D,S,T,2024-05-10,1000000.00,4.597973,100.4375
08:00:30,912810UA4,TSRYS5802849,D,S,T,2024-05-10,1000000.00,4.598454,100.4296875
08:00:30,912810UA4,TSRYS5802849,D,S,T,2024-05-10,1000000.00,4.597973,100.4375
08:00:30,912810UA4,TSRYS5802849,D,S,T,2024-05-10,1000000.00,4.598094,100.435546875
08:00:30,912810UA4,TSRYS5802849,D,S,T,2024-05-10,1000000.00,4.597492,100.4453125
08:00:30,912810UA4,TSRYS5802849,D,S,T,2024-05-10,1000000.00,4.597492,100.4453125
08:00:30,912810UA4,TSRYS5802849,D,S,T,2024-05-10,1000000.00,4.597613,100.443359375
08:00:30,912810UA4,TSRYS5802849,D,S,T,2024-05-10,1000000.00,4.597492,100.4453125
08:00:30,912810UA4,TSRYS5802849,D,S,T,2024-05-10,1000000.00,4.597011,100.453125
08:00:30,912810UA4,TSRYS5802849,D,S,T,2024-05-10,1000000.00,4.597011,100.453125
08:00:30,912810UA4,TSRYS5802849,D,S,T,2024-05-10,1000000.00,4.597973,100.4375
08:00:30,912810UA4,TSRYS5802849,D,S,T,2024-05-10,1000000.00,4.602787,100.359375
08:00:30,912810UA4,TSRYS5802849,D,S,T,2024-05-10,1000000.00,4.597011,100.453125
08:00:33,912810UA4,TSRYS5802849,D,S,T,2024-05-10,1000000.00,4.594847,100.48828125
08:00:33,912810UA4,TSRYS5802849,D,S,T,2024-05-10,1000000.00,4.594727,100.490234375
08:00:33,912810UA4,TSRYS5802849,D,S,T,2024-05-10,1000000.00,4.593165,100.515625
08:00:33,912810UA4,TSRYS5802849,D,S,T,2024-05-10,1000000.00,4.593405,100.51171875
08:00:33,912810UA4,TSRYS5802849,D,S,T,2024-05-10,1000000.00,4.594847,100.48828125
08:00:33,912810UA4,TSRYS5802849,D,S,T,2024-05-10,1000000.00,4.594847,100.48828125
08:00:33,912810UA4,TSRYS5802849,D,S,T,2024-05-10,1000000.00,4.594727,100.490234375
08:00:33,912810UA4,TSRYS5802849,D,S,D,2024-05-10,1000000.00,4.609294,100.25390625
08:00:33,912810UA4,TSRYS5802849,D,S,T,2024-05-10,1000000.00,4.595088,100.484375
08:00:33,912810UA4,TSRYS5802849,D,S,T,2024-05-10,1000000.00,4.594487,100.494140625
08:00:33,912810UA4,TSRYS5802849,D,S,T,2024-05-10,1000000.00,4.594126,100.5
08:00:33,912810UA4,TSRYS5802849,D,S,T,2024-05-10,1000000.00,4.593165,100.515625
08:00:33,912810UA4,TSRYS5802849,D,S,T,2024-05-10,1000000.00,4.594487,100.494140625
08:00:33,912810UA4,TSRYS5802849,D,S,T,2024-05-10,2000000.00,4.598936,100.421875
08:00:33,912810UA4,TSRYS5802849,D,S,T,2024-05-10,1000000.00,4.599056,100.419921875
08:00:33,912810UA4,TSRYS5802849,D,S,T,2024-05-10,1000000.00,4.598936,100.421875
08:00:33,912810UA4,TSRYS5802849,D,S,T,2024-05-10,1000000.00,4.598936,100.421875
08:00:33,912810UA4,TSRYS5802849,D,S,T,2024-05-10,1000000.00,4.598936,100.421875
08:00:33,912810UA4,TSRYS5802849,D,S,T,2024-05-10,1000000.00,4.598936,100.421875
08:00:33,912810UA4,TSRYS5802849,D,S,T,2024-05-10,1000000.00,4.598936,100.421875
08:00:33,912810UA4,TSRYS5802849,D,S,T,2024-05-10,1000000.00,4.597733,100.44140625
08:00:33,912810UA4,TSRYS5802849,D,S,T,2024-05-10,1000000.00,4.59641,100.462890625
08:00:33,912810UA4,TSRYS5802849,D,S,D,2024-05-10,1000000.00,4.600379,100.3984375
08:00:33,912810UA4,TSRYS5802849,D,S,T,2024-05-10,1000000.00,4.602185,100.369140625
08:00:33,912810UA4,TSRYS5802849,D,S,T,2024-05-10,1000000.00,4.602065,100.37109375
08:00:33,912810UA4,TSRYS5802849,D,S,T,2024-05-10,1000000.00,4.606642,100.296875
08:00:33,912810UA4,TSRYS5802849,D,S,T,2024-05-10,1000000.00,4.607606,100.28125
08:00:33,912810UA4,TSRYS5802849,D,S,T,2024-05-10,1000000.00,4.608932,100.259765625
08:00:33,912810UA4,TSRYS5802849,D,S,T,2024-05-10,1000000.00,4.608932,100.259765625
08:00:33,912810UA4,TSRYS5802849,D,S,T,2024-05-10,1000000.00,4.609535,100.25
08:00:33,912810UA4,TSRYS5802849,D,S,T,2024-05-10,1000000.00,4.608209,100.271484375
08:00:33,912810UA4,TSRYS5802849,D,S,T,2024-05-10,1000000.00,4.606642,100.296875
08:00:33,912810UA4,TSRYS5802849,D,S,T,2024-05-10,1000000.00,4.605557,100.314453125
08:00:33,912810UA4,TSRYS5802849,D,S,T,2024-05-10,1000000.00,4.606642,100.296875
08:00:33,912810UA4,TSRYS5802849,D,S,T,2024-05-10,1000000.00,4.607606,100.28125
08:00:33,912810UA4,TSRYS5802849,D,S,T,2024-05-10,1000000.00,4.606642,100.296875
08:00:33,912810UA4,TSRYS5802849,D,S,T,2024-05-10,1000000.00,4.60375,100.34375
08:00:33,912810UA4,TSRYS5802849,D,S,T,2024-05-10,1000000.00,4.604714,100.328125
08:00:33,912810UA4,TSRYS5802849,D,S,T,2024-05-10,1000000.00,4.604714,100.328125
08:00:33,912810UA4,TSRYS5802849,D,S,T,2024-05-10,1000000.00,4.604714,100.328125
08:00:33,912810UA4,TSRYS5802849,D,S,T,2024-05-10,1000000.00,4.604714,100.328125
08:00:33,912810UA4,TSRYS5802849,D,S,T,2024-05-10,1000000.00,4.604955,100.32421875
08:00:33,912810UA4,TSRYS5802849,D,S,T,2024-05-10,1000000.00,4.604834,100.326171875
08:00:33,912810UA4,TSRYS5802849,D,S,T,2024-05-10,1000000.00,4.604714,100.328125
08:00:33,912810UA4,TSRYS5802849,D,S,T,2024-05-10,1000000.00,4.604714,100.328125
08:00:33,912810UA4,TSRYS5802849,D,S,D,2024-05-10,1000000.00,4.608088,100.2734375
08:00:33,912810UA4,TSRYS5802849,D,S,T,2024-05-10,1000000.00,4.612551,100.201171875
08:00:33,912810UA4,TSRYS5802849,D,S,T,2024-05-10,1000000.00,4.612431,100.203125
08:00:33,912810UA4,TSRYS5802849,D,S,T,2024-05-10,1000000.00,4.613396,100.1875
08:00:33,912810UA4,TSRYS5802849,D,S,T,2024-05-10,1000000.00,4.612431,100.203125
08:00:33,912810UA4,TSRYS5802849,D,S,T,2024-05-10,2000000.00,4.613396,100.1875
08:00:33,912810UA4,TSRYS5802849,D,S,T,2024-05-10,1000000.00,4.614362,100.171875
08:00:33,912810UA4,TSRYS5802849,D,S,T,2024-05-10,1000000.00,4.614362,100.171875
08:00:33,912810UA4,TSRYS5802849,D,S,T,2024-05-10,1000000.00,4.613638,100.18359375
08:00:33,912810UA4,TSRYS5802849,D,S,T,2024-05-10,1000000.00,4.613396,100.1875
08:00:33,912810UA4,TSRYS5802849,D,S,T,2024-05-10,1000000.00,4.613638,100.18359375
08:00:33,912810UA4,TSRYS5802849,D,S,T,2024-05-10,1000000.00,4.613517,100.185546875
08:00:33,912810UA4,TSRYS5802849,D,S,T,2024-05-10,1000000.00,4.613396,100.1875
08:00:33,912810UA4,TSRYS5802849,D,S,T,2024-05-10,1000000.00,4.614362,100.171875
08:00:33,912810UA4,TSRYS5802849,D,S,D,2024-05-10,1000000.00,4.593165,100.515625
08:00:33,912810UA4,TSRYS5802849,D,S,D,2024-05-10,1000000.00,4.593165,100.515625
08:00:33,912810UA4,TSRYS5802849,D,S,D,2024-05-10,1000000.00,4.603991,100.33984375
08:00:33,912810UA4,TSRYS5802849,D,S,D,2024-05-10,1000000.00,4.605678,100.3125
08:00:33,912810UA4,TSRYS5802849,D,S,D,2024-05-10,1000000.00,4.605678,100.3125
08:00:33,912810UA4,TSRYS5802849,D,S,D,2024-05-10,1000000.00,4.608088,100.2734375
08:00:33,912810UA4,TSRYS5802849,D,S,D,2024-05-10,1000000.00,4.608329,100.26953125
08:00:33,912810UA4,TSRYS5802849,D,S,D,2024-05-10,1000000.00,4.610018,100.2421875
08:00:33,912810UA4,TSRYS5802849,D,S,D,2024-05-10,1000000.00,4.610018,100.2421875
08:00:33,912810UA4,TSRYS5802849,D,S,D,2024-05-10,1000000.00,4.609777,100.24609375
08:00:33,912810UA4,TSRYS5802849,D,S,D,2024-05-10,1000000.00,4.601342,100.3828125
08:00:33,912810UA4,TSRYS5802849,D,S,D,2024-05-10,1000000.00,4.601583,100.37890625
08:00:33,912810UA4,TSRYS5802849,D,S,D,2024-05-10,1000000.00,4.600139,100.40234375
08:00:33,912810UA4,TSRYS5802849,D,S,D,2024-05-10,1000000.00,4.597973,100.4375
08:00:33,912810UA4,TSRYS5802849,D,S,D,2024-05-10,1000000.00,4.603269,100.3515625
08:00:33,912810UA4,TSRYS5802849,D,S,D,2024-05-10,1000000.00,4.601824,100.375
08:00:33,912810UA4,TSRYS5802849,D,S,D,2024-05-10,1000000.00,4.602305,100.3671875
08:00:33,912810UA4,TSRYS5802849,D,S,D,2024-05-10,1000000.00,4.602065,100.37109375
08:00:33,912810UA4,TSRYS5802849,D,S,D,2024-05-10,1000000.00,4.602305,100.3671875
08:00:33,912810UA4,TSRYS5802849,D,S,D,2024-05-10,1000000.00,4.602305,100.3671875
08:00:33,912810UA4,TSRYS5802849,D,S,D,2024-05-10,1000000.00,4.602065,100.37109375
08:00:33,912810UA4,TSRYS5802849,D,S,D,2024-05-10,1000000.00,4.597011,100.453125
08:00:33,912810UA4,TSRYS5802849,D,S,D,2024-05-10,1000000.00,4.597011,100.453125
08:00:33,912810UA4,TSRYS5802849,D,S,D,2024-05-10,1000000.00,4.597011,100.453125
08:00:33,912810UA4,TSRYS5802849,D,S,D,2024-05-10,1000000.00,4.595568,100.4765625
08:00:33,912810UA4,TSRYS5802849,D,S,D,2024-05-10,1000000.00,4.594847,100.48828125
08:00:33,912810UA4,TSRYS5802849,D,S,D,2024-05-10,1000000.00,4.593646,100.5078125
08:00:33,912810UA4,TSRYS5802849,D,S,D,2024-05-10,1000000.00,4.594126,100.5
08:00:33,912810UA4,TSRYS5802849,D,S,D,2024-05-10,1000000.00,4.594126,100.5
08:00:33,912810UA4,TSRYS5802849,D,S,D,2024-05-10,1000000.00,4.598695,100.42578125
08:00:33,912810UA4,TSRYS5802849,D,S,D,2024-05-10,1000000.00,4.596049,100.46875
08:00:33,912810UA4,TSRYS5802849,D,S,D,2024-05-10,1000000.00,4.596771,100.45703125
08:00:33,912810UA4,TSRYS5802849,D,S,D,2024-05-10,1000000.00,4.600379,100.3984375
08:00:33,912810UA4,TSRYS5802849,D,S,D,2024-05-10,1000000.00,4.600379,100.3984375
08:00:33,912810UA4,TSRYS5802849,D,S,D,2024-05-10,1000000.00,4.606883,100.29296875
08:00:33,912810UA4,TSRYS5802849,D,S,D,2024-05-10,1000000.00,4.604473,100.33203125
08:00:33,912810UA4,TSRYS5802849,D,S,D,2024-05-10,1000000.00,4.613396,100.1875
08:00:33,912810UA4,TSRYS5802849,D,S,D,2024-05-10,1000000.00,4.608088,100.2734375
08:00:33,912810UA4,TSRYS5802849,D,S,D,2024-05-10,1000000.00,4.608088,100.2734375
08:00:33,912810UA4,TSRYS5802849,D,S,D,2024-05-10,1000000.00,4.608088,100.2734375
08:00:33,912810UA4,TSRYS5802849,D,S,D,2024-05-10,1000000.00,4.608329,100.26953125
08:00:33,912810UA4,TSRYS5802849,D,S,D,2024-05-10,1000000.00,4.608329,100.26953125
08:00:33,912810UA4,TSRYS5802849,D,S,D,2024-05-10,1000000.00,4.608329,100.26953125
08:00:33,912810UA4,TSRYS5802849,D,S,D,2024-05-10,1000000.00,4.608329,100.26953125
08:00:33,912810UA4,TSRYS5802849,D,S,D,2024-05-10,1000000.00,4.609897,100.244140625
08:00:33,912810UA4,TSRYS5802849,D,S,D,2024-05-10,1000000.00,4.610018,100.2421875
08:00:33,912810UA4,TSRYS5802849,D,S,D,2024-05-10,1000000.00,4.609897,100.244140625
08:00:33,912810UA4,TSRYS5802849,D,S,D,2024-05-10,1000000.00,4.609897,100.244140625
08:00:33,912810UA4,TSRYS5802849,D,S,D,2024-05-10,1000000.00,4.608209,100.271484375
08:00:33,912810UA4,TSRYS5802849,D,S,D,2024-05-10,1000000.00,4.608209,100.271484375
08:00:33,912810UA4,TSRYS5802849,D,S,D,2024-05-10,1000000.00,4.608209,100.271484375
08:00:33,912810UA4,TSRYS5802849,D,S,D,2024-05-10,1000000.00,4.608329,100.26953125
08:00:33,912810UA4,TSRYS5802849,D,S,D,2024-05-10,1000000.00,4.608209,100.271484375
08:00:33,912810UA4,TSRYS5802849,D,S,D,2024-05-10,1000000.00,4.608209,100.271484375
08:00:33,912810UA4,TSRYS5802849,D,S,D,2024-05-10,1000000.00,4.608209,100.271484375
08:00:33,912810UA4,TSRYS5802849,D,S,D,2024-05-10,1000000.00,4.608812,100.26171875
08:00:33,912810UA4,TSRYS5802849,D,S,D,2024-05-10,1000000.00,4.608571,100.265625
08:00:33,912810UA4,TSRYS5802849,D,S,D,2024-05-10,1000000.00,4.608571,100.265625
08:00:33,912810UA4,TSRYS5802849,D,S,D,2024-05-10,1000000.00,4.609053,100.2578125
08:00:33,912810UA4,TSRYS5802849,D,S,D,2024-05-10,1000000.00,4.600379,100.3984375
08:00:33,912810UA4,TSRYS5802849,D,S,D,2024-05-10,1000000.00,4.6005,100.396484375
08:00:33,912810UA4,TSRYS5802849,D,S,D,2024-05-10,1000000.00,4.599417,100.4140625
08:00:33,912810UA4,TSRYS5802849,D,S,D,2024-05-10,1000000.00,4.597252,100.44921875
08:00:33,912810UA4,TSRYS5802849,D,S,D,2024-05-10,1000000.00,4.59653,100.4609375
08:00:33,912810UA4,TSRYS5802849,D,S,D,2024-05-10,1000000.00,4.597252,100.44921875
08:00:33,912810UA4,TSRYS5802849,D,S,D,2024-05-10,1000000.00,4.593646,100.5078125
08:00:33,912810UA4,TSRYS5802849,D,S,D,2024-05-10,1000000.00,4.593525,100.509765625
08:00:33,912810UA4,TSRYS5802849,D,S,D,2024-05-10,1000000.00,4.591243,100.546875
08:00:33,912810UA4,TSRYS5802849,D,S,D,2024-05-10,1000000.00,4.592324,100.529296875
08:00:33,912810UA4,TSRYS5802849,D,S,D,2024-05-10,1000000.00,4.593045,100.517578125
08:00:33,912810UA4,TSRYS5802849,D,S,D,2024-05-10,1000000.00,4.594246,100.498046875
08:00:33,912810UA4,TSRYS5802849,D,S,D,2024-05-10,1000000.00,4.595689,100.474609375
08:00:33,912810UA4,TSRYS5802849,D,S,D,2024-05-10,1000000.00,4.595809,100.47265625
08:00:33,912810UA4,TSRYS5802849,D,S,D,2024-05-10,1000000.00,4.595809,100.47265625
08:00:33,912810UA4,TSRYS5802849,D,S,D,2024-05-10,1000000.00,4.595689,100.474609375
08:00:33,912810UA4,TSRYS5802849,D,S,D,2024-05-10,1000000.00,4.594246,100.498046875
08:00:33,912810UA4,TSRYS5802849,D,S,D,2024-05-10,1000000.00,4.598454,100.4296875
08:00:33,912810UA4,TSRYS5802849,D,S,D,2024-05-10,1000000.00,4.598936,100.421875
08:00:33,912810UA4,TSRYS5802849,D,S,D,2024-05-10,1000000.00,4.598815,100.423828125
08:00:33,912810UA4,TSRYS5802849,D,S,D,2024-05-10,1000000.00,4.598454,100.4296875
08:00:33,912810UA4,TSRYS5802849,D,S,D,2024-05-10,1000000.00,4.595689,100.474609375
08:00:33,912810UA4,TSRYS5802849,D,S,D,2024-05-10,1000000.00,4.59653,100.4609375
08:00:33,912810UA4,TSRYS5802849,D,S,D,2024-05-10,1000000.00,4.59653,100.4609375
08:00:33,912810UA4,TSRYS5802849,D,S,D,2024-05-10,1000000.00,4.59653,100.4609375
08:00:33,912810UA4,TSRYS5802849,D,S,D,2024-05-10,1000000.00,4.605557,100.314453125
08:00:33,912810UA4,TSRYS5802849,D,S,D,2024-05-10,1000000.00,4.606762,100.294921875
08:00:33,912810UA4,TSRYS5802849,D,S,D,2024-05-10,1000000.00,4.606762,100.294921875
08:00:33,912810UA4,TSRYS5802849,D,S,D,2024-05-10,1000000.00,4.607245,100.287109375
08:00:33,912810UA4,TSRYS5802849,D,S,D,2024-05-10,2000000.00,4.607606,100.28125
08:00:33,912810UA4,TSRYS5802849,D,S,D,2024-05-10,1000000.00,4.607606,100.28125
08:00:33,912810UA4,TSRYS5802849,D,S,D,2024-05-10,1000000.00,4.607245,100.287109375
08:00:33,912810UA4,TSRYS5802849,D,S,D,2024-05-10,1000000.00,4.606401,100.30078125
08:00:33,912810UA4,TSRYS5802849,D,S,D,2024-05-10,1000000.00,4.607003,100.291015625
08:00:33,912810UA4,TSRYS5802849,D,S,D,2024-05-10,1000000.00,4.607003,100.291015625
08:00:33,912810UA4,TSRYS5802849,D,S,D,2024-05-10,1000000.00,4.606642,100.296875
08:00:33,912810UA4,TSRYS5802849,D,S,D,2024-05-10,1000000.00,4.606039,100.306640625
08:00:33,912810UA4,TSRYS5802849,D,S,D,2024-05-10,1000000.00,4.606039,100.306640625
08:00:33,912810UA4,TSRYS5802849,D,S,D,2024-05-10,1000000.00,4.605798,100.310546875
08:00:33,912810UA4,TSRYS5802849,D,S,D,2024-05-10,1000000.00,4.606883,100.29296875
08:00:33,912810UA4,TSRYS5802849,D,S,D,2024-05-10,1000000.00,4.606762,100.294921875
08:00:33,912810UA4,TSRYS5802849,D,S,D,2024-05-10,1000000.00,4.607124,100.2890625
08:00:33,912810UA4,TSRYS5802849,D,S,D,2024-05-10,1000000.00,4.606642,100.296875
08:00:33,912810UA4,TSRYS5802849,D,S,T,2024-05-10,1000000.00,4.601824,100.375
08:00:33,912810UA4,TSRYS5802849,D,S,T,2024-05-10,1000000.00,4.608571,100.265625
08:00:33,912810UA4,TSRYS5802849,D,S,T,2024-05-10,1000000.00,4.608209,100.271484375
08:00:33,912810UA4,TSRYS5802849,D,S,T,2024-05-10,1000000.00,4.608088,100.2734375
08:00:33,912810UA4,TSRYS5802849,D,S,T,2024-05-10,1000000.00,4.608088,100.2734375
08:00:33,912810UA4,TSRYS5802849,D,S,T,2024-05-10,1000000.00,4.608088,100.2734375
08:00:33,912810UA4,TSRYS5802849,D,S,T,2024-05-10,1000000.00,4.608088,100.2734375
08:00:33,912810UA4,TSRYS5802849,D,S,T,2024-05-10,1000000.00,4.608812,100.26171875
08:00:33,912810UA4,TSRYS5802849,D,S,T,2024-05-10,1000000.00,4.608329,100.26953125
08:00:33,912810UA4,TSRYS5802849,D,S,T,2024-05-10,1000000.00,4.610018,100.2421875
08:00:33,912810UA4,TSRYS5802849,D,S,T,2024-05-10,1000000.00,4.609777,100.24609375
08:00:33,912810UA4,TSRYS5802849,D,S,T,2024-05-10,1000000.00,4.601583,100.37890625
08:00:33,912810UA4,TSRYS5802849,D,S,T,2024-05-10,1000000.00,4.601463,100.380859375
08:00:33,912810UA4,TSRYS5802849,D,S,T,2024-05-10,1000000.00,4.597613,100.443359375
08:00:33,912810UA4,TSRYS5802849,D,S,T,2024-05-10,1000000.00,4.597492,100.4453125
08:00:33,912810UA4,TSRYS5802849,D,S,T,2024-05-10,1000000.00,4.597492,100.4453125
08:00:33,912810UA4,TSRYS5802849,D,S,T,2024-05-10,1000000.00,4.597492,100.4453125
08:00:33,912810UA4,TSRYS5802849,D,S,T,2024-05-10,1000000.00,4.597492,100.4453125
08:00:33,912810UA4,TSRYS5802849,D,S,T,2024-05-10,1000000.00,4.597492,100.4453125
08:00:33,912810UA4,TSRYS5802849,D,S,T,2024-05-10,1000000.00,4.597973,100.4375
08:00:33,912810UA4,TSRYS5802849,D,S,T,2024-05-10,1000000.00,4.597973,100.4375
08:00:33,912810UA4,TSRYS5802849,D,S,T,2024-05-10,1000000.00,4.597973,100.4375
08:00:33,912810UA4,TSRYS5802849,D,S,T,2024-05-10,1000000.00,4.603269,100.3515625
08:00:33,912810UA4,TSRYS5802849,D,S,T,2024-05-10,1000000.00,4.603269,100.3515625
08:00:33,912810UA4,TSRYS5802849,D,S,T,2024-05-10,1000000.00,4.603269,100.3515625
08:00:33,912810UA4,TSRYS5802849,D,S,T,2024-05-10,1000000.00,4.603269,100.3515625
08:00:33,912810UA4,TSRYS5802849,D,S,D,2024-05-10,1000000.00,4.601824,100.375
08:00:33,912810UA4,TSRYS5802849,D,S,T,2024-05-10,1000000.00,4.601944,100.373046875
08:00:33,912810UA4,TSRYS5802849,D,S,D,2024-05-10,1000000.00,4.601824,100.375
08:00:33,912810UA4,TSRYS5802849,D,S,D,2024-05-10,1000000.00,4.602305,100.3671875
08:00:33,912810UA4,TSRYS5802849,D,S,D,2024-05-10,1000000.00,4.601824,100.375
08:00:33,912810UA4,TSRYS5802849,D,S,T,2024-05-10,1000000.00,4.601944,100.373046875
08:00:33,912810UA4,TSRYS5802849,D,S,D,2024-05-10,1000000.00,4.597011,100.453125
08:00:33,912810UA4,TSRYS5802849,D,S,D,2024-05-10,1000000.00,4.597011,100.453125
08:00:33,912810UA4,TSRYS5802849,D,S,T,2024-05-10,1000000.00,4.597131,100.451171875
08:00:33,912810UA4,TSRYS5802849,D,S,D,2024-05-10,1000000.00,4.597011,100.453125
08:00:33,912810UA4,TSRYS5802849,D,S,D,2024-05-10,1000000.00,4.597011,100.453125
08:00:33,912810UA4,TSRYS5802849,D,S,D,2024-05-10,1000000.00,4.597011,100.453125
08:00:33,912810UA4,TSRYS5802849,D,S,T,2024-05-10,1000000.00,4.597733,100.44140625
08:00:33,912810UA4,TSRYS5802849,D,S,D,2024-05-10,1000000.00,4.595568,100.4765625
08:00:33,912810UA4,TSRYS5802849,D,S,D,2024-05-10,1000000.00,4.595568,100.4765625
08:00:33,912810UA4,TSRYS5802849,D,S,D,2024-05-10,1000000.00,4.595568,100.4765625
08:00:33,912810UA4,TSRYS5802849,D,S,T,2024-05-10,1000000.00,4.594847,100.48828125
08:00:33,912810UA4,TSRYS5802849,D,S,T,2024-05-10,1000000.00,4.594727,100.490234375
08:00:33,912810UA4,TSRYS5802849,D,S,T,2024-05-10,1000000.00,4.593525,100.509765625
08:00:33,912810UA4,TSRYS5802849,D,S,T,2024-05-10,1000000.00,4.593165,100.515625
08:00:33,912810UA4,TSRYS5802849,D,S,D,2024-05-10,1000000.00,4.593886,100.50390625
08:00:33,912810UA4,TSRYS5802849,D,S,D,2024-05-10,1000000.00,4.594126,100.5
08:00:33,912810UA4,TSRYS5802849,D,S,T,2024-05-10,1000000.00,4.593405,100.51171875
08:00:33,912810UA4,TSRYS5802849,D,S,T,2024-05-10,1000000.00,4.595689,100.474609375
08:00:33,912810UA4,TSRYS5802849,D,S,T,2024-05-10,1000000.00,4.595809,100.47265625
08:00:33,912810UA4,TSRYS5802849,D,S,T,2024-05-10,1000000.00,4.595809,100.47265625
08:00:33,912810UA4,TSRYS5802849,D,S,T,2024-05-10,1000000.00,4.595689,100.474609375
08:00:33,912810UA4,TSRYS5802849,D,S,D,2024-05-10,1000000.00,4.594126,100.5
08:00:33,912810UA4,TSRYS5802849,D,S,D,2024-05-10,1000000.00,4.594126,100.5
08:00:33,912810UA4,TSRYS5802849,D,S,D,2024-05-10,1000000.00,4.594126,100.5
08:00:33,912810UA4,TSRYS5802849,D,S,T,2024-05-10,1000000.00,4.594847,100.48828125
08:00:33,912810UA4,TSRYS5802849,D,S,D,2024-05-10,1000000.00,4.593886,100.50390625
08:00:33,912810UA4,TSRYS5802849,D,S,D,2024-05-10,1000000.00,4.594126,100.5
08:00:33,912810UA4,TSRYS5802849,D,S,D,2024-05-10,1000000.00,4.594126,100.5
08:00:33,912810UA4,TSRYS5802849,D,S,T,2024-05-10,1000000.00,4.594367,100.49609375
08:00:33,912810UA4,TSRYS5802849,D,S,D,2024-05-10,1000000.00,4.593886,100.50390625
08:00:33,912810UA4,TSRYS5802849,D,S,D,2024-05-10,1000000.00,4.594126,100.5
08:00:33,912810UA4,TSRYS5802849,D,S,D,2024-05-10,1000000.00,4.594126,100.5
08:00:33,912810UA4,TSRYS5802849,D,S,D,2024-05-10,1000000.00,4.594126,100.5
08:00:33,912810UA4,TSRYS5802849,D,S,D,2024-05-10,1000000.00,4.592444,100.52734375
08:00:33,912810UA4,TSRYS5802849,D,S,T,2024-05-10,1000000.00,4.593165,100.515625
08:00:33,912810UA4,TSRYS5802849,D,S,T,2024-05-10,1000000.00,4.593165,100.515625
08:00:33,912810UA4,TSRYS5802849,D,S,T,2024-05-10,1000000.00,4.596049,100.46875
08:00:33,912810UA4,TSRYS5802849,D,S,T,2024-05-10,1000000.00,4.596049,100.46875
08:00:33,912810UA4,TSRYS5802849,D,S,D,2024-05-10,1000000.00,4.598695,100.42578125
08:00:33,912810UA4,TSRYS5802849,D,S,D,2024-05-10,1000000.00,4.598695,100.42578125
08:00:33,912810UA4,TSRYS5802849,D,S,D,2024-05-10,1000000.00,4.598695,100.42578125
08:00:33,912810UA4,TSRYS5802849,D,S,D,2024-05-10,1000000.00,4.598695,100.42578125
08:00:33,912810UA4,TSRYS5802849,D,S,D,2024-05-10,1000000.00,4.597011,100.453125
08:00:33,912810UA4,TSRYS5802849,D,S,D,2024-05-10,1000000.00,4.597011,100.453125
08:00:33,912810UA4,TSRYS5802849,D,S,D,2024-05-10,1000000.00,4.597011,100.453125
08:00:33,912810UA4,TSRYS5802849,D,S,D,2024-05-10,1000000.00,4.597011,100.453125
08:00:33,912810UA4,TSRYS5802849,D,S,D,2024-05-10,1000000.00,4.597011,100.453125
08:00:33,912810UA4,TSRYS5802849,D,S,D,2024-05-10,1000000.00,4.598695,100.42578125
08:00:33,912810UA4,TSRYS5802849,D,S,D,2024-05-10,1000000.00,4.598695,100.42578125
08:00:33,912810UA4,TSRYS5802849,D,S,D,2024-05-10,1000000.00,4.598695,100.42578125
08:00:33,912810UA4,TSRYS5802849,D,S,D,2024-05-10,1000000.00,4.598695,100.42578125
08:00:33,912810UA4,TSRYS5802849,D,S,D,2024-05-10,1000000.00,4.598695,100.42578125
08:00:33,912810UA4,TSRYS5802849,D,S,T,2024-05-10,1000000.00,4.599056,100.419921875
08:00:33,912810UA4,TSRYS5802849,D,S,T,2024-05-10,1000000.00,4.598454,100.4296875
08:00:33,912810UA4,TSRYS5802849,D,S,T,2024-05-10,1000000.00,4.595809,100.47265625
08:00:33,912810UA4,TSRYS5802849,D,S,T,2024-05-10,1000000.00,4.595689,100.474609375
08:00:33,912810UA4,TSRYS5802849,D,S,T,2024-05-10,1000000.00,4.596771,100.45703125
08:00:33,912810UA4,TSRYS5802849,D,S,T,2024-05-10,1000000.00,4.60375,100.34375
08:00:33,912810UA4,TSRYS5802849,D,S,D,2024-05-10,1000000.00,4.600861,100.390625
08:00:33,912810UA4,TSRYS5802849,D,S,D,2024-05-10,1000000.00,4.600379,100.3984375
08:00:33,912810UA4,TSRYS5802849,D,S,D,2024-05-10,1000000.00,4.600139,100.40234375
08:00:33,912810UA4,TSRYS5802849,D,S,D,2024-05-10,1000000.00,4.600139,100.40234375
08:00:33,912810UA4,TSRYS5802849,D,S,T,2024-05-10,1000000.00,4.60363,100.345703125
08:00:33,912810UA4,TSRYS5802849,D,S,T,2024-05-10,1000000.00,4.606762,100.294921875
08:00:33,912810UA4,TSRYS5802849,D,S,T,2024-05-10,1000000.00,4.605437,100.31640625
08:00:33,912810UA4,TSRYS5802849,D,S,T,2024-05-10,1000000.00,4.60616,100.3046875
08:00:33,912810UA4,TSRYS5802849,D,S,T,2024-05-10,1000000.00,4.606039,100.306640625
08:00:33,912810UA4,TSRYS5802849,D,S,T,2024-05-10,1000000.00,4.60375,100.34375
08:00:33,912810UA4,TSRYS5802849,D,S,T,2024-05-10,1000000.00,4.604834,100.326171875
08:00:33,912810UA4,TSRYS5802849,D,S,T,2024-05-10,1000000.00,4.608088,100.2734375
08:00:33,912810UA4,TSRYS5802849,D,S,T,2024-05-10,1000000.00,4.608088,100.2734375
08:00:33,912810UA4,TSRYS5802849,D,S,T,2024-05-10,1000000.00,4.608088,100.2734375
08:00:33,912810UA4,TSRYS5802849,D,S,T,2024-05-10,1000000.00,4.608088,100.2734375
08:00:33,912810UA4,TSRYS5802849,D,S,T,2024-05-10,1000000.00,4.606642,100.296875
08:00:33,912810UA4,TSRYS5802849,D,S,T,2024-05-10,1000000.00,4.606642,100.296875
08:00:33,912810UA4,TSRYS5802849,D,S,T,2024-05-10,1000000.00,4.606642,100.296875
08:00:33,912810UA4,TSRYS5802849,D,S,T,2024-05-10,1000000.00,4.609777,100.24609375
08:00:33,912810UA4,TSRYS5802849,D,S,T,2024-05-10,1000000.00,4.612551,100.201171875
08:00:33,912810UA4,TSRYS5802849,D,S,T,2024-05-10,1000000.00,4.612551,100.201171875
08:00:33,912810UA4,TSRYS5802849,D,S,T,2024-05-10,1000000.00,4.613155,100.19140625
08:00:33,912810UA4,TSRYS5802849,D,S,T,2024-05-10,1000000.00,4.613155,100.19140625
08:00:33,912810UA4,TSRYS5802849,D,S,T,2024-05-10,1000000.00,4.613155,100.19140625
08:00:33,912810UA4,TSRYS5802849,D,S,T,2024-05-10,1000000.00,4.613155,100.19140625
08:00:33,912810UA4,TSRYS5802849,D,S,T,2024-05-10,1000000.00,4.614845,100.1640625
08:00:33,912810UA4,TSRYS5802849,D,S,T,2024-05-10,1000000.00,4.613396,100.1875
08:00:33,912810UA4,TSRYS5802849,D,S,D,2024-05-10,1000000.00,4.610741,100.23046875
08:00:33,912810UA4,TSRYS5802849,D,S,D,2024-05-10,1000000.00,4.610983,100.2265625
08:00:33,912810UA4,TSRYS5802849,D,S,D,2024-05-10,1000000.00,4.610983,100.2265625
08:00:33,912810UA4,TSRYS5802849,D,S,D,2024-05-10,1000000.00,4.601583,100.37890625
08:00:33,912810UA4,TSRYS5802849,D,S,D,2024-05-10,1000000.00,4.601342,100.3828125
08:00:33,912810UA4,TSRYS5802849,D,S,T,2024-05-10,4750000.00,4.625,100.0
08:00:33,912810UA4,TSRYS5802849,D,S,D,2024-05-10,1000000.00,4.600139,100.40234375
08:00:33,912810UA4,TSRYS5802849,D,S,D,2024-05-10,1000000.00,4.598214,100.43359375
08:00:33,912810UA4,TSRYS5802849,D,S,T,2024-05-10,1000000.00,4.60375,100.34375
08:00:33,912810UA4,TSRYS5802849,D,S,T,2024-05-10,1000000.00,4.60375,100.34375
08:00:33,912810UA4,TSRYS5802849,D,S,D,2024-05-10,1000000.00,4.598936,100.421875
08:00:33,912810UA4,TSRYS5802849,D,S,D,2024-05-10,1000000.00,4.597973,100.4375
08:00:33,912810UA4,TSRYS5802849,D,S,T,2024-05-10,1000000.00,4.60375,100.34375
08:00:33,912810UA4,TSRYS5802849,D,S,T,2024-05-10,1000000.00,4.607606,100.28125
08:00:33,912810UA4,TSRYS5802849,D,S,T,2024-05-10,1000000.00,4.60375,100.34375
08:00:33,912810UA4,TSRYS5802849,D,S,C,2024-05-10,27000000.00,4.596049,100.46875
08:00:33,912810UA4,TSRYS5802849,D,B,C,2024-05-10,7500000.00,4.603269,100.3515625
08:00:33,912810UA4,TSRYS5802849,D,S,T,2024-05-10,1000000.00,4.609535,100.25
08:00:33,912810UA4,TSRYS5802849,D,B,C,2024-05-10,40695000.00,4.609535,100.25
08:00:33,912810UA4,TSRYS5802849,D,S,T,2024-05-10,1000000.00,4.609535,100.25
08:00:33,912810UA4,TSRYS5802849,D,S,T,2024-05-10,1000000.00,4.609535,100.25
08:00:33,912810UA4,TSRYS5802849,D,S,T,2024-05-10,1000000.00,4.609535,100.25
08:00:33,912810UA4,TSRYS5802849,D,S,T,2024-05-10,1000000.00,4.609535,100.25
08:00:33,912810UA4,TSRYS5802849,D,S,T,2024-05-10,1000000.00,4.609535,100.25
08:00:33,912810UA4,TSRYS5802849,D,S,T,2024-05-10,1000000.00,4.609535,100.25
08:00:33,912810UA4,TSRYS5802849,D,S,T,2024-05-10,1000000.00,4.609535,100.25
08:00:33,912810UA4,TSRYS5802849,D,S,T,2024-05-10,1000000.00,4.609535,100.25
08:00:33,912810UA4,TSRYS5802849,D,S,T,2024-05-10,1000000.00,4.609535,100.25
08:00:33,912810UA4,TSRYS5802849,D,S,T,2024-05-10,1000000.00,4.609535,100.25
08:00:33,912810UA4,TSRYS5802849,D,S,T,2024-05-10,1000000.00,4.609535,100.25
08:00:33,912810UA4,TSRYS5802849,D,S,T,2024-05-10,1000000.00,4.609535,100.25
08:00:33,912810UA4,TSRYS5802849,D,B,A,2024-05-10,2000000.00,4.604955,100.32421875
08:00:33,912810UA4,TSRYS5802849,D,B,A,2024-05-10,92400.00,4.599176,100.41796875
08:00:33,912810UA4,TSRYS5802849,D,S,A,2024-05-10,369800.00,4.60351,100.34765625
08:00:37,912810UA4,TSRYS5802849,D,S,T,2024-05-10,1000000.00,4.596049,100.46875
08:00:37,912810UA4,TSRYS5802849,D,S,D,2024-05-10,1000000.00,4.596049,100.46875
08:00:37,912810UA4,TSRYS5802849,D,S,D,2024-05-10,1000000.00,4.596049,100.46875
08:00:37,912810UA4,TSRYS5802849,D,S,D,2024-05-10,1000000.00,4.596049,100.46875
08:00:37,912810UA4,TSRYS5802849,D,S,D,2024-05-10,1000000.00,4.596049,100.46875
08:00:37,912810UA4,TSRYS5802849,D,S,D,2024-05-10,1000000.00,4.596049,100.46875
08:00:37,912810UA4,TSRYS5802849,D,S,D,2024-05-10,3000000.00,4.594658,100.49136
08:00:37,912810UA4,TSRYS5802849,D,B,A,2024-05-10,2000000.00,4.593886,100.50390625
08:00:37,912810UA4,TSRYS5802849,D,S,A,2024-05-10,1000000.00,4.593165,100.515625
08:00:37,912810UA4,TSRYS5802849,D,S,C,2024-05-10,6000000.00,4.598454,100.4296875
08:00:37,912810UA4,TSRYS5802849,D,S,D,2024-05-10,1000000.00,4.598936,100.421875
08:00:37,912810UA4,TSRYS5802849,D,S,D,2024-05-10,1000000.00,4.598936,100.421875
08:00:37,912810UA4,TSRYS5802849,D,S,D,2024-05-10,2000000.00,4.598936,100.421875
08:00:37,912810UA4,TSRYS5802849,D,S,D,2024-05-10,1000000.00,4.598936,100.421875
08:00:37,912810UA4,TSRYS5802849,D,S,D,2024-05-10,1000000.00,4.598936,100.421875
08:00:37,912810UA4,TSRYS5802849,D,S,D,2024-05-10,1000000.00,4.598936,100.421875
08:00:37,912810UA4,TSRYS5802849,D,S,D,2024-05-10,1000000.00,4.598936,100.421875
08:00:37,912810UA4,TSRYS5802849,D,S,D,2024-05-10,1000000.00,4.598936,100.421875
08:00:37,912810UA4,TSRYS5802849,D,S,D,2024-05-10,1000000.00,4.598936,100.421875
08:00:37,912810UA4,TSRYS5802849,D,S,D,2024-05-10,1000000.00,4.598454,100.4296875
08:00:37,912810UA4,TSRYS5802849,D,S,D,2024-05-10,1000000.00,4.598936,100.421875
08:00:37,912810UA4,TSRYS5802849,D,S,T,2024-05-10,1000000.00,4.598936,100.421875
08:00:37,912810UA4,TSRYS5802849,D,S,T,2024-05-10,1000000.00,4.598936,100.421875
08:00:37,912810UA4,TSRYS5802849,D,S,T,2024-05-10,1000000.00,4.598936,100.421875
08:00:37,912810UA4,TSRYS5802849,D,S,T,2024-05-10,2000000.00,4.598936,100.421875
08:00:37,912810UA4,TSRYS5802849,D,S,T,2024-05-10,1000000.00,4.598936,100.421875
08:00:37,912810UA4,TSRYS5802849,D,S,T,2024-05-10,1000000.00,4.598936,100.421875
08:00:37,912810UA4,TSRYS5802849,D,S,T,2024-05-10,1000000.00,4.598936,100.421875
08:00:37,912810UA4,TSRYS5802849,D,S,T,2024-05-10,1000000.00,4.598936,100.421875
08:00:37,912810UA4,TSRYS5802849,D,S,T,2024-05-10,1000000.00,4.597973,100.4375
08:00:37,912810UA4,TSRYS5802849,D,S,D,2024-05-10,1000000.00,4.598936,100.421875
08:00:37,912810UA4,TSRYS5802849,D,S,D,2024-05-10,1000000.00,4.598936,100.421875
08:00:37,912810UA4,TSRYS5802849,D,S,D,2024-05-10,1000000.00,4.598936,100.421875
08:00:37,912810UA4,TSRYS5802849,D,S,D,2024-05-10,1000000.00,4.598936,100.421875
08:00:37,912810UA4,TSRYS5802849,D,S,D,2024-05-10,1000000.00,4.598936,100.421875
08:00:37,912810UA4,TSRYS5802849,D,S,D,2024-05-10,1000000.00,4.598936,100.421875
08:00:37,912810UA4,TSRYS5802849,D,S,D,2024-05-10,1000000.00,4.598936,100.421875
08:00:37,912810UA4,TSRYS5802849,D,S,D,2024-05-10,1000000.00,4.598936,100.421875
08:00:37,912810UA4,TSRYS5802849,D,S,D,2024-05-10,1000000.00,4.598936,100.421875
08:00:37,912810UA4,TSRYS5802849,D,S,D,2024-05-10,1000000.00,4.598454,100.4296875
08:00:37,912810UA4,TSRYS5802849,D,S,D,2024-05-10,1000000.00,4.597973,100.4375
08:00:37,912810UA4,TSRYS5802849,D,S,T,2024-05-10,1000000.00,4.598936,100.421875
08:00:37,912810UA4,TSRYS5802849,D,S,T,2024-05-10,1000000.00,4.598936,100.421875
08:00:37,912810UA4,TSRYS5802849,D,S,T,2024-05-10,1000000.00,4.598936,100.421875
08:00:37,912810UA4,TSRYS5802849,D,S,T,2024-05-10,1000000.00,4.597973,100.4375
08:00:37,912810UA4,TSRYS5802849,D,S,D,2024-05-10,7000000.00,4.600861,100.390625
08:00:37,912810UA4,TSRYS5802849,D,S,D,2024-05-10,2000000.00,4.602787,100.359375
08:00:37,912810UA4,TSRYS5802849,D,S,D,2024-05-10,1000000.00,4.602787,100.359375
08:00:37,912810UA4,TSRYS5802849,D,S,D,2024-05-10,1000000.00,4.602787,100.359375
08:00:37,912810UA4,TSRYS5802849,D,S,D,2024-05-10,1000000.00,4.602787,100.359375
08:00:37,912810UA4,TSRYS5802849,D,S,T,2024-05-10,1000000.00,4.602065,100.37109375
08:00:37,912810UA4,TSRYS5802849,D,S,T,2024-05-10,1000000.00,4.602185,100.369140625
08:00:37,912810UA4,TSRYS5802849,D,S,D,2024-05-10,1000000.00,4.601824,100.375
08:00:37,912810UA4,TSRYS5802849,D,S,D,2024-05-10,1000000.00,4.601824,100.375
08:00:37,912810UA4,TSRYS5802849,D,S,D,2024-05-10,1000000.00,4.601824,100.375
08:00:37,912810UA4,TSRYS5802849,D,S,D,2024-05-10,1000000.00,4.600861,100.390625
08:00:37,912810UA4,TSRYS5802849,D,S,D,2024-05-10,1000000.00,4.601824,100.375
08:00:37,912810UA4,TSRYS5802849,D,S,D,2024-05-10,3000000.00,4.608571,100.265625
08:00:37,912810UA4,TSRYS5802849,D,S,D,2024-05-10,1000000.00,4.608571,100.265625
08:00:37,912810UA4,TSRYS5802849,D,S,D,2024-05-10,1000000.00,4.608571,100.265625
08:00:37,912810UA4,TSRYS5802849,D,S,D,2024-05-10,2000000.00,4.609053,100.2578125
08:00:37,912810UA4,TSRYS5802849,D,S,D,2024-05-10,500000.00,4.608088,100.2734375
08:00:37,912810UA4,TSRYS5802849,D,S,T,2024-05-10,1000000.00,4.608571,100.265625
08:00:37,912810UA4,TSRYS5802849,D,S,T,2024-05-10,4000000.00,4.608571,100.265625
08:00:37,912810UA4,TSRYS5802849,D,S,A,2024-05-10,48600000.00,4.597011,100.453125
08:00:37,912810UA4,TSRYS5802849,D,S,D,2024-05-10,1000000.00,4.604473,100.33203125
08:00:37,912810UA4,TSRYS5802849,D,S,T,2024-05-10,1000000.00,4.60375,100.34375
08:00:37,912810UA4,TSRYS5802849,D,S,D,2024-05-10,1000000.00,4.607606,100.28125
08:00:37,912810UA4,TSRYS5802849,D,S,T,2024-05-10,1000000.00,4.607606,100.28125
08:00:37,912810UA4,TSRYS5802849,D,S,A,2024-05-10,3000000.00,4.605678,100.3125
08:00:37,912810UA4,TSRYS5802849,D,S,D,2024-05-10,1000000.00,4.609535,100.25
08:00:37,912810UA4,TSRYS5802849,D,S,T,2024-05-10,1000000.00,4.609535,100.25
08:00:37,912810UA4,TSRYS5802849,D,S,T,2024-05-10,1000000.00,4.609777,100.24609375
08:00:37,912810UA4,TSRYS5802849,D,S,T,2024-05-10,4750000.00,4.625,100.0
08:00:37,912810UA4,TSRYS5802849,D,S,T,2024-05-10,4750000.00,4.625,100.0
08:00:37,912810UA4,TSRYS5802849,D,S,T,2024-05-10,50MM+,4.625,100.0
08:00:37,912810UA4,TSRYS5802849,D,S,T,2024-05-10,50MM+,4.625,100.0
08:00:37,912810UA4,TSRYS5802849,D,S,T,2024-05-10,50MM+,4.625,100.0
08:00:37,912810UA4,TSRYS5802849,D,S,T,2024-05-10,50MM+,4.625,100.0
08:00:37,912810UA4,TSRYS5802849,D,S,T,2024-05-10,4750000.00,4.625,100.0
08:00:37,912810UA4,TSRYS5802849,D,S,T,2024-05-10,50MM+,4.625,100.0
08:00:37,912810UA4,TSRYS5802849,D,S,T,2024-05-10,1000000.00,4.611465,100.21875
08:00:37,912810UA4,TSRYS5802849,D,S,D,2024-05-10,1000000.00,4.611465,100.21875
08:00:37,912810UA4,TSRYS5802849,D,S,T,2024-05-10,1000000.00,4.612431,100.203125
08:00:37,912810UA4,TSRYS5802849,D,S,T,2024-05-10,1000000.00,4.613155,100.19140625
08:00:37,912810UA4,TSRYS5802849,D,S,D,2024-05-10,1000000.00,4.613396,100.1875
08:00:37,912810UA4,TSRYS5802849,D,S,D,2024-05-10,1000000.00,4.613396,100.1875
08:00:37,912810UA4,TSRYS5802849,D,S,D,2024-05-10,1000000.00,4.613396,100.1875
08:00:37,912810UA4,TSRYS5802849,D,S,D,2024-05-10,1000000.00,4.613396,100.1875
08:00:37,912810UA4,TSRYS5802849,D,S,D,2024-05-10,1000000.00,4.613396,100.1875
08:00:37,912810UA4,TSRYS5802849,D,B,C,2024-05-10,50MM+,4.625,100.0
08:00:37,912810UA4,TSRYS5802849,D,S,T,2024-05-10,1000000.00,4.60375,100.34375
08:00:37,912810UA4,TSRYS5802849,D,S,D,2024-05-10,1000000.00,4.601342,100.3828125
08:00:37,912810UA4,TSRYS5802849,D,S,D,2024-05-10,1000000.00,4.601342,100.3828125
08:00:37,912810UA4,TSRYS5802849,D,S,D,2024-05-10,1000000.00,4.601342,100.3828125
08:00:37,912810UA4,TSRYS5802849,D,S,D,2024-05-10,1000000.00,4.601824,100.375
08:00:37,912810UA4,TSRYS5802849,D,S,D,2024-05-10,1000000.00,4.601824,100.375
08:00:37,912810UA4,TSRYS5802849,D,S,D,2024-05-10,1000000.00,4.601824,100.375
08:00:37,912810UA4,TSRYS5802849,D,S,D,2024-05-10,1000000.00,4.602787,100.359375
08:00:37,912810UA4,TSRYS5802849,D,S,D,2024-05-10,1000000.00,4.601824,100.375
08:00:37,912810UA4,TSRYS5802849,D,S,D,2024-05-10,1000000.00,4.594847,100.48828125
08:00:37,912810UA4,TSRYS5802849,D,S,T,2024-05-10,1000000.00,4.593165,100.515625
08:00:37,912810UA4,TSRYS5802849,D,S,C,2024-05-10,1000000.00,4.600861,100.390625
08:00:37,912810UA4,TSRYS5802849,D,S,T,2024-05-10,1000000.00,4.613396,100.1875
08:00:37,912810UA4,TSRYS5802849,D,S,D,2024-05-10,1000000.00,4.598214,100.43359375
08:00:37,912810UA4,TSRYS5802849,D,S,C,2024-05-10,3000000.00,4.608088,100.2734375
08:00:38,912810UA4,TSRYS5802849,D,B,C,2024-05-10,3000000.00,4.598936,100.421875
08:00:38,912810UA4,TSRYS5802849,D,S,D,2024-05-10,3000000.00,4.598936,100.421875
08:00:38,912810UA4,TSRYS5802849,D,S,D,2024-05-10,1000000.00,4.597973,100.4375
08:00:38,912810UA4,TSRYS5802849,D,B,C,2024-05-10,2500000.00,4.608571,100.265625
08:00:38,912810UA4,TSRYS5802849,D,S,C,2024-05-10,2000000.00,4.606642,100.296875
08:00:38,912810UA4,TSRYS5802849,D,B,C,2024-05-10,3100000.00,4.599417,100.4140625
08:00:38,912810UA4,TSRYS5802849,D,S,D,2024-05-10,1000000.00,4.598214,100.43359375
08:00:38,912810UA4,TSRYS5802849,D,S,D,2024-05-10,1000000.00,4.596771,100.45703125
08:00:39,912810UA4,TSRYS5802849,D,S,T,2024-05-10,1000000.00,4.59653,100.4609375
08:00:39,912810UA4,TSRYS5802849,D,S,D,2024-05-10,1000000.00,4.607606,100.28125
08:00:39,912810UA4,TSRYS5802849,D,B,C,2024-05-10,1000000.00,4.601102,100.38671875
08:00:39,912810UA4,TSRYS5802849,D,S,D,2024-05-10,1000000.00,4.601102,100.38671875
08:00:39,912810UA4,TSRYS5802849,D,S,C,2024-05-10,35800000.00,4.607124,100.2890625
08:00:40,912810UA4,TSRYS5802849,D,S,D,2024-05-10,1000000.00,4.604473,100.33203125
08:00:40,912810UA4,TSRYS5802849,D,B,C,2024-05-10,150000.00,4.594847,100.48828125
08:00:40,912810UA4,TSRYS5802849,D,S,D,2024-05-10,150000.00,4.594847,100.48828125
08:00:40,912810UA4,TSRYS5802849,D,S,D,2024-05-10,2500000.00,4.608571,100.265625
08:00:41,912810UA4,TSRYS5802849,D,S,D,2024-05-10,15000000.00,4.601342,100.3828125
08:00:41,912810UA4,TSRYS5802849,D,S,D,2024-05-10,35800000.00,4.607124,100.2890625
08:00:42,912810UA4,TSRYS5802849,D,B,A,2024-05-10,43204000.00,4.604739,100.327725
08:00:42,912810UA4,TSRYS5802849,D,S,D,2024-05-10,1000000.00,4.613396,100.1875
08:00:42,912810UA4,TSRYS5802849,D,S,D,2024-05-10,2000000.00,4.613396,100.1875
08:00:43,912810UA4,TSRYS5802849,D,B,A,2024-05-10,2300000.00,4.591243,100.546875
08:00:44,912810UA4,TSRYS5802849,D,S,D,2024-05-10,1000000.00,4.602787,100.359375
08:00:46,912810UA4,TSRYS5802849,D,B,C,2024-05-10,5000000.00,4.599898,100.40625
08:00:46,912810UA4,TSRYS5802849,D,S,T,2024-05-10,1000000.00,4.60375,100.34375
08:00:46,912810UA4,TSRYS5802849,D,S,C,2024-05-10,10000000.00,4.600139,100.40234375
08:00:47,912810UA4,TSRYS5802849,D,B,C,2024-05-10,10000000.00,4.597733,100.44140625
08:00:47,912810UA4,TSRYS5802849,D,S,A,2024-05-10,2300000.00,4.591243,100.546875
08:00:48,912810UA4,TSRYS5802849,D,S,A,2024-05-10,1000000.00,4.599898,100.40625
08:00:48,912810UA4,TSRYS5802849,D,S,T,2024-05-10,1000000.00,4.607853,100.27724375
08:00:48,912810UA4,TSRYS5802849,D,S,T,2024-05-10,1000000.00,4.605437,100.31640625
08:00:48,912810UA4,TSRYS5802849,D,B,A,2024-05-10,1000000.00,4.604714,100.328125
08:00:48,912810UA4,TSRYS5802849,D,S,T,2024-05-10,1000000.00,4.603877,100.341696875
08:00:48,912810UA4,TSRYS5802849,D,B,A,2024-05-10,88000.00,4.604714,100.328125
08:00:48,912810UA4,TSRYS5802849,D,S,D,2024-05-10,1000000.00,4.607606,100.28125
08:00:48,912810UA4,TSRYS5802849,D,S,D,2024-05-10,1000000.00,4.607606,100.28125
08:00:48,912810UA4,TSRYS5802849,D,S,T,2024-05-10,1000000.00,4.607974,100.275290625
08:00:48,912810UA4,TSRYS5802849,D,S,T,2024-05-10,1000000.00,4.614247,100.173728125
08:00:48,912810UA4,TSRYS5802849,D,S,T,2024-05-10,1000000.00,4.613523,100.185446875
08:00:48,912810UA4,TSRYS5802849,D,S,T,2024-05-10,1000000.00,4.613517,100.185546875
08:00:48,912810UA4,TSRYS5802849,D,S,D,2024-05-10,10000000.00,4.608697,100.26358
08:00:48,912810UA4,TSRYS5802849,D,S,T,2024-05-10,1000000.00,4.597973,100.4375
08:00:49,912810UA4,TSRYS5802849,D,B,C,2024-05-10,10688000.00,4.598239,100.43319375
08:00:49,912810UA4,TSRYS5802849,D,S,C,2024-05-10,2000000.00,4.597492,100.4453125
08:00:51,912810UA4,TSRYS5802849,D,S,T,2024-05-10,1000000.00,4.613155,100.19140625
08:00:52,912810UA4,TSRYS5802849,D,B,A,2024-05-10,48600000.00,4.597011,100.453125
08:00:53,912810UA4,TSRYS5802849,D,S,T,2024-05-10,1000000.00,4.602907,100.357421875
08:00:53,912810UA4,TSRYS5802849,D,S,D,2024-05-10,3000000.00,4.604714,100.328125
08:00:53,912810UA4,TSRYS5802849,D,S,D,2024-05-10,1000000.00,4.607606,100.28125
08:00:53,912810UA4,TSRYS5802849,D,S,D,2024-05-10,1000000.00,4.607606,100.28125
08:00:53,912810UA4,TSRYS5802849,D,S,D,2024-05-10,1000000.00,4.607606,100.28125
08:00:53,912810UA4,TSRYS5802849,D,S,D,2024-05-10,31311000.00,4.609777,100.24609375
08:00:53,912810UA4,TSRYS5802849,D,B,C,2024-05-10,7000000.00,4.610741,100.23046875
08:00:53,912810UA4,TSRYS5802849,D,S,D,2024-05-10,10000000.00,4.609335,100.25324
08:00:53,912810UA4,TSRYS5802849,D,B,C,2024-05-10,2200000.00,4.6105,100.234375
08:00:54,912810UA4,TSRYS5802849,D,S,D,2024-05-10,40644000.00,4.625,100.0
08:00:55,912810UA4,TSRYS5802849,D,S,D,2024-05-10,10000000.00,4.609334,100.25326
08:00:56,912810UA4,TSRYS5802849,D,S,T,2024-05-10,1000000.00,4.597973,100.4375
08:01:01,912810UA4,TSRYS5802849,D,S,D,2024-05-10,1000000.00,4.593165,100.515625
08:01:01,912810UA4,TSRYS5802849,D,B,C,2024-05-10,10000000.00,4.592684,100.5234375
08:01:01,912810UA4,TSRYS5802849,D,S,T,2024-05-10,1000000.00,4.591243,100.546875
08:01:01,912810UA4,TSRYS5802849,D,S,T,2024-05-10,1000000.00,4.591243,100.546875
08:01:01,912810UA4,TSRYS5802849,D,S,D,2024-05-10,1000000.00,4.610259,100.23828125
08:01:01,912810UA4,TSRYS5802849,D,S,D,2024-05-10,1000000.00,4.593165,100.515625
08:01:01,912810UA4,TSRYS5802849,D,S,C,2024-05-10,1000000.00,4.604232,100.3359375
08:01:01,912810UA4,TSRYS5802849,D,S,D,2024-05-10,1000000.00,4.603991,100.33984375
08:01:01,912810UA4,TSRYS5802849,D,S,D,2024-05-10,1000000.00,4.593165,100.515625
08:01:01,912810UA4,TSRYS5802849,D,B,C,2024-05-10,1000000.00,4.603991,100.33984375
08:01:01,912810UA4,TSRYS5802849,D,B,C,2024-05-10,1000000.00,4.603991,100.33984375
08:01:01,912810UA4,TSRYS5802849,D,S,D,2024-05-10,1000000.00,4.603991,100.33984375
08:01:01,912810UA4,TSRYS5802849,D,S,D,2024-05-10,1000000.00,4.610018,100.2421875
08:01:01,912810UA4,TSRYS5802849,D,S,D,2024-05-10,1000000.00,4.610018,100.2421875
08:01:01,912810UA4,TSRYS5802849,D,S,D,2024-05-10,1000000.00,4.603991,100.33984375
08:01:01,912810UA4,TSRYS5802849,D,S,T,2024-05-10,2000000.00,4.591243,100.546875
08:01:01,912810UA4,TSRYS5802849,D,S,D,2024-05-10,1000000.00,4.604714,100.328125
08:01:01,912810UA4,TSRYS5802849,D,S,D,2024-05-10,1000000.00,4.609535,100.25
08:01:01,912810UA4,TSRYS5802849,D,S,C,2024-05-10,1000000.00,4.609535,100.25
08:01:01,912810UA4,TSRYS5802849,D,S,D,2024-05-10,1000000.00,4.609535,100.25
08:01:01,912810UA4,TSRYS5802849,D,S,D,2024-05-10,1000000.00,4.606642,100.296875
08:01:01,912810UA4,TSRYS5802849,D,S,D,2024-05-10,1000000.00,4.606642,100.296875
08:01:01,912810UA4,TSRYS5802849,D,S,D,2024-05-10,1000000.00,4.609294,100.25390625
08:01:01,912810UA4,TSRYS5802849,D,S,D,2024-05-10,1000000.00,4.608088,100.2734375
08:01:01,912810UA4,TSRYS5802849,D,S,D,2024-05-10,1000000.00,4.608088,100.2734375
08:01:01,912810UA4,TSRYS5802849,D,S,C,2024-05-10,1000000.00,4.603269,100.3515625
08:01:01,912810UA4,TSRYS5802849,D,S,C,2024-05-10,1000000.00,4.608329,100.26953125
08:01:01,912810UA4,TSRYS5802849,D,B,C,2024-05-10,1000000.00,4.607606,100.28125
08:01:01,912810UA4,TSRYS5802849,D,S,D,2024-05-10,1000000.00,4.609294,100.25390625
08:01:01,912810UA4,TSRYS5802849,D,S,D,2024-05-10,1000000.00,4.607606,100.28125
08:01:01,912810UA4,TSRYS5802849,D,S,T,2024-05-10,1000000.00,4.591243,100.546875
08:01:01,912810UA4,TSRYS5802849,D,S,D,2024-05-10,1000000.00,4.609053,100.2578125
08:01:01,912810UA4,TSRYS5802849,D,B,C,2024-05-10,1000000.00,4.609535,100.25
08:01:01,912810UA4,TSRYS5802849,D,S,C,2024-05-10,1000000.00,4.601824,100.375
08:01:01,912810UA4,TSRYS5802849,D,S,D,2024-05-10,1000000.00,4.608571,100.265625
08:01:01,912810UA4,TSRYS5802849,D,S,C,2024-05-10,1000000.00,4.609535,100.25
08:01:01,912810UA4,TSRYS5802849,D,S,D,2024-05-10,1000000.00,4.601583,100.37890625
08:01:01,912810UA4,TSRYS5802849,D,S,C,2024-05-10,1000000.00,4.602305,100.3671875
08:01:02,912810UA4,TSRYS5802849,D,S,D,2024-05-10,1000000.00,4.601342,100.3828125
08:01:02,912810UA4,TSRYS5802849,D,S,D,2024-05-10,1000000.00,4.609294,100.25390625
08:01:02,912810UA4,TSRYS5802849,D,S,D,2024-05-10,1000000.00,4.601824,100.375
08:01:02,912810UA4,TSRYS5802849,D,S,D,2024-05-10,1000000.00,4.601342,100.3828125
08:01:02,912810UA4,TSRYS5802849,D,S,T,2024-05-10,1000000.00,4.591243,100.546875
08:01:02,912810UA4,TSRYS5802849,D,S,D,2024-05-10,1000000.00,4.601342,100.3828125
08:01:02,912810UA4,TSRYS5802849,D,S,D,2024-05-10,1000000.00,4.598936,100.421875
08:01:02,912810UA4,TSRYS5802849,D,S,D,2024-05-10,1000000.00,4.601824,100.375
08:01:02,912810UA4,TSRYS5802849,D,S,D,2024-05-10,1000000.00,4.601824,100.375
08:01:02,912810UA4,TSRYS5802849,D,S,D,2024-05-10,1000000.00,4.603269,100.3515625
08:01:02,912810UA4,TSRYS5802849,D,S,D,2024-05-10,1000000.00,4.598214,100.43359375
08:01:02,912810UA4,TSRYS5802849,D,S,D,2024-05-10,1000000.00,4.599898,100.40625
08:01:02,912810UA4,TSRYS5802849,D,S,D,2024-05-10,1000000.00,4.601824,100.375
08:01:02,912810UA4,TSRYS5802849,D,S,D,2024-05-10,1000000.00,4.601342,100.3828125
08:01:02,912810UA4,TSRYS5802849,D,S,D,2024-05-10,1000000.00,4.597252,100.44921875
08:01:02,912810UA4,TSRYS5802849,D,S,D,2024-05-10,1000000.00,4.600379,100.3984375
08:01:02,912810UA4,TSRYS5802849,D,S,T,2024-05-10,1000000.00,4.591243,100.546875
08:01:02,912810UA4,TSRYS5802849,D,S,D,2024-05-10,2000000.00,4.597011,100.453125
08:01:02,912810UA4,TSRYS5802849,D,S,D,2024-05-10,1000000.00,4.600379,100.3984375
08:01:02,912810UA4,TSRYS5802849,D,S,D,2024-05-10,1000000.00,4.601824,100.375
08:01:02,912810UA4,TSRYS5802849,D,S,D,2024-05-10,1000000.00,4.597011,100.453125
08:01:02,912810UA4,TSRYS5802849,D,S,D,2024-05-10,1000000.00,4.602787,100.359375
08:01:02,912810UA4,TSRYS5802849,D,S,D,2024-05-10,1000000.00,4.601824,100.375
08:01:02,912810UA4,TSRYS5802849,D,S,D,2024-05-10,1000000.00,4.599898,100.40625
08:01:02,912810UA4,TSRYS5802849,D,B,C,2024-05-10,1000000.00,4.597252,100.44921875
08:01:02,912810UA4,TSRYS5802849,D,S,D,2024-05-10,1000000.00,4.602305,100.3671875
08:01:02,912810UA4,TSRYS5802849,D,S,T,2024-05-10,2000000.00,4.591243,100.546875
08:01:02,912810UA4,TSRYS5802849,D,S,D,2024-05-10,1000000.00,4.596049,100.46875
08:01:02,912810UA4,TSRYS5802849,D,S,D,2024-05-10,1000000.00,4.599898,100.40625
08:01:02,912810UA4,TSRYS5802849,D,S,D,2024-05-10,1000000.00,4.602787,100.359375
08:01:02,912810UA4,TSRYS5802849,D,S,D,2024-05-10,1000000.00,4.594126,100.5
08:01:02,912810UA4,TSRYS5802849,D,S,D,2024-05-10,1000000.00,4.596049,100.46875
08:01:02,912810UA4,TSRYS5802849,D,S,D,2024-05-10,1000000.00,4.597011,100.453125
08:01:02,912810UA4,TSRYS5802849,D,S,D,2024-05-10,1000000.00,4.607124,100.2890625
08:01:02,912810UA4,TSRYS5802849,D,S,D,2024-05-10,1000000.00,4.596049,100.46875
08:01:02,912810UA4,TSRYS5802849,D,S,D,2024-05-10,1000000.00,4.597011,100.453125
08:01:02,912810UA4,TSRYS5802849,D,S,D,2024-05-10,1000000.00,4.597011,100.453125
08:01:02,912810UA4,TSRYS5802849,D,S,D,2024-05-10,1000000.00,4.593405,100.51171875
08:01:02,912810UA4,TSRYS5802849,D,S,D,2024-05-10,2000000.00,4.597011,100.453125
08:01:02,912810UA4,TSRYS5802849,D,S,T,2024-05-10,1000000.00,4.591243,100.546875
08:01:02,912810UA4,TSRYS5802849,D,S,D,2024-05-10,1000000.00,4.598214,100.43359375
08:01:02,912810UA4,TSRYS5802849,D,S,C,2024-05-10,1000000.00,4.594126,100.5
08:01:02,912810UA4,TSRYS5802849,D,S,D,2024-05-10,2000000.00,4.597011,100.453125
08:01:02,912810UA4,TSRYS5802849,D,S,D,2024-05-10,1000000.00,4.607606,100.28125
08:01:02,912810UA4,TSRYS5802849,D,S,D,2024-05-10,1000000.00,4.602305,100.3671875
08:01:02,912810UA4,TSRYS5802849,D,S,D,2024-05-10,1000000.00,4.607606,100.28125
08:01:02,912810UA4,TSRYS5802849,D,S,D,2024-05-10,1000000.00,4.597973,100.4375
08:01:02,912810UA4,TSRYS5802849,D,S,D,2024-05-10,1000000.00,4.607606,100.28125
08:01:02,912810UA4,TSRYS5802849,D,S,D,2024-05-10,1000000.00,4.600139,100.40234375
08:01:02,912810UA4,TSRYS5802849,D,S,D,2024-05-10,1000000.00,4.596771,100.45703125
08:01:02,912810UA4,TSRYS5802849,D,B,C,2024-05-10,1000000.00,4.600139,100.40234375
08:01:02,912810UA4,TSRYS5802849,D,S,D,2024-05-10,1000000.00,4.60616,100.3046875
08:01:09,912810UA4,TSRYS5802849,D,S,T,2024-05-10,1000000.00,4.60665,100.29675
08:01:09,912810UA4,TSRYS5802849,D,S,D,2024-05-10,1000000.00,4.609294,100.25390625
08:01:09,912810UA4,TSRYS5802849,D,S,D,2024-05-10,1000000.00,4.609294,100.25390625
08:01:09,912810UA4,TSRYS5802849,D,S,D,2024-05-10,1000000.00,4.609294,100.25390625
08:01:09,912810UA4,TSRYS5802849,D,S,T,2024-05-10,1000000.00,4.605686,100.312375
08:01:09,912810UA4,TSRYS5802849,D,S,T,2024-05-10,1000000.00,4.605686,100.312375
08:01:09,912810UA4,TSRYS5802849,D,S,D,2024-05-10,1000000.00,4.601342,100.3828125
08:01:09,912810UA4,TSRYS5802849,D,S,D,2024-05-10,1000000.00,4.601342,100.3828125
08:01:09,912810UA4,TSRYS5802849,D,S,D,2024-05-10,1000000.00,4.601342,100.3828125
08:01:09,912810UA4,TSRYS5802849,D,S,D,2024-05-10,1000000.00,4.597011,100.453125
08:01:09,912810UA4,TSRYS5802849,D,S,D,2024-05-10,2000000.00,4.597011,100.453125
08:01:10,912810UA4,TSRYS5802849,D,S,D,2024-05-10,1000000.00,4.597011,100.453125
08:01:10,912810UA4,TSRYS5802849,D,S,D,2024-05-10,2000000.00,4.597011,100.453125
08:01:10,912810UA4,TSRYS5802849,D,S,D,2024-05-10,1000000.00,4.597011,100.453125
08:01:10,912810UA4,TSRYS5802849,D,S,T,2024-05-10,1000000.00,4.604722,100.328
08:01:10,912810UA4,TSRYS5802849,D,S,T,2024-05-10,1000000.00,4.604722,100.328
08:01:10,912810UA4,TSRYS5802849,D,S,T,2024-05-10,2000000.00,4.603758,100.343625
08:01:10,912810UA4,TSRYS5802849,D,S,T,2024-05-10,1000000.00,4.597017,100.453025
08:01:10,912810UA4,TSRYS5802849,D,S,T,2024-05-10,1000000.00,4.597017,100.453025
08:01:10,912810UA4,TSRYS5802849,D,S,T,2024-05-10,1000000.00,4.605202,100.3202125
08:01:10,912810UA4,TSRYS5802849,D,S,T,2024-05-10,1000000.00,4.601824,100.375
08:01:10,912810UA4,TSRYS5802849,D,S,D,2024-05-10,1000000.00,4.601463,100.380859375
08:01:10,912810UA4,TSRYS5802849,D,S,T,2024-05-10,1000000.00,4.601463,100.380859375
08:01:10,912810UA4,TSRYS5802849,D,S,T,2024-05-10,1000000.00,4.60375,100.34375
08:01:10,912810UA4,TSRYS5802849,D,S,T,2024-05-10,1000000.00,4.60375,100.34375
08:01:11,912810UA4,TSRYS5802849,D,S,T,2024-05-10,1000000.00,4.593525,100.509765625
08:01:11,912810UA4,TSRYS5802849,D,S,T,2024-05-10,2000000.00,4.604714,100.328125
08:01:11,912810UA4,TSRYS5802849,D,S,T,2024-05-10,1000000.00,4.605678,100.3125
08:01:11,912810UA4,TSRYS5802849,D,S,T,2024-05-10,2000000.00,4.593285,100.513671875
08:01:11,912810UA4,TSRYS5802849,D,S,T,2024-05-10,1000000.00,4.597025,100.4529
08:01:11,912810UA4,TSRYS5802849,D,S,T,2024-05-10,1000000.00,4.597025,100.4529
08:01:11,912810UA4,TSRYS5802849,D,S,T,2024-05-10,1000000.00,4.597025,100.4529
08:01:11,912810UA4,TSRYS5802849,D,S,T,2024-05-10,1000000.00,4.597025,100.4529
08:01:11,912810UA4,TSRYS5802849,D,S,T,2024-05-10,1000000.00,4.597025,100.4529
08:01:11,912810UA4,TSRYS5802849,D,S,T,2024-05-10,1000000.00,4.597025,100.4529
08:01:11,912810UA4,TSRYS5802849,D,S,T,2024-05-10,1000000.00,4.597025,100.4529
08:01:11,912810UA4,TSRYS5802849,D,S,T,2024-05-10,1000000.00,4.605678,100.3125
08:01:11,912810UA4,TSRYS5802849,D,B,A,2024-05-10,50MM+,4.60375,100.34375
08:01:11,912810UA4,TSRYS5802849,D,S,D,2024-05-10,1000000.00,4.598214,100.43359375
08:01:11,912810UA4,TSRYS5802849,D,S,D,2024-05-10,2000000.00,4.606642,100.296875
08:01:11,912810UA4,TSRYS5802849,D,S,T,2024-05-10,1000000.00,4.593886,100.50390625
08:01:11,912810UA4,TSRYS5802849,D,S,T,2024-05-10,1000000.00,4.608571,100.265625
08:01:11,912810UA4,TSRYS5802849,D,S,T,2024-05-10,1000000.00,4.608571,100.265625
08:01:11,912810UA4,TSRYS5802849,D,S,T,2024-05-10,1000000.00,4.605678,100.3125
08:01:11,912810UA4,TSRYS5802849,D,S,C,2024-05-10,1000000.00,4.598502,100.4289199
08:01:11,912810UA4,TSRYS5802849,D,S,C,2024-05-10,1000000.00,4.603138,100.3536881
08:01:11,912810UA4,TSRYS5802849,D,B,A,2024-05-10,10000000.00,4.607124,100.2890625
08:01:11,912810UA4,TSRYS5802849,D,S,C,2024-05-10,2000000.00,4.601399,100.3818952
08:01:11,912810UA4,TSRYS5802849,D,B,A,2024-05-10,25000000.00,4.607606,100.28125
08:01:11,912810UA4,TSRYS5802849,D,S,D,2024-05-10,4000000.00,4.60145,100.3810711
08:01:11,912810UA4,TSRYS5802849,D,B,A,2024-05-10,5500000.00,4.6105,100.234375
08:01:11,912810UA4,TSRYS5802849,D,B,C,2024-05-10,1000000.00,4.603943,100.340625
08:01:12,912810UA4,TSRYS5802849,D,S,T,2024-05-10,1000000.00,4.594246,100.498046875
08:01:12,912810UA4,TSRYS5802849,D,S,T,2024-05-10,1000000.00,4.598101,100.435421875
08:01:12,912810UA4,TSRYS5802849,D,S,D,2024-05-10,4000000.00,4.607745,100.279
08:01:12,912810UA4,TSRYS5802849,D,S,T,2024-05-10,1000000.00,4.598094,100.435546875
08:01:12,912810UA4,TSRYS5802849,D,S,T,2024-05-10,1000000.00,4.598214,100.43359375
08:01:12,912810UA4,TSRYS5802849,D,B,A,2024-05-10,6200000.00,4.6105,100.234375
08:01:12,912810UA4,TSRYS5802849,D,S,D,2024-05-10,1000000.00,4.598214,100.43359375
08:01:12,912810UA4,TSRYS5802849,D,S,T,2024-05-10,1000000.00,4.598094,100.435546875
08:01:12,912810UA4,TSRYS5802849,D,S,D,2024-05-10,1000000.00,4.598936,100.421875
08:01:12,912810UA4,TSRYS5802849,D,S,T,2024-05-10,1000000.00,4.598214,100.43359375
08:01:12,912810UA4,TSRYS5802849,D,S,T,2024-05-10,1000000.00,4.598334,100.431640625
08:01:13,912810UA4,TSRYS5802849,D,S,T,2024-05-10,1000000.00,4.598222,100.43346875
08:01:13,912810UA4,TSRYS5802849,D,B,A,2024-05-10,4000000.00,4.615328,100.15625
08:01:13,912810UA4,TSRYS5802849,D,B,A,2024-05-10,5100000.00,4.613638,100.18359375
08:01:13,912810UA4,TSRYS5802849,D,S,T,2024-05-10,1000000.00,4.600379,100.3984375
08:01:13,912810UA4,TSRYS5802849,D,S,D,2024-05-10,1000000.00,4.600379,100.3984375
08:01:13,912810UA4,TSRYS5802849,D,S,D,2024-05-10,1000000.00,4.600379,100.3984375
08:01:13,912810UA4,TSRYS5802849,D,S,D,2024-05-10,1000000.00,4.600379,100.3984375
08:01:13,912810UA4,TSRYS5802849,D,S,T,2024-05-10,1000000.00,4.598334,100.431640625
08:01:13,912810UA4,TSRYS5802849,D,S,T,2024-05-10,1000000.00,4.598342,100.431515625
08:01:13,912810UA4,TSRYS5802849,D,B,C,2024-05-10,5000000.00,4.611707,100.21484375
08:01:13,912810UA4,TSRYS5802849,D,S,T,2024-05-10,1000000.00,4.606883,100.29296875
08:01:14,912810UA4,TSRYS5802849,D,S,D,2024-05-10,1000000.00,4.593405,100.51171875
08:01:14,912810UA4,TSRYS5802849,D,B,A,2024-05-10,3000000.00,4.595568,100.4765625
08:01:14,912810UA4,TSRYS5802849,D,S,D,2024-05-10,1000000.00,4.597853,100.439453125
08:01:14,912810UA4,TSRYS5802849,D,S,D,2024-05-10,1000000.00,4.598214,100.43359375
08:01:14,912810UA4,TSRYS5802849,D,S,T,2024-05-10,1000000.00,4.599176,100.41796875
08:01:14,912810UA4,TSRYS5802849,D,B,C,2024-05-10,1000000.00,4.601824,100.375
08:01:14,912810UA4,TSRYS5802849,D,S,C,2024-05-10,1000000.00,4.601824,100.3752
08:01:14,912810UA4,TSRYS5802849,D,S,T,2024-05-10,1000000.00,4.598815,100.423828125
08:01:14,912810UA4,TSRYS5802849,D,S,A,2024-05-10,1000000.00,4.603738,100.34395
08:01:14,912810UA4,TSRYS5802849,D,S,A,2024-05-10,1000000.00,4.60375,100.34375
08:01:14,912810UA4,TSRYS5802849,D,S,D,2024-05-10,1000000.00,4.59653,100.4609375
08:01:15,912810UA4,TSRYS5802849,D,S,D,2024-05-10,35800000.00,4.607124,100.2890625
08:01:15,912810UA4,TSRYS5802849,D,S,D,2024-05-10,2500000.00,4.608571,100.265625
08:01:15,912810UA4,TSRYS5802849,D,S,D,2024-05-10,22000000.00,4.608249,100.270833333
08:01:15,912810UA4,TSRYS5802849,D,S,C,2024-05-10,1000000.00,4.597011,100.453125
08:01:15,912810UA4,TSRYS5802849,D,S,C,2024-05-10,1000000.00,4.597011,100.453125
08:01:15,912810UA4,TSRYS5802849,D,S,D,2024-05-10,3000000.00,4.604473,100.33203125
08:01:15,912810UA4,TSRYS5802849,D,B,A,2024-05-10,1000000.00,4.614362,100.171875
08:01:15,912810UA4,TSRYS5802849,D,S,D,2024-05-10,3000000.00,4.608088,100.2734375
08:01:16,912810UA4,TSRYS5802849,D,S,T,2024-05-10,2000000.00,4.599657,100.41015625
08:01:16,912810UA4,TSRYS5802849,D,S,D,2024-05-10,1000000.00,4.600379,100.3984375
08:01:16,912810UA4,TSRYS5802849,D,S,D,2024-05-10,50MM+,4.625,100.0
08:01:16,912810UA4,TSRYS5802849,D,S,T,2024-05-10,1000000.00,4.599778,100.40820312
08:01:16,912810UA4,TSRYS5802849,D,S,T,2024-05-10,1000000.00,4.599907,100.4061
08:01:16,912810UA4,TSRYS5802849,D,S,T,2024-05-10,1000000.00,4.599657,100.41015625
08:01:16,912810UA4,TSRYS5802849,D,S,D,2024-05-10,1000000.00,4.600379,100.3984375
08:01:16,912810UA4,TSRYS5802849,D,S,D,2024-05-10,4750000.00,4.625,100.0
08:01:16,912810UA4,TSRYS5802849,D,S,T,2024-05-10,1000000.00,4.599657,100.41015625
08:01:16,912810UA4,TSRYS5802849,D,S,D,2024-05-10,4750000.00,4.625,100.0
08:01:16,912810UA4,TSRYS5802849,D,S,T,2024-05-10,1000000.00,4.599657,100.41015625
08:01:16,912810UA4,TSRYS5802849,D,S,D,2024-05-10,5750000.00,4.625,100.0
08:01:16,912810UA4,TSRYS5802849,D,S,D,2024-05-10,1000000.00,4.608571,100.265625
08:01:16,912810UA4,TSRYS5802849,D,S,D,2024-05-10,1000000.00,4.599898,100.40625
08:01:16,912810UA4,TSRYS5802849,D,S,D,2024-05-10,1000000.00,4.608571,100.265625
08:01:16,912810UA4,TSRYS5802849,D,S,D,2024-05-10,1000000.00,4.599898,100.40625
08:01:16,912810UA4,TSRYS5802849,D,S,D,2024-05-10,1000000.00,4.604714,100.328125
08:01:16,912810UA4,TSRYS5802849,D,S,C,2024-05-10,1000000.00,4.599898,100.40625
08:01:16,912810UA4,TSRYS5802849,D,S,D,2024-05-10,1000000.00,4.605196,100.3203125
08:01:16,912810UA4,TSRYS5802849,D,S,D,2024-05-10,1000000.00,4.599898,100.40625
08:01:16,912810UA4,TSRYS5802849,D,S,D,2024-05-10,1000000.00,4.605196,100.3203125
08:01:16,912810UA4,TSRYS5802849,D,S,D,2024-05-10,1000000.00,4.605437,100.31640625
08:01:16,912810UA4,TSRYS5802849,D,S,D,2024-05-10,1000000.00,4.605196,100.3203125
08:01:16,912810UA4,TSRYS5802849,D,S,T,2024-05-10,1000000.00,4.613645,100.18346875
08:01:16,912810UA4,TSRYS5802849,D,B,C,2024-05-10,5750000.00,4.625,100.0
08:01:16,912810UA4,TSRYS5802849,D,B,C,2024-05-10,2850000.00,4.625,100.0
08:01:16,912810UA4,TSRYS5802849,D,B,C,2024-05-10,4750000.00,4.625,100.0
08:01:16,912810UA4,TSRYS5802849,D,B,C,2024-05-10,950000.00,4.625,100.0
08:01:16,912810UA4,TSRYS5802849,D,S,D,2024-05-10,1000000.00,4.605437,100.31640625
08:01:16,912810UA4,TSRYS5802849,D,S,D,2024-05-10,1000000.00,4.605196,100.3203125
08:01:16,912810UA4,TSRYS5802849,D,S,D,2024-05-10,1000000.00,4.605437,100.31640625
08:01:16,912810UA4,TSRYS5802849,D,S,D,2024-05-10,1000000.00,4.606642,100.296875
08:01:16,912810UA4,TSRYS5802849,D,S,D,2024-05-10,2850000.00,4.625,100.0
08:01:16,912810UA4,TSRYS5802849,D,S,D,2024-05-10,950000.00,4.625,100.0
08:01:16,912810UA4,TSRYS5802849,D,B,C,2024-05-10,1000000.00,4.608812,100.26171875
08:01:16,912810UA4,TSRYS5802849,D,S,C,2024-05-10,1000000.00,4.597973,100.4375
08:01:16,912810UA4,TSRYS5802849,D,S,D,2024-05-10,1000000.00,4.606642,100.296875
08:01:16,912810UA4,TSRYS5802849,D,S,D,2024-05-10,23800000.00,4.625,100.0
08:01:16,912810UA4,TSRYS5802849,D,S,D,2024-05-10,1000000.00,4.606642,100.296875
08:01:16,912810UA4,TSRYS5802849,D,S,D,2024-05-10,1000000.00,4.60616,100.3046875
08:01:16,912810UA4,TSRYS5802849,D,S,D,2024-05-10,1000000.00,4.608088,100.2734375
08:01:16,912810UA4,TSRYS5802849,D,S,D,2024-05-10,4750000.00,4.625,100.0
08:01:16,912810UA4,TSRYS5802849,D,S,T,2024-05-10,1000000.00,4.60375,100.34375
08:01:16,912810UA4,TSRYS5802849,D,S,D,2024-05-10,19050000.00,4.625,100.0
08:01:16,912810UA4,TSRYS5802849,D,S,D,2024-05-10,47500000.00,4.625,100.0
08:01:16,912810UA4,TSRYS5802849,D,S,D,2024-05-10,1000000.00,4.608088,100.2734375
08:01:16,912810UA4,TSRYS5802849,D,S,D,2024-05-10,47600000.00,4.625,100.0
08:01:16,912810UA4,TSRYS5802849,D,S,D,2024-05-10,1000000.00,4.608088,100.2734375
08:01:16,912810UA4,TSRYS5802849,D,S,D,2024-05-10,47600000.00,4.625,100.0
08:01:17,912810UA4,TSRYS5802849,D,S,D,2024-05-10,1000000.00,4.608088,100.2734375
08:01:17,912810UA4,TSRYS5802849,D,S,D,2024-05-10,1000000.00,4.608088,100.2734375
08:01:17,912810UA4,TSRYS5802849,D,S,D,2024-05-10,47600000.00,4.625,100.0
08:01:17,912810UA4,TSRYS5802849,D,S,D,2024-05-10,1000000.00,4.604473,100.33203125
08:01:17,912810UA4,TSRYS5802849,D,S,D,2024-05-10,47600000.00,4.625,100.0
08:01:17,912810UA4,TSRYS5802849,D,S,D,2024-05-10,1000000.00,4.608329,100.26953125
08:01:17,912810UA4,TSRYS5802849,D,S,T,2024-05-10,1000000.00,4.609897,100.24414062
08:01:17,912810UA4,TSRYS5802849,D,S,D,2024-05-10,1000000.00,4.609535,100.25
08:01:17,912810UA4,TSRYS5802849,D,S,D,2024-05-10,1000000.00,4.605919,100.30859375
08:01:17,912810UA4,TSRYS5802849,D,S,D,2024-05-10,1000000.00,4.608329,100.26953125
08:01:17,912810UA4,TSRYS5802849,D,S,D,2024-05-10,1000000.00,4.605919,100.30859375
08:01:17,912810UA4,TSRYS5802849,D,B,A,2024-05-10,41011000.00,4.606185,100.3042875
08:01:17,912810UA4,TSRYS5802849,D,S,T,2024-05-10,1000000.00,4.604714,100.328125
08:01:17,912810UA4,TSRYS5802849,D,S,T,2024-05-10,1000000.00,4.60845,100.26757812
08:01:17,912810UA4,TSRYS5802849,D,S,T,2024-05-10,2000000.00,4.604714,100.328125
08:01:17,912810UA4,TSRYS5802849,D,S,T,2024-05-10,1000000.00,4.606521,100.29882812
08:01:17,912810UA4,TSRYS5802849,D,S,D,2024-05-10,4750000.00,4.625,100.0
08:01:17,912810UA4,TSRYS5802849,D,B,C,2024-05-10,4750000.00,4.625,100.0
08:01:17,912810UA4,TSRYS5802849,D,S,D,2024-05-10,1000000.00,4.607606,100.28125
08:01:17,912810UA4,TSRYS5802849,D,S,D,2024-05-10,4750000.00,4.625,100.0
08:01:17,912810UA4,TSRYS5802849,D,S,D,2024-05-10,50MM+,4.625,100.0
08:01:17,912810UA4,TSRYS5802849,D,S,D,2024-05-10,1000000.00,4.607606,100.28125
08:01:17,912810UA4,TSRYS5802849,D,S,D,2024-05-10,1000000.00,4.607606,100.28125
08:01:17,912810UA4,TSRYS5802849,D,S,D,2024-05-10,1000000.00,4.608088,100.2734375
08:01:17,912810UA4,TSRYS5802849,D,S,D,2024-05-10,50MM+,4.625,100.0
08:01:17,912810UA4,TSRYS5802849,D,S,D,2024-05-10,50MM+,4.625,100.0
08:01:17,912810UA4,TSRYS5802849,D,S,D,2024-05-10,50MM+,4.608843,100.26122
08:01:17,912810UA4,TSRYS5802849,D,S,D,2024-05-10,50MM+,4.625,100.0
08:01:17,912810UA4,TSRYS5802849,D,S,D,2024-05-10,50MM+,4.625,100.0
08:01:17,912810UA4,TSRYS5802849,D,S,D,2024-05-10,4750000.00,4.625,100.0
08:01:17,912810UA4,TSRYS5802849,D,S,D,2024-05-10,1000000.00,4.614241,100.173828125
08:01:17,912810UA4,TSRYS5802849,D,S,D,2024-05-10,10000000.00,4.607931,100.27598
08:01:17,912810UA4,TSRYS5802849,D,S,D,2024-05-10,1000000.00,4.608571,100.265625
08:01:17,912810UA4,TSRYS5802849,D,S,T,2024-05-10,1000000.00,4.605678,100.3125
08:01:17,912810UA4,TSRYS5802849,D,S,D,2024-05-10,6000000.00,4.608948,100.25952
08:01:17,912810UA4,TSRYS5802849,D,S,D,2024-05-10,4750000.00,4.625,100.0
08:01:17,912810UA4,TSRYS5802849,D,S,D,2024-05-10,5050000.00,4.625,100.0
08:01:17,912810UA4,TSRYS5802849,D,S,D,2024-05-10,1000000.00,4.614241,100.173828125
08:01:17,912810UA4,TSRYS5802849,D,B,A,2024-05-10,1000000.00,4.614241,100.173828125
08:01:17,912810UA4,TSRYS5802849,D,S,C,2024-05-10,1000000.00,4.599898,100.40625
08:01:17,912810UA4,TSRYS5802849,D,B,C,2024-05-10,23800000.00,4.625,100.0
08:01:17,912810UA4,TSRYS5802849,D,B,C,2024-05-10,47600000.00,4.625,100.0
08:01:17,912810UA4,TSRYS5802849,D,B,A,2024-05-10,1000000.00,4.614241,100.173828125
08:01:17,912810UA4,TSRYS5802849,D,B,C,2024-05-10,47600000.00,4.625,100.0
08:01:17,912810UA4,TSRYS5802849,D,B,C,2024-05-10,47600000.00,4.625,100.0
08:01:18,912810UA4,TSRYS5802849,D,S,D,2024-05-10,1000000.00,4.599898,100.40625
08:01:18,912810UA4,TSRYS5802849,D,S,A,2024-05-10,5000000.00,4.611465,100.21875
08:01:18,912810UA4,TSRYS5802849,D,S,D,2024-05-10,1000000.00,4.611827,100.21289062
08:01:18,912810UA4,TSRYS5802849,D,B,C,2024-05-10,4750000.00,4.625,100.0
08:01:18,912810UA4,TSRYS5802849,D,S,D,2024-05-10,1000000.00,4.609415,100.25195312
08:01:18,912810UA4,TSRYS5802849,D,B,C,2024-05-10,19050000.00,4.625,100.0
08:01:18,912810UA4,TSRYS5802849,D,S,D,2024-05-10,1000000.00,4.611827,100.21289062
08:01:18,912810UA4,TSRYS5802849,D,S,D,2024-05-10,1000000.00,4.609415,100.25195312
08:01:18,912810UA4,TSRYS5802849,D,B,C,2024-05-10,47500000.00,4.625,100.0
08:01:18,912810UA4,TSRYS5802849,D,B,C,2024-05-10,47600000.00,4.625,100.0
08:01:18,912810UA4,TSRYS5802849,D,B,C,2024-05-10,30000000.00,4.625,100.0
08:01:18,912810UA4,TSRYS5802849,D,S,D,2024-05-10,1000000.00,4.61038,100.23632812
08:01:18,912810UA4,TSRYS5802849,D,S,D,2024-05-10,9000000.00,4.609683,100.24761
08:01:18,912810UA4,TSRYS5802849,D,B,A,2024-05-10,5000000.00,4.603028,100.35546875
08:01:18,912810UA4,TSRYS5802849,D,B,A,2024-05-10,5000000.00,4.602305,100.3671875
08:01:18,912810UA4,TSRYS5802849,D,S,C,2024-05-10,1000000.00,4.597011,100.453125
08:01:18,912810UA4,TSRYS5802849,D,B,C,2024-05-10,1000000.00,4.597973,100.4375
08:01:18,912810UA4,TSRYS5802849,D,S,D,2024-05-10,1000000.00,4.597973,100.4375
08:01:18,912810UA4,TSRYS5802849,D,S,D,2024-05-10,1000000.00,4.599778,100.408203125
08:01:18,912810UA4,TSRYS5802849,D,S,D,2024-05-10,2000000.00,4.599657,100.41015625
08:01:18,912810UA4,TSRYS5802849,D,S,D,2024-05-10,1000000.00,4.599657,100.41015625
08:01:18,912810UA4,TSRYS5802849,D,S,D,2024-05-10,1000000.00,4.599657,100.41015625
08:01:18,912810UA4,TSRYS5802849,D,S,D,2024-05-10,1000000.00,4.599657,100.41015625
08:01:18,912810UA4,TSRYS5802849,D,S,T,2024-05-10,1000000.00,4.599778,100.408203125
08:01:18,912810UA4,TSRYS5802849,D,S,D,2024-05-10,3000000.00,4.599236,100.416992188
08:01:18,912810UA4,TSRYS5802849,D,S,D,2024-05-10,1000000.00,4.613396,100.1875
08:01:18,912810UA4,TSRYS5802849,D,S,D,2024-05-10,2000000.00,4.613396,100.1875
08:01:18,912810UA4,TSRYS5802849,D,B,C,2024-05-10,3000000.00,4.601474,100.38068
08:01:18,912810UA4,TSRYS5802849,D,S,D,2024-05-10,1000000.00,4.614121,100.17578125
08:01:18,912810UA4,TSRYS5802849,D,S,T,2024-05-10,1000000.00,4.597011,100.453125
08:01:19,912810UA4,TSRYS5802849,D,S,D,2024-05-10,1000000.00,4.609656,100.24804687
08:01:19,912810UA4,TSRYS5802849,D,S,C,2024-05-10,1000000.00,4.608088,100.2734375
08:01:19,912810UA4,TSRYS5802849,D,S,D,2024-05-10,1000000.00,4.608088,100.2734375
08:01:19,912810UA4,TSRYS5802849,D,S,T,2024-05-10,1000000.00,4.607968,100.27539062
08:01:19,912810UA4,TSRYS5802849,D,S,D,2024-05-10,1000000.00,4.602787,100.359375
08:01:19,912810UA4,TSRYS5802849,D,S,D,2024-05-10,1000000.00,4.600379,100.3984375
08:01:19,912810UA4,TSRYS5802849,D,S,D,2024-05-10,1000000.00,4.599898,100.40625
08:01:19,912810UA4,TSRYS5802849,D,S,D,2024-05-10,1000000.00,4.599898,100.40625
08:01:19,912810UA4,TSRYS5802849,D,S,D,2024-05-10,1000000.00,4.599898,100.40625
08:01:19,912810UA4,TSRYS5802849,D,S,T,2024-05-10,1000000.00,4.606651,100.296725
08:01:19,912810UA4,TSRYS5802849,D,S,T,2024-05-10,1000000.00,4.608088,100.2734375
08:01:19,912810UA4,TSRYS5802849,D,S,D,2024-05-10,1000000.00,4.610138,100.24023437
08:01:19,912810UA4,TSRYS5802849,D,S,D,2024-05-10,1000000.00,4.610259,100.23828125
08:01:19,912810UA4,TSRYS5802849,D,S,D,2024-05-10,1000000.00,4.608812,100.26171875
08:01:19,912810UA4,TSRYS5802849,D,S,D,2024-05-10,1000000.00,4.608571,100.265625
08:01:19,912810UA4,TSRYS5802849,D,S,D,2024-05-10,1000000.00,4.608571,100.265625
08:01:19,912810UA4,TSRYS5802849,D,S,D,2024-05-10,1000000.00,4.608571,100.265625
08:01:19,912810UA4,TSRYS5802849,D,S,D,2024-05-10,1000000.00,4.60845,100.26757812
08:01:19,912810UA4,TSRYS5802849,D,S,A,2024-05-10,500000.00,4.614362,100.171875
08:01:19,912810UA4,TSRYS5802849,D,S,D,2024-05-10,1000000.00,4.608571,100.265625
08:01:19,912810UA4,TSRYS5802849,D,S,D,2024-05-10,1000000.00,4.608571,100.265625
08:01:19,912810UA4,TSRYS5802849,D,S,D,2024-05-10,1000000.00,4.608571,100.265625
08:01:19,912810UA4,TSRYS5802849,D,S,D,2024-05-10,1000000.00,4.608571,100.265625
08:01:19,912810UA4,TSRYS5802849,D,S,C,2024-05-10,1000000.00,4.608571,100.265625
08:01:19,912810UA4,TSRYS5802849,D,S,D,2024-05-10,1000000.00,4.608571,100.265625
08:01:19,912810UA4,TSRYS5802849,D,S,D,2024-05-10,1000000.00,4.608571,100.265625
08:01:19,912810UA4,TSRYS5802849,D,S,D,2024-05-10,1000000.00,4.608571,100.265625
08:01:19,912810UA4,TSRYS5802849,D,S,D,2024-05-10,1000000.00,4.608932,100.25976562
08:01:19,912810UA4,TSRYS5802849,D,S,D,2024-05-10,1000000.00,4.608571,100.265625
08:01:19,912810UA4,TSRYS5802849,D,S,D,2024-05-10,1000000.00,4.608571,100.265625
08:01:19,912810UA4,TSRYS5802849,D,S,D,2024-05-10,1000000.00,4.608812,100.26171875
08:01:19,912810UA4,TSRYS5802849,D,S,D,2024-05-10,1000000.00,4.608571,100.265625
08:01:20,912810UA4,TSRYS5802849,D,S,D,2024-05-10,1000000.00,4.605437,100.31640625
08:01:20,912810UA4,TSRYS5802849,D,S,D,2024-05-10,1000000.00,4.608571,100.265625
08:01:20,912810UA4,TSRYS5802849,D,S,D,2024-05-10,1000000.00,4.608571,100.265625
08:01:20,912810UA4,TSRYS5802849,D,S,D,2024-05-10,1000000.00,4.608571,100.265625
08:01:20,912810UA4,TSRYS5802849,D,S,C,2024-05-10,1000000.00,4.608571,100.265625
08:01:20,912810UA4,TSRYS5802849,D,S,C,2024-05-10,1000000.00,4.608571,100.265625
08:01:20,912810UA4,TSRYS5802849,D,S,D,2024-05-10,1000000.00,4.608571,100.265625
08:01:20,912810UA4,TSRYS5802849,D,S,D,2024-05-10,1000000.00,4.605196,100.3203125
08:01:20,912810UA4,TSRYS5802849,D,S,D,2024-05-10,1000000.00,4.605196,100.3203125
08:01:20,912810UA4,TSRYS5802849,D,S,D,2024-05-10,1000000.00,4.605196,100.3203125
08:01:20,912810UA4,TSRYS5802849,D,S,T,2024-05-10,1000000.00,4.609294,100.25390625
08:01:20,912810UA4,TSRYS5802849,D,S,T,2024-05-10,1000000.00,4.598214,100.43359375
08:01:20,912810UA4,TSRYS5802849,D,S,D,2024-05-10,1000000.00,4.605437,100.31640625
08:01:20,912810UA4,TSRYS5802849,D,S,D,2024-05-10,1000000.00,4.608812,100.26171875
08:01:20,912810UA4,TSRYS5802849,D,S,C,2024-05-10,1000000.00,4.605196,100.3203125
08:01:20,912810UA4,TSRYS5802849,D,S,D,2024-05-10,1000000.00,4.605437,100.31640625
08:01:20,912810UA4,TSRYS5802849,D,S,D,2024-05-10,1000000.00,4.605437,100.31640625
08:01:20,912810UA4,TSRYS5802849,D,S,T,2024-05-10,1000000.00,4.598815,100.423828125
08:01:20,912810UA4,TSRYS5802849,D,S,T,2024-05-10,1000000.00,4.598936,100.421875
08:01:20,912810UA4,TSRYS5802849,D,S,T,2024-05-10,1000000.00,4.601342,100.3828125
08:01:20,912810UA4,TSRYS5802849,D,S,T,2024-05-10,1000000.00,4.601342,100.3828125
08:01:20,912810UA4,TSRYS5802849,D,S,D,2024-05-10,1000000.00,4.605437,100.31640625
08:01:20,912810UA4,TSRYS5802849,D,S,D,2024-05-10,1000000.00,4.605437,100.31640625
08:01:20,912810UA4,TSRYS5802849,D,S,T,2024-05-10,1000000.00,4.60858,100.265475
08:01:20,912810UA4,TSRYS5802849,D,S,D,2024-05-10,1000000.00,4.605196,100.3203125
08:01:20,912810UA4,TSRYS5802849,D,S,C,2024-05-10,1000000.00,4.606642,100.296875
08:01:20,912810UA4,TSRYS5802849,D,S,T,2024-05-10,1000000.00,4.601342,100.3828125
08:01:20,912810UA4,TSRYS5802849,D,S,T,2024-05-10,1000000.00,4.601342,100.3828125
08:01:20,912810UA4,TSRYS5802849,D,S,T,2024-05-10,1000000.00,4.601342,100.3828125
08:01:20,912810UA4,TSRYS5802849,D,S,T,2024-05-10,1000000.00,4.597011,100.453125
08:01:20,912810UA4,TSRYS5802849,D,S,T,2024-05-10,1000000.00,4.597011,100.453125
08:01:20,912810UA4,TSRYS5802849,D,S,T,2024-05-10,1000000.00,4.597011,100.453125
08:01:20,912810UA4,TSRYS5802849,D,S,T,2024-05-10,1000000.00,4.597011,100.453125
08:01:20,912810UA4,TSRYS5802849,D,S,T,2024-05-10,3000000.00,4.594847,100.48828125
08:01:20,912810UA4,TSRYS5802849,D,S,D,2024-05-10,1000000.00,4.597853,100.439453125
08:01:20,912810UA4,TSRYS5802849,D,S,C,2024-05-10,1000000.00,4.605437,100.31640625
08:01:20,912810UA4,TSRYS5802849,D,S,C,2024-05-10,1000000.00,4.606642,100.296875
08:01:20,912810UA4,TSRYS5802849,D,S,D,2024-05-10,1000000.00,4.608932,100.25976562
08:01:20,912810UA4,TSRYS5802849,D,S,D,2024-05-10,1000000.00,4.608812,100.26171875
08:01:20,912810UA4,TSRYS5802849,D,S,T,2024-05-10,1000000.00,4.60858,100.265475
08:01:20,912810UA4,TSRYS5802849,D,S,T,2024-05-10,1000000.00,4.60858,100.265475
08:01:20,912810UA4,TSRYS5802849,D,S,T,2024-05-10,1000000.00,4.60858,100.265475
08:01:20,912810UA4,TSRYS5802849,D,S,T,2024-05-10,1000000.00,4.60858,100.265475
08:01:20,912810UA4,TSRYS5802849,D,S,C,2024-05-10,1000000.00,4.606883,100.29296875
08:01:20,912810UA4,TSRYS5802849,D,S,T,2024-05-10,1000000.00,4.60858,100.265475
08:01:20,912810UA4,TSRYS5802849,D,S,D,2024-05-10,1000000.00,4.608812,100.26171875
08:01:20,912810UA4,TSRYS5802849,D,S,T,2024-05-10,1000000.00,4.60858,100.265475
08:01:20,912810UA4,TSRYS5802849,D,S,C,2024-05-10,1000000.00,4.606642,100.296875
08:01:20,912810UA4,TSRYS5802849,D,S,D,2024-05-10,1000000.00,4.606642,100.296875
08:01:20,912810UA4,TSRYS5802849,D,S,D,2024-05-10,1000000.00,4.606642,100.296875
08:01:20,912810UA4,TSRYS5802849,D,S,D,2024-05-10,1000000.00,4.606642,100.296875
08:01:20,912810UA4,TSRYS5802849,D,S,T,2024-05-10,1000000.00,4.60858,100.265475
08:01:20,912810UA4,TSRYS5802849,D,S,T,2024-05-10,1000000.00,4.60858,100.265475
08:01:20,912810UA4,TSRYS5802849,D,S,T,2024-05-10,1000000.00,4.60858,100.265475
08:01:20,912810UA4,TSRYS5802849,D,S,T,2024-05-10,1000000.00,4.60858,100.265475
08:01:20,912810UA4,TSRYS5802849,D,S,T,2024-05-10,1000000.00,4.60858,100.265475
08:01:20,912810UA4,TSRYS5802849,D,S,D,2024-05-10,1000000.00,4.608088,100.2734375
08:01:20,912810UA4,TSRYS5802849,D,S,C,2024-05-10,1000000.00,4.607606,100.28125
08:01:20,912810UA4,TSRYS5802849,D,S,T,2024-05-10,1000000.00,4.60858,100.265475
08:01:20,912810UA4,TSRYS5802849,D,S,T,2024-05-10,1000000.00,4.60858,100.265475
08:01:20,912810UA4,TSRYS5802849,D,S,D,2024-05-10,1000000.00,4.608329,100.26953125
08:01:20,912810UA4,TSRYS5802849,D,S,D,2024-05-10,1000000.00,4.608329,100.26953125
08:01:20,912810UA4,TSRYS5802849,D,S,D,2024-05-10,1000000.00,4.608088,100.2734375
08:01:20,912810UA4,TSRYS5802849,D,S,D,2024-05-10,1000000.00,4.608088,100.2734375
08:01:20,912810UA4,TSRYS5802849,D,S,T,2024-05-10,1000000.00,4.60858,100.265475
08:01:20,912810UA4,TSRYS5802849,D,S,C,2024-05-10,1000000.00,4.608088,100.2734375
08:01:20,912810UA4,TSRYS5802849,D,S,C,2024-05-10,1000000.00,4.606642,100.296875
08:01:20,912810UA4,TSRYS5802849,D,S,D,2024-05-10,1000000.00,4.607968,100.27539062
08:01:20,912810UA4,TSRYS5802849,D,S,T,2024-05-10,1000000.00,4.60858,100.265475
08:01:20,912810UA4,TSRYS5802849,D,S,T,2024-05-10,1000000.00,4.60858,100.265475
08:01:20,912810UA4,TSRYS5802849,D,S,C,2024-05-10,12300000.00,4.605453,100.316145
08:01:20,912810UA4,TSRYS5802849,D,S,T,2024-05-10,1000000.00,4.60858,100.265475
08:01:20,912810UA4,TSRYS5802849,D,S,C,2024-05-10,1000000.00,4.608329,100.26953125
08:01:20,912810UA4,TSRYS5802849,D,S,D,2024-05-10,1000000.00,4.607847,100.27734375
08:01:20,912810UA4,TSRYS5802849,D,S,T,2024-05-10,1000000.00,4.60858,100.265475
08:01:20,912810UA4,TSRYS5802849,D,S,T,2024-05-10,1000000.00,4.60858,100.265475
08:01:20,912810UA4,TSRYS5802849,D,S,T,2024-05-10,1000000.00,4.60858,100.265475
08:01:20,912810UA4,TSRYS5802849,D,S,D,2024-05-10,1000000.00,4.608329,100.26953125
08:01:20,912810UA4,TSRYS5802849,D,S,T,2024-05-10,1000000.00,4.60858,100.265475
08:01:20,912810UA4,TSRYS5802849,D,S,D,2024-05-10,1000000.00,4.608329,100.26953125
08:01:20,912810UA4,TSRYS5802849,D,S,T,2024-05-10,1000000.00,4.60858,100.265475
08:01:20,912810UA4,TSRYS5802849,D,S,T,2024-05-10,1000000.00,4.60858,100.265475
08:01:20,912810UA4,TSRYS5802849,D,S,D,2024-05-10,1000000.00,4.609535,100.25
08:01:20,912810UA4,TSRYS5802849,D,S,C,2024-05-10,1000000.00,4.609535,100.25
08:01:21,912810UA4,TSRYS5802849,D,B,A,2024-05-10,5934000.00,4.609053,100.2578125
08:01:21,912810UA4,TSRYS5802849,D,S,C,2024-05-10,50MM+,4.625,100.0
08:01:21,912810UA4,TSRYS5802849,D,S,T,2024-05-10,1000000.00,4.60858,100.265475
08:01:21,912810UA4,TSRYS5802849,D,S,T,2024-05-10,1000000.00,4.604723,100.327975
08:01:21,912810UA4,TSRYS5802849,D,S,T,2024-05-10,1000000.00,4.604723,100.327975
08:01:21,912810UA4,TSRYS5802849,D,S,T,2024-05-10,1000000.00,4.604723,100.327975
08:01:21,912810UA4,TSRYS5802849,D,S,T,2024-05-10,1000000.00,4.604723,100.327975
08:01:21,912810UA4,TSRYS5802849,D,S,C,2024-05-10,1000000.00,4.608571,100.265625
08:01:21,912810UA4,TSRYS5802849,D,S,T,2024-05-10,1000000.00,4.606651,100.296725
08:01:21,912810UA4,TSRYS5802849,D,S,T,2024-05-10,5050000.00,4.625,100.0
08:01:21,912810UA4,TSRYS5802849,D,S,T,2024-05-10,1000000.00,4.605687,100.31235
08:01:21,912810UA4,TSRYS5802849,D,S,T,2024-05-10,1000000.00,4.606651,100.296725
08:01:21,912810UA4,TSRYS5802849,D,S,D,2024-05-10,1000000.00,4.608571,100.265625
08:01:21,912810UA4,TSRYS5802849,D,S,A,2024-05-10,50MM+,4.625,100.0
08:01:21,912810UA4,TSRYS5802849,D,S,T,2024-05-10,1000000.00,4.606651,100.296725
08:01:21,912810UA4,TSRYS5802849,D,S,T,2024-05-10,1000000.00,4.606651,100.296725
08:01:21,912810UA4,TSRYS5802849,D,S,D,2024-05-10,1000000.00,4.608571,100.265625
08:01:21,912810UA4,TSRYS5802849,D,S,T,2024-05-10,1000000.00,4.606651,100.296725
08:01:21,912810UA4,TSRYS5802849,D,S,T,2024-05-10,1000000.00,4.606651,100.296725
08:01:21,912810UA4,TSRYS5802849,D,S,T,2024-05-10,1000000.00,4.606651,100.296725
08:01:21,912810UA4,TSRYS5802849,D,S,T,2024-05-10,1000000.00,4.606651,100.296725
08:01:21,912810UA4,TSRYS5802849,D,S,C,2024-05-10,3000000.00,4.601538,100.37964
08:01:21,912810UA4,TSRYS5802849,D,S,D,2024-05-10,500000.00,4.614362,100.171875
08:01:21,912810UA4,TSRYS5802849,D,B,C,2024-05-10,1000000.00,4.590042,100.56640625
08:01:21,912810UA4,TSRYS5802849,D,S,D,2024-05-10,1000000.00,4.590042,100.56640625
08:01:21,912810UA4,TSRYS5802849,D,S,C,2024-05-10,1000000.00,4.609022,100.25831
08:01:21,912810UA4,TSRYS5802849,D,S,D,2024-05-10,1000000.00,4.610018,100.2421875
08:01:21,912810UA4,TSRYS5802849,D,S,D,2024-05-10,1000000.00,4.608571,100.265625
08:01:21,912810UA4,TSRYS5802849,D,S,D,2024-05-10,1000000.00,4.610018,100.2421875
08:01:21,912810UA4,TSRYS5802849,D,S,D,2024-05-10,1000000.00,4.609294,100.25390625
08:01:21,912810UA4,TSRYS5802849,D,S,D,2024-05-10,1000000.00,4.608571,100.265625
08:01:21,912810UA4,TSRYS5802849,D,S,D,2024-05-10,1000000.00,4.609294,100.25390625
08:01:22,912810UA4,TSRYS5802849,D,S,D,2024-05-10,1000000.00,4.609294,100.25390625
08:01:22,912810UA4,TSRYS5802849,D,S,T,2024-05-10,1000000.00,4.606883,100.29296875
08:01:22,912810UA4,TSRYS5802849,D,S,D,2024-05-10,1000000.00,4.608571,100.265625
08:01:22,912810UA4,TSRYS5802849,D,S,T,2024-05-10,3000000.00,4.590283,100.5625
08:01:22,912810UA4,TSRYS5802849,D,S,D,2024-05-10,1000000.00,4.609535,100.25
08:01:22,912810UA4,TSRYS5802849,D,S,D,2024-05-10,1000000.00,4.608571,100.265625
08:01:22,912810UA4,TSRYS5802849,D,S,D,2024-05-10,1000000.00,4.608571,100.265625
08:01:22,912810UA4,TSRYS5802849,D,S,D,2024-05-10,1000000.00,4.603269,100.3515625
08:01:22,912810UA4,TSRYS5802849,D,S,D,2024-05-10,1000000.00,4.609174,100.25585937
08:01:22,912810UA4,TSRYS5802849,D,S,D,2024-05-10,1000000.00,4.607606,100.28125
08:01:22,912810UA4,TSRYS5802849,D,S,C,2024-05-10,1000000.00,4.608571,100.265625
08:01:22,912810UA4,TSRYS5802849,D,S,D,2024-05-10,1000000.00,4.608571,100.265625
08:01:22,912810UA4,TSRYS5802849,D,S,D,2024-05-10,1000000.00,4.610018,100.2421875
08:01:22,912810UA4,TSRYS5802849,D,S,C,2024-05-10,1000000.00,4.610018,100.2421875
08:01:22,912810UA4,TSRYS5802849,D,S,D,2024-05-10,1000000.00,4.608571,100.265625
08:01:22,912810UA4,TSRYS5802849,D,S,D,2024-05-10,1000000.00,4.608932,100.25976562
08:01:22,912810UA4,TSRYS5802849,D,S,D,2024-05-10,1000000.00,4.608932,100.25976562
08:01:22,912810UA4,TSRYS5802849,D,S,D,2024-05-10,1000000.00,4.611707,100.21484375
08:01:22,912810UA4,TSRYS5802849,D,S,T,2024-05-10,1000000.00,4.608932,100.25976562
08:01:22,912810UA4,TSRYS5802849,D,S,D,2024-05-10,1000000.00,4.611465,100.21875
08:01:22,912810UA4,TSRYS5802849,D,S,T,2024-05-10,1000000.00,4.608932,100.25976562
08:01:22,912810UA4,TSRYS5802849,D,S,D,2024-05-10,1000000.00,4.603269,100.3515625
08:01:22,912810UA4,TSRYS5802849,D,S,T,2024-05-10,1000000.00,4.614845,100.1640625
08:01:22,912810UA4,TSRYS5802849,D,B,C,2024-05-10,1000000.00,4.609656,100.24804687
08:01:22,912810UA4,TSRYS5802849,D,B,C,2024-05-10,1000000.00,4.609656,100.24804687
08:01:23,912810UA4,TSRYS5802849,D,S,D,2024-05-10,1000000.00,4.608932,100.25976562
08:01:23,912810UA4,TSRYS5802849,D,S,T,2024-05-10,1000000.00,4.598454,100.4296875
08:01:23,912810UA4,TSRYS5802849,D,S,D,2024-05-10,1000000.00,4.609053,100.2578125
08:01:23,912810UA4,TSRYS5802849,D,S,D,2024-05-10,1000000.00,4.602426,100.36523437
08:01:23,912810UA4,TSRYS5802849,D,S,T,2024-05-10,1000000.00,4.607606,100.28125
08:01:23,912810UA4,TSRYS5802849,D,S,D,2024-05-10,1000000.00,4.602065,100.37109375
08:01:23,912810UA4,TSRYS5802849,D,S,D,2024-05-10,1000000.00,4.601824,100.375
08:01:23,912810UA4,TSRYS5802849,D,B,C,2024-05-10,1000000.00,4.601824,100.375
08:01:23,912810UA4,TSRYS5802849,D,S,D,2024-05-10,1000000.00,4.608932,100.25976562
08:01:23,912810UA4,TSRYS5802849,D,B,C,2024-05-10,1000000.00,4.610018,100.2421875
08:01:23,912810UA4,TSRYS5802849,D,B,C,2024-05-10,1000000.00,4.602065,100.37109375
08:01:24,912810UA4,TSRYS5802849,D,S,D,2024-05-10,1000000.00,4.608932,100.25976562
08:01:24,912810UA4,TSRYS5802849,D,B,C,2024-05-10,1000000.00,4.601824,100.375
08:01:24,912810UA4,TSRYS5802849,D,B,C,2024-05-10,1000000.00,4.608691,100.26367187
