tradeTime,cusip,issueSymbolIdentifier,priceType,reportingSideCode,contraPartyTypeCode,tradeDate,reportedTradeVolume,lastSaleYield,lastSalePrice
08:00:02,912810TX6,TSRYS5743665,D,S,T,2024-04-15,1000000.00,4.644847,93.654296875
08:00:02,912810TX6,TSRYS5743665,D,S,D,2024-04-15,1000000.00,4.644847,93.654296875
08:00:02,912810TX6,TSRYS5743665,D,B,C,2024-04-15,1000000.00,4.636316,93.78515625
08:00:02,912810TX6,TSRYS5743665,D,S,T,2024-04-15,1000000.00,4.634535,93.8125
08:00:02,912810TX6,TSRYS5743665,D,S,D,2024-04-15,1000000.00,4.640388,93.72265625
08:00:02,912810TX6,TSRYS5743665,D,B,C,2024-04-15,1000000.00,4.638606,93.75
08:00:02,912810TX6,TSRYS5743665,D,B,C,2024-04-15,1000000.00,4.63479,93.80859375
08:00:02,912810TX6,TSRYS5743665,D,B,C,2024-04-15,1000000.00,4.63479,93.80859375
08:00:02,912810TX6,TSRYS5743665,D,B,C,2024-04-15,1000000.00,4.642553,93.689453125
08:00:02,912810TX6,TSRYS5743665,D,S,T,2024-04-15,1000000.00,4.641662,93.703125
08:00:02,912810TX6,TSRYS5743665,D,S,T,2024-04-15,1000000.00,4.642681,93.6875
08:00:02,912810TX6,TSRYS5743665,D,B,C,2024-04-15,1000000.00,4.642553,93.689453125
08:00:02,912810TX6,TSRYS5743665,D,B,C,2024-04-15,1000000.00,4.642553,93.689453125
08:00:02,912810TX6,TSRYS5743665,D,S,D,2024-04-15,1000000.00,4.64421,93.6640625
08:00:02,912810TX6,TSRYS5743665,D,S,D,2024-04-15,1000000.00,4.64421,93.6640625
08:00:02,912810TX6,TSRYS5743665,D,S,D,2024-04-15,1000000.00,4.64421,93.6640625
08:00:02,912810TX6,TSRYS5743665,D,S,D,2024-04-15,1000000.00,4.64421,93.6640625
08:00:02,912810TX6,TSRYS5743665,D,S,D,2024-04-15,1000000.00,4.657484,93.4609375
08:00:10,912810TX6,TSRYS5743665,D,S,T,2024-04-15,1000000.00,4.658123,93.451171875
08:00:10,912810TX6,TSRYS5743665,D,S,T,2024-04-15,1000000.00,4.649948,93.576171875
08:00:10,912810TX6,TSRYS5743665,D,B,C,2024-04-15,1000000.00,4.660937,93.408203125
08:00:10,912810TX6,TSRYS5743665,D,B,C,2024-04-15,1000000.00,4.661449,93.400390625
08:00:10,912810TX6,TSRYS5743665,D,B,C,2024-04-15,1000000.00,4.661449,93.400390625
08:00:10,912810TX6,TSRYS5743665,D,S,T,2024-04-15,1000000.00,4.657868,93.455078125
08:00:10,912810TX6,TSRYS5743665,D,S,T,2024-04-15,1000000.00,4.659018,93.4375
08:00:10,912810TX6,TSRYS5743665,D,S,T,2024-04-15,1000000.00,4.659018,93.4375
08:00:10,912810TX6,TSRYS5743665,D,S,D,2024-04-15,1000000.00,4.672339,93.234375
08:00:10,912810TX6,TSRYS5743665,D,S,D,2024-04-15,1000000.00,4.669774,93.2734375
08:00:10,912810TX6,TSRYS5743665,D,S,D,2024-04-15,1000000.00,4.669774,93.2734375
08:00:10,912810TX6,TSRYS5743665,D,S,D,2024-04-15,1000000.00,4.673109,93.22265625
08:00:10,912810TX6,TSRYS5743665,D,S,D,2024-04-15,1000000.00,4.673109,93.22265625
08:00:10,912810TX6,TSRYS5743665,D,S,T,2024-04-15,1000000.00,4.671441,93.248046875
08:00:10,912810TX6,TSRYS5743665,D,S,C,2024-04-15,1000000.00,4.671441,93.248046875
08:00:10,912810TX6,TSRYS5743665,D,S,C,2024-04-15,975000.00,4.675676,93.18359375
08:00:10,912810TX6,TSRYS5743665,D,S,D,2024-04-15,1000000.00,4.669518,93.27734375
08:00:10,912810TX6,TSRYS5743665,D,S,C,2024-04-15,1000000.00,4.672211,93.236328125
08:00:10,912810TX6,TSRYS5743665,D,B,C,2024-04-15,1000000.00,4.670928,93.255859375
08:00:10,912810TX6,TSRYS5743665,D,S,T,2024-04-15,1000000.00,4.670287,93.265625
08:00:10,912810TX6,TSRYS5743665,D,S,A,2024-04-15,2000000.00,4.640388,93.72265625
08:00:10,912810TX6,TSRYS5743665,D,S,D,2024-04-15,3000000.00,4.64394,93.66796875
08:00:10,912810TX6,TSRYS5743665,D,S,D,2024-04-15,4000000.00,4.643685,93.671875
08:00:10,912810TX6,TSRYS5743665,D,S,D,2024-04-15,1000000.00,4.654657,93.50390625
08:00:10,912810TX6,TSRYS5743665,D,S,D,2024-04-15,2000000.00,4.654402,93.5078125
08:00:10,912810TX6,TSRYS5743665,D,B,C,2024-04-15,3000000.00,4.657996,93.453125
08:00:10,912810TX6,TSRYS5743665,D,S,A,2024-04-15,2000000.00,4.653651,93.51953125
08:00:10,912810TX6,TSRYS5743665,D,S,D,2024-04-15,15000000.00,4.654162,93.51171875
08:00:10,912810TX6,TSRYS5743665,D,S,D,2024-04-15,1000000.00,4.667467,93.30859375
08:00:10,912810TX6,TSRYS5743665,D,B,A,2024-04-15,1000000.00,4.663113,93.375
08:00:14,912810TX6,TSRYS5743665,D,S,C,2024-04-15,5000000.00,4.665161,93.34375
08:00:14,912810TX6,TSRYS5743665,D,S,D,2024-04-15,2000000.00,4.663369,93.37109375
08:00:14,912810TX6,TSRYS5743665,D,S,D,2024-04-15,13000000.00,4.663113,93.375
08:00:15,912810TX6,TSRYS5743665,D,S,D,2024-04-15,1000000.00,4.63937,93.73828125
08:00:15,912810TX6,TSRYS5743665,D,S,D,2024-04-15,1000000.00,4.638097,93.7578125
08:00:15,912810TX6,TSRYS5743665,D,S,D,2024-04-15,1000000.00,4.640388,93.72265625
08:00:16,912810TX6,TSRYS5743665,D,S,D,2024-04-15,1000000.00,4.652374,93.5390625
08:00:16,912810TX6,TSRYS5743665,D,S,D,2024-04-15,1000000.00,4.652374,93.5390625
08:00:16,912810TX6,TSRYS5743665,D,S,D,2024-04-15,1000000.00,4.651863,93.546875
08:00:18,912810TX6,TSRYS5743665,D,S,D,2024-04-15,1000000.00,4.63937,93.73828125
08:00:18,912810TX6,TSRYS5743665,D,S,A,2024-04-15,1000000.00,4.639624,93.734375
08:00:18,912810TX6,TSRYS5743665,D,B,C,2024-04-15,4000000.00,4.650842,93.5625
08:00:18,912810TX6,TSRYS5743665,D,S,A,2024-04-15,3000000.00,4.642426,93.69140625
08:00:19,912810TX6,TSRYS5743665,D,S,D,2024-04-15,1000000.00,4.671313,93.25
08:00:19,912810TX6,TSRYS5743665,D,S,D,2024-04-15,1000000.00,4.671056,93.25390625
08:00:19,912810TX6,TSRYS5743665,D,S,D,2024-04-15,1000000.00,4.671313,93.25
08:00:19,912810TX6,TSRYS5743665,D,S,D,2024-04-15,2000000.00,4.671056,93.25390625
08:00:19,912810TX6,TSRYS5743665,D,S,D,2024-04-15,2000000.00,4.671313,93.25
08:00:21,912810TX6,TSRYS5743665,D,S,T,2024-04-15,1000000.00,4.65595,93.484375
08:00:21,912810TX6,TSRYS5743665,D,S,T,2024-04-15,2000000.00,4.65595,93.484375
08:00:22,912810TX6,TSRYS5743665,D,S,T,2024-04-15,1000000.00,4.65595,93.484375
08:00:22,912810TX6,TSRYS5743665,D,S,T,2024-04-15,1000000.00,4.65595,93.484375
08:00:22,912810TX6,TSRYS5743665,D,S,T,2024-04-15,2000000.00,4.65595,93.484375
08:00:24,912810TX6,TSRYS5743665,D,S,T,2024-04-15,2000000.00,4.65595,93.484375
08:00:24,912810TX6,TSRYS5743665,D,S,T,2024-04-15,2000000.00,4.65595,93.484375
08:00:24,912810TX6,TSRYS5743665,D,S,T,2024-04-15,2000000.00,4.65595,93.484375
08:00:24,912810TX6,TSRYS5743665,D,S,T,2024-04-15,1000000.00,4.65595,93.484375
08:00:24,912810TX6,TSRYS5743665,D,S,T,2024-04-15,1000000.00,4.662857,93.37890625
08:00:24,912810TX6,TSRYS5743665,D,S,T,2024-04-15,1000000.00,4.65595,93.484375
08:00:25,912810TX6,TSRYS5743665,D,S,T,2024-04-15,1000000.00,4.65595,93.484375
08:00:25,912810TX6,TSRYS5743665,D,S,T,2024-04-15,1000000.00,4.65595,93.484375
08:00:25,912810TX6,TSRYS5743665,D,B,A,2024-04-15,20000000.00,4.652885,93.53125
08:00:25,912810TX6,TSRYS5743665,D,S,T,2024-04-15,1000000.00,4.662089,93.390625
08:00:25,912810TX6,TSRYS5743665,D,S,T,2024-04-15,1000000.00,4.662089,93.390625
08:00:25,912810TX6,TSRYS5743665,D,S,T,2024-04-15,1000000.00,4.673365,93.21875
08:00:25,912810TX6,TSRYS5743665,D,S,T,2024-04-15,1000000.00,4.673365,93.21875
08:00:25,912810TX6,TSRYS5743665,D,S,T,2024-04-15,1000000.00,4.673365,93.21875
08:00:25,912810TX6,TSRYS5743665,D,S,T,2024-04-15,1000000.00,4.669261,93.28125
08:00:25,912810TX6,TSRYS5743665,D,S,T,2024-04-15,1000000.00,4.672339,93.234375
08:00:25,912810TX6,TSRYS5743665,D,S,T,2024-04-15,1000000.00,4.673365,93.21875
08:00:25,912810TX6,TSRYS5743665,D,S,T,2024-04-15,1000000.00,4.672339,93.234375
08:00:25,912810TX6,TSRYS5743665,D,S,D,2024-04-15,1000000.00,4.64472,93.65625
08:00:25,912810TX6,TSRYS5743665,D,S,T,2024-04-15,1000000.00,4.640388,93.72265625
08:00:25,912810TX6,TSRYS5743665,D,S,D,2024-04-15,1000000.00,4.638097,93.7578125
08:00:25,912810TX6,TSRYS5743665,D,S,T,2024-04-15,1000000.00,4.639624,93.734375
08:00:25,912810TX6,TSRYS5743665,D,S,T,2024-04-15,1000000.00,4.657101,93.466796875
08:00:25,912810TX6,TSRYS5743665,D,S,T,2024-04-15,1000000.00,4.650842,93.5625
08:00:25,912810TX6,TSRYS5743665,D,B,C,2024-04-15,1000000.00,4.667211,93.3125
08:00:25,912810TX6,TSRYS5743665,D,B,C,2024-04-15,1000000.00,4.672339,93.234375
08:00:25,912810TX6,TSRYS5743665,D,S,D,2024-04-15,1000000.00,4.670287,93.265625
08:00:25,912810TX6,TSRYS5743665,D,S,T,2024-04-15,1000000.00,4.669646,93.275390625
08:00:25,912810TX6,TSRYS5743665,D,S,D,2024-04-15,1000000.00,4.668236,93.296875
08:00:25,912810TX6,TSRYS5743665,D,S,D,2024-04-15,1000000.00,4.672339,93.234375
08:00:25,912810TX6,TSRYS5743665,D,S,T,2024-04-15,1000000.00,4.661065,93.40625
08:00:26,912810TX6,TSRYS5743665,D,S,D,2024-04-15,1000000.00,4.65595,93.484375
08:00:26,912810TX6,TSRYS5743665,D,S,D,2024-04-15,1000000.00,4.655695,93.48828125
08:00:26,912810TX6,TSRYS5743665,D,B,C,2024-04-15,1000000.00,4.652118,93.54296875
08:00:26,912810TX6,TSRYS5743665,D,S,D,2024-04-15,1000000.00,4.652118,93.54296875
08:00:27,912810TX6,TSRYS5743665,D,S,D,2024-04-15,1000000.00,4.659274,93.43359375
08:00:28,912810TX6,TSRYS5743665,D,S,T,2024-04-15,1000000.00,4.660809,93.41015625
08:00:28,912810TX6,TSRYS5743665,D,S,T,2024-04-15,2000000.00,4.65595,93.484375
08:00:28,912810TX6,TSRYS5743665,D,S,T,2024-04-15,1000000.00,4.660042,93.421875
08:00:28,912810TX6,TSRYS5743665,D,S,T,2024-04-15,1000000.00,4.660298,93.41796875
08:00:28,912810TX6,TSRYS5743665,D,S,T,2024-04-15,1000000.00,4.660042,93.421875
08:00:28,912810TX6,TSRYS5743665,D,S,D,2024-04-15,1000000.00,4.658251,93.44921875
08:00:28,912810TX6,TSRYS5743665,D,S,D,2024-04-15,1000000.00,4.658763,93.44140625
08:00:29,912810TX6,TSRYS5743665,D,S,T,2024-04-15,2000000.00,4.65595,93.484375
08:00:29,912810TX6,TSRYS5743665,D,S,T,2024-04-15,1000000.00,4.662089,93.390625
08:00:29,912810TX6,TSRYS5743665,D,S,T,2024-04-15,1000000.00,4.65595,93.484375
08:00:29,912810TX6,TSRYS5743665,D,S,T,2024-04-15,1000000.00,4.660042,93.421875
08:00:29,912810TX6,TSRYS5743665,D,S,T,2024-04-15,1000000.00,4.662089,93.390625
08:00:29,912810TX6,TSRYS5743665,D,S,D,2024-04-15,1000000.00,4.65774,93.45703125
08:00:30,912810TX6,TSRYS5743665,D,S,T,2024-04-15,1000000.00,4.652885,93.53125
08:00:30,912810TX6,TSRYS5743665,D,S,T,2024-04-15,1000000.00,4.64778,93.609375
08:00:30,912810TX6,TSRYS5743665,D,S,T,2024-04-15,1000000.00,4.646504,93.62890625
08:00:30,912810TX6,TSRYS5743665,D,S,T,2024-04-15,1000000.00,4.639624,93.734375
08:00:30,912810TX6,TSRYS5743665,D,S,T,2024-04-15,1000000.00,4.641662,93.703125
08:00:30,912810TX6,TSRYS5743665,D,S,T,2024-04-15,1000000.00,4.635553,93.796875
08:00:30,912810TX6,TSRYS5743665,D,S,T,2024-04-15,1000000.00,4.635553,93.796875
08:00:30,912810TX6,TSRYS5743665,D,S,T,2024-04-15,1000000.00,4.637588,93.765625
08:00:30,912810TX6,TSRYS5743665,D,S,T,2024-04-15,1000000.00,4.639624,93.734375
08:00:30,912810TX6,TSRYS5743665,D,S,T,2024-04-15,1000000.00,4.639624,93.734375
08:00:30,912810TX6,TSRYS5743665,D,S,T,2024-04-15,1000000.00,4.640261,93.724609375
08:00:30,912810TX6,TSRYS5743665,D,S,T,2024-04-15,1000000.00,4.639624,93.734375
08:00:30,912810TX6,TSRYS5743665,D,S,T,2024-04-15,1000000.00,4.637588,93.765625
08:00:30,912810TX6,TSRYS5743665,D,S,T,2024-04-15,1000000.00,4.639624,93.734375
08:00:30,912810TX6,TSRYS5743665,D,S,T,2024-04-15,1000000.00,4.636825,93.77734375
08:00:30,912810TX6,TSRYS5743665,D,S,T,2024-04-15,1000000.00,4.637588,93.765625
08:00:30,912810TX6,TSRYS5743665,D,S,T,2024-04-15,1000000.00,4.637588,93.765625
08:00:30,912810TX6,TSRYS5743665,D,S,T,2024-04-15,1000000.00,4.638606,93.75
08:00:30,912810TX6,TSRYS5743665,D,S,T,2024-04-15,1000000.00,4.638861,93.74609375
08:00:30,912810TX6,TSRYS5743665,D,S,T,2024-04-15,1000000.00,4.638861,93.74609375
08:00:30,912810TX6,TSRYS5743665,D,S,T,2024-04-15,1000000.00,4.638861,93.74609375
08:00:30,912810TX6,TSRYS5743665,D,S,T,2024-04-15,1000000.00,4.640643,93.71875
08:00:30,912810TX6,TSRYS5743665,D,S,D,2024-04-15,1000000.00,4.642681,93.6875
08:00:30,912810TX6,TSRYS5743665,D,S,T,2024-04-15,1000000.00,4.639624,93.734375
08:00:30,912810TX6,TSRYS5743665,D,S,T,2024-04-15,1000000.00,4.639624,93.734375
08:00:30,912810TX6,TSRYS5743665,D,S,T,2024-04-15,1000000.00,4.639624,93.734375
08:00:30,912810TX6,TSRYS5743665,D,S,T,2024-04-15,1000000.00,4.645739,93.640625
08:00:30,912810TX6,TSRYS5743665,D,S,T,2024-04-15,1000000.00,4.639624,93.734375
08:00:30,912810TX6,TSRYS5743665,D,S,T,2024-04-15,1000000.00,4.639624,93.734375
08:00:30,912810TX6,TSRYS5743665,D,S,T,2024-04-15,1000000.00,4.639624,93.734375
08:00:30,912810TX6,TSRYS5743665,D,S,T,2024-04-15,1000000.00,4.639624,93.734375
08:00:30,912810TX6,TSRYS5743665,D,S,T,2024-04-15,1000000.00,4.642681,93.6875
08:00:30,912810TX6,TSRYS5743665,D,S,T,2024-04-15,1000000.00,4.642681,93.6875
08:00:30,912810TX6,TSRYS5743665,D,S,T,2024-04-15,1000000.00,4.642681,93.6875
08:00:30,912810TX6,TSRYS5743665,D,S,T,2024-04-15,1000000.00,4.6437,93.671875
08:00:30,912810TX6,TSRYS5743665,D,S,T,2024-04-15,1000000.00,4.6437,93.671875
08:00:30,912810TX6,TSRYS5743665,D,S,T,2024-04-15,1000000.00,4.643445,93.67578125
08:00:30,912810TX6,TSRYS5743665,D,S,T,2024-04-15,1000000.00,4.643573,93.673828125
08:00:30,912810TX6,TSRYS5743665,D,S,T,2024-04-15,1000000.00,4.64472,93.65625
08:00:30,912810TX6,TSRYS5743665,D,S,T,2024-04-15,1000000.00,4.64778,93.609375
08:00:30,912810TX6,TSRYS5743665,D,S,T,2024-04-15,1000000.00,4.64778,93.609375
08:00:30,912810TX6,TSRYS5743665,D,S,T,2024-04-15,1000000.00,4.6488,93.59375
08:00:30,912810TX6,TSRYS5743665,D,S,T,2024-04-15,1000000.00,4.650842,93.5625
08:00:30,912810TX6,TSRYS5743665,D,S,T,2024-04-15,1000000.00,4.652885,93.53125
08:00:30,912810TX6,TSRYS5743665,D,S,T,2024-04-15,1000000.00,4.652885,93.53125
08:00:30,912810TX6,TSRYS5743665,D,S,T,2024-04-15,1000000.00,4.652885,93.53125
08:00:30,912810TX6,TSRYS5743665,D,S,T,2024-04-15,1000000.00,4.652885,93.53125
08:00:30,912810TX6,TSRYS5743665,D,S,T,2024-04-15,1000000.00,4.653906,93.515625
08:00:30,912810TX6,TSRYS5743665,D,S,D,2024-04-15,1000000.00,4.653906,93.515625
08:00:30,912810TX6,TSRYS5743665,D,S,T,2024-04-15,1000000.00,4.653906,93.515625
08:00:30,912810TX6,TSRYS5743665,D,S,T,2024-04-15,1000000.00,4.653906,93.515625
08:00:30,912810TX6,TSRYS5743665,D,S,T,2024-04-15,1000000.00,4.654928,93.5
08:00:30,912810TX6,TSRYS5743665,D,S,T,2024-04-15,1000000.00,4.654928,93.5
08:00:30,912810TX6,TSRYS5743665,D,S,D,2024-04-15,1000000.00,4.654928,93.5
08:00:30,912810TX6,TSRYS5743665,D,S,D,2024-04-15,1000000.00,4.653906,93.515625
08:00:30,912810TX6,TSRYS5743665,D,S,D,2024-04-15,1000000.00,4.653906,93.515625
08:00:30,912810TX6,TSRYS5743665,D,S,T,2024-04-15,1000000.00,4.65314,93.52734375
08:00:30,912810TX6,TSRYS5743665,D,S,T,2024-04-15,1000000.00,4.656717,93.47265625
08:00:30,912810TX6,TSRYS5743665,D,S,T,2024-04-15,1000000.00,4.657996,93.453125
08:00:30,912810TX6,TSRYS5743665,D,S,T,2024-04-15,1000000.00,4.659018,93.4375
08:00:30,912810TX6,TSRYS5743665,D,S,D,2024-04-15,1000000.00,4.656973,93.46875
08:00:30,912810TX6,TSRYS5743665,D,S,T,2024-04-15,1000000.00,4.656973,93.46875
08:00:30,912810TX6,TSRYS5743665,D,S,T,2024-04-15,1000000.00,4.656973,93.46875
08:00:30,912810TX6,TSRYS5743665,D,S,T,2024-04-15,1000000.00,4.656973,93.46875
08:00:30,912810TX6,TSRYS5743665,D,S,T,2024-04-15,1000000.00,4.657996,93.453125
08:00:30,912810TX6,TSRYS5743665,D,S,T,2024-04-15,1000000.00,4.657996,93.453125
08:00:30,912810TX6,TSRYS5743665,D,S,T,2024-04-15,1000000.00,4.657996,93.453125
08:00:30,912810TX6,TSRYS5743665,D,S,T,2024-04-15,1000000.00,4.657996,93.453125
08:00:30,912810TX6,TSRYS5743665,D,S,T,2024-04-15,1000000.00,4.657996,93.453125
08:00:30,912810TX6,TSRYS5743665,D,S,T,2024-04-15,1000000.00,4.657996,93.453125
08:00:30,912810TX6,TSRYS5743665,D,S,T,2024-04-15,1000000.00,4.657996,93.453125
08:00:30,912810TX6,TSRYS5743665,D,S,T,2024-04-15,1000000.00,4.659018,93.4375
08:00:30,912810TX6,TSRYS5743665,D,S,T,2024-04-15,1000000.00,4.656973,93.46875
08:00:30,912810TX6,TSRYS5743665,D,S,T,2024-04-15,1000000.00,4.656973,93.46875
08:00:30,912810TX6,TSRYS5743665,D,S,T,2024-04-15,1000000.00,4.656973,93.46875
08:00:30,912810TX6,TSRYS5743665,D,S,T,2024-04-15,1000000.00,4.656973,93.46875
08:00:30,912810TX6,TSRYS5743665,D,S,T,2024-04-15,1000000.00,4.656973,93.46875
08:00:30,912810TX6,TSRYS5743665,D,S,T,2024-04-15,1000000.00,4.652885,93.53125
08:00:30,912810TX6,TSRYS5743665,D,S,T,2024-04-15,1000000.00,4.653906,93.515625
08:00:30,912810TX6,TSRYS5743665,D,S,T,2024-04-15,1000000.00,4.653906,93.515625
08:00:30,912810TX6,TSRYS5743665,D,S,D,2024-04-15,1000000.00,4.656973,93.46875
08:00:30,912810TX6,TSRYS5743665,D,S,D,2024-04-15,1000000.00,4.658251,93.44921875
08:00:33,912810TX6,TSRYS5743665,D,S,T,2024-04-15,1000000.00,4.660042,93.421875
08:00:33,912810TX6,TSRYS5743665,D,S,T,2024-04-15,1000000.00,4.660042,93.421875
08:00:33,912810TX6,TSRYS5743665,D,S,T,2024-04-15,1000000.00,4.659018,93.4375
08:00:33,912810TX6,TSRYS5743665,D,S,T,2024-04-15,1000000.00,4.661065,93.40625
08:00:33,912810TX6,TSRYS5743665,D,S,T,2024-04-15,1000000.00,4.661065,93.40625
08:00:33,912810TX6,TSRYS5743665,D,S,T,2024-04-15,1000000.00,4.661065,93.40625
08:00:33,912810TX6,TSRYS5743665,D,S,T,2024-04-15,1000000.00,4.661065,93.40625
08:00:33,912810TX6,TSRYS5743665,D,S,T,2024-04-15,1000000.00,4.661065,93.40625
08:00:33,912810TX6,TSRYS5743665,D,S,T,2024-04-15,1000000.00,4.661065,93.40625
08:00:33,912810TX6,TSRYS5743665,D,S,T,2024-04-15,1000000.00,4.660042,93.421875
08:00:33,912810TX6,TSRYS5743665,D,S,D,2024-04-15,1000000.00,4.656717,93.47265625
08:00:33,912810TX6,TSRYS5743665,D,S,T,2024-04-15,1000000.00,4.659018,93.4375
08:00:33,912810TX6,TSRYS5743665,D,S,T,2024-04-15,1000000.00,4.659018,93.4375
08:00:33,912810TX6,TSRYS5743665,D,S,T,2024-04-15,1000000.00,4.659018,93.4375
08:00:33,912810TX6,TSRYS5743665,D,S,T,2024-04-15,1000000.00,4.662089,93.390625
08:00:33,912810TX6,TSRYS5743665,D,S,T,2024-04-15,1000000.00,4.666186,93.328125
08:00:33,912810TX6,TSRYS5743665,D,S,T,2024-04-15,1000000.00,4.663113,93.375
08:00:33,912810TX6,TSRYS5743665,D,S,T,2024-04-15,1000000.00,4.660042,93.421875
08:00:33,912810TX6,TSRYS5743665,D,S,T,2024-04-15,1000000.00,4.659018,93.4375
08:00:33,912810TX6,TSRYS5743665,D,S,T,2024-04-15,1000000.00,4.660042,93.421875
08:00:33,912810TX6,TSRYS5743665,D,S,T,2024-04-15,1000000.00,4.661065,93.40625
08:00:33,912810TX6,TSRYS5743665,D,S,T,2024-04-15,1000000.00,4.661065,93.40625
08:00:33,912810TX6,TSRYS5743665,D,S,T,2024-04-15,1000000.00,4.663113,93.375
08:00:33,912810TX6,TSRYS5743665,D,S,D,2024-04-15,2000000.00,4.66593,93.33203125
08:00:33,912810TX6,TSRYS5743665,D,S,T,2024-04-15,1000000.00,4.652757,93.533203125
08:00:33,912810TX6,TSRYS5743665,D,S,T,2024-04-15,1000000.00,4.65595,93.484375
08:00:33,912810TX6,TSRYS5743665,D,S,T,2024-04-15,1000000.00,4.657484,93.4609375
08:00:33,912810TX6,TSRYS5743665,D,S,T,2024-04-15,1000000.00,4.661449,93.400390625
08:00:33,912810TX6,TSRYS5743665,D,S,T,2024-04-15,1000000.00,4.661065,93.40625
08:00:33,912810TX6,TSRYS5743665,D,S,T,2024-04-15,1000000.00,4.663113,93.375
08:00:33,912810TX6,TSRYS5743665,D,S,T,2024-04-15,1000000.00,4.65595,93.484375
08:00:33,912810TX6,TSRYS5743665,D,S,T,2024-04-15,1000000.00,4.653906,93.515625
08:00:33,912810TX6,TSRYS5743665,D,S,T,2024-04-15,1000000.00,4.654928,93.5
08:00:33,912810TX6,TSRYS5743665,D,S,T,2024-04-15,1000000.00,4.6488,93.59375
08:00:33,912810TX6,TSRYS5743665,D,S,T,2024-04-15,1000000.00,4.6488,93.59375
08:00:33,912810TX6,TSRYS5743665,D,S,T,2024-04-15,1000000.00,4.649821,93.578125
08:00:33,912810TX6,TSRYS5743665,D,S,T,2024-04-15,1000000.00,4.649821,93.578125
08:00:33,912810TX6,TSRYS5743665,D,S,T,2024-04-15,1000000.00,4.649821,93.578125
08:00:33,912810TX6,TSRYS5743665,D,S,T,2024-04-15,1000000.00,4.651863,93.546875
08:00:33,912810TX6,TSRYS5743665,D,S,T,2024-04-15,1000000.00,4.650842,93.5625
08:00:33,912810TX6,TSRYS5743665,D,S,T,2024-04-15,1000000.00,4.652885,93.53125
08:00:33,912810TX6,TSRYS5743665,D,S,T,2024-04-15,1000000.00,4.651863,93.546875
08:00:33,912810TX6,TSRYS5743665,D,S,T,2024-04-15,1000000.00,4.652885,93.53125
08:00:33,912810TX6,TSRYS5743665,D,S,T,2024-04-15,1000000.00,4.651863,93.546875
08:00:33,912810TX6,TSRYS5743665,D,S,T,2024-04-15,1000000.00,4.654928,93.5
08:00:33,912810TX6,TSRYS5743665,D,S,T,2024-04-15,1000000.00,4.657996,93.453125
08:00:33,912810TX6,TSRYS5743665,D,S,T,2024-04-15,1000000.00,4.65953,93.4296875
08:00:33,912810TX6,TSRYS5743665,D,S,T,2024-04-15,1000000.00,4.659018,93.4375
08:00:33,912810TX6,TSRYS5743665,D,S,T,2024-04-15,1000000.00,4.650842,93.5625
08:00:33,912810TX6,TSRYS5743665,D,S,T,2024-04-15,1000000.00,4.650842,93.5625
08:00:33,912810TX6,TSRYS5743665,D,S,T,2024-04-15,1000000.00,4.650842,93.5625
08:00:33,912810TX6,TSRYS5743665,D,S,T,2024-04-15,1000000.00,4.651225,93.556640625
08:00:33,912810TX6,TSRYS5743665,D,S,T,2024-04-15,1000000.00,4.650969,93.560546875
08:00:33,912810TX6,TSRYS5743665,D,S,T,2024-04-15,1000000.00,4.651097,93.55859375
08:00:33,912810TX6,TSRYS5743665,D,S,T,2024-04-15,1000000.00,4.650842,93.5625
08:00:33,912810TX6,TSRYS5743665,D,S,T,2024-04-15,1000000.00,4.650842,93.5625
08:00:33,912810TX6,TSRYS5743665,D,S,T,2024-04-15,1000000.00,4.64778,93.609375
08:00:33,912810TX6,TSRYS5743665,D,S,T,2024-04-15,1000000.00,4.64778,93.609375
08:00:33,912810TX6,TSRYS5743665,D,S,T,2024-04-15,1000000.00,4.651863,93.546875
08:00:33,912810TX6,TSRYS5743665,D,S,T,2024-04-15,1000000.00,4.651608,93.55078125
08:00:33,912810TX6,TSRYS5743665,D,S,T,2024-04-15,1000000.00,4.653906,93.515625
08:00:33,912810TX6,TSRYS5743665,D,S,T,2024-04-15,1000000.00,4.650842,93.5625
08:00:33,912810TX6,TSRYS5743665,D,S,T,2024-04-15,1000000.00,4.651863,93.546875
08:00:33,912810TX6,TSRYS5743665,D,S,T,2024-04-15,1000000.00,4.652885,93.53125
08:00:33,912810TX6,TSRYS5743665,D,S,T,2024-04-15,1000000.00,4.654928,93.5
08:00:33,912810TX6,TSRYS5743665,D,S,T,2024-04-15,1000000.00,4.654928,93.5
08:00:33,912810TX6,TSRYS5743665,D,S,T,2024-04-15,1000000.00,4.654928,93.5
08:00:33,912810TX6,TSRYS5743665,D,S,T,2024-04-15,1000000.00,4.65595,93.484375
08:00:33,912810TX6,TSRYS5743665,D,S,T,2024-04-15,1000000.00,4.65595,93.484375
08:00:33,912810TX6,TSRYS5743665,D,S,T,2024-04-15,1000000.00,4.65595,93.484375
08:00:33,912810TX6,TSRYS5743665,D,S,T,2024-04-15,1000000.00,4.65595,93.484375
08:00:33,912810TX6,TSRYS5743665,D,S,T,2024-04-15,1000000.00,4.659018,93.4375
08:00:33,912810TX6,TSRYS5743665,D,S,T,2024-04-15,1000000.00,4.660042,93.421875
08:00:33,912810TX6,TSRYS5743665,D,S,T,2024-04-15,1000000.00,4.660042,93.421875
08:00:33,912810TX6,TSRYS5743665,D,S,T,2024-04-15,1000000.00,4.657996,93.453125
08:00:33,912810TX6,TSRYS5743665,D,S,T,2024-04-15,1000000.00,4.657996,93.453125
08:00:33,912810TX6,TSRYS5743665,D,S,T,2024-04-15,1000000.00,4.657996,93.453125
08:00:33,912810TX6,TSRYS5743665,D,S,T,2024-04-15,1000000.00,4.659018,93.4375
08:00:33,912810TX6,TSRYS5743665,D,S,T,2024-04-15,1000000.00,4.658507,93.4453125
08:00:33,912810TX6,TSRYS5743665,D,S,T,2024-04-15,1000000.00,4.658379,93.447265625
08:00:33,912810TX6,TSRYS5743665,D,S,T,2024-04-15,1000000.00,4.65595,93.484375
08:00:33,912810TX6,TSRYS5743665,D,S,T,2024-04-15,1000000.00,4.654928,93.5
08:00:33,912810TX6,TSRYS5743665,D,S,T,2024-04-15,1000000.00,4.656973,93.46875
08:00:33,912810TX6,TSRYS5743665,D,S,T,2024-04-15,1000000.00,4.656078,93.482421875
08:00:33,912810TX6,TSRYS5743665,D,S,T,2024-04-15,1000000.00,4.65595,93.484375
08:00:33,912810TX6,TSRYS5743665,D,S,T,2024-04-15,1000000.00,4.65595,93.484375
08:00:33,912810TX6,TSRYS5743665,D,S,T,2024-04-15,1000000.00,4.65595,93.484375
08:00:33,912810TX6,TSRYS5743665,D,S,T,2024-04-15,1000000.00,4.656973,93.46875
08:00:33,912810TX6,TSRYS5743665,D,S,T,2024-04-15,1000000.00,4.656973,93.46875
08:00:33,912810TX6,TSRYS5743665,D,S,T,2024-04-15,1000000.00,4.657868,93.455078125
08:00:33,912810TX6,TSRYS5743665,D,S,T,2024-04-15,1000000.00,4.659018,93.4375
08:00:33,912810TX6,TSRYS5743665,D,S,T,2024-04-15,1000000.00,4.659018,93.4375
08:00:33,912810TX6,TSRYS5743665,D,S,T,2024-04-15,1000000.00,4.657996,93.453125
08:00:33,912810TX6,TSRYS5743665,D,S,T,2024-04-15,1000000.00,4.657996,93.453125
08:00:33,912810TX6,TSRYS5743665,D,S,T,2024-04-15,1000000.00,4.657996,93.453125
08:00:33,912810TX6,TSRYS5743665,D,S,T,2024-04-15,1000000.00,4.659018,93.4375
08:00:33,912810TX6,TSRYS5743665,D,S,T,2024-04-15,1000000.00,4.660042,93.421875
08:00:33,912810TX6,TSRYS5743665,D,S,T,2024-04-15,1000000.00,4.660042,93.421875
08:00:33,912810TX6,TSRYS5743665,D,S,T,2024-04-15,1000000.00,4.661065,93.40625
08:00:33,912810TX6,TSRYS5743665,D,S,T,2024-04-15,1000000.00,4.662089,93.390625
08:00:33,912810TX6,TSRYS5743665,D,S,T,2024-04-15,1000000.00,4.662089,93.390625
08:00:33,912810TX6,TSRYS5743665,D,S,T,2024-04-15,1000000.00,4.662089,93.390625
08:00:33,912810TX6,TSRYS5743665,D,S,T,2024-04-15,1000000.00,4.662089,93.390625
08:00:33,912810TX6,TSRYS5743665,D,S,T,2024-04-15,2000000.00,4.662089,93.390625
08:00:33,912810TX6,TSRYS5743665,D,S,T,2024-04-15,1000000.00,4.662089,93.390625
08:00:33,912810TX6,TSRYS5743665,D,S,T,2024-04-15,1000000.00,4.663113,93.375
08:00:33,912810TX6,TSRYS5743665,D,S,T,2024-04-15,1000000.00,4.662089,93.390625
08:00:33,912810TX6,TSRYS5743665,D,S,T,2024-04-15,1000000.00,4.662089,93.390625
08:00:33,912810TX6,TSRYS5743665,D,S,T,2024-04-15,1000000.00,4.661961,93.392578125
08:00:33,912810TX6,TSRYS5743665,D,S,T,2024-04-15,1000000.00,4.664137,93.359375
08:00:33,912810TX6,TSRYS5743665,D,S,T,2024-04-15,1000000.00,4.664137,93.359375
08:00:33,912810TX6,TSRYS5743665,D,S,T,2024-04-15,1000000.00,4.664137,93.359375
08:00:33,912810TX6,TSRYS5743665,D,S,T,2024-04-15,1000000.00,4.664137,93.359375
08:00:33,912810TX6,TSRYS5743665,D,S,T,2024-04-15,1000000.00,4.664137,93.359375
08:00:33,912810TX6,TSRYS5743665,D,S,T,2024-04-15,1000000.00,4.665161,93.34375
08:00:33,912810TX6,TSRYS5743665,D,S,T,2024-04-15,1000000.00,4.667211,93.3125
08:00:33,912810TX6,TSRYS5743665,D,S,T,2024-04-15,1000000.00,4.667211,93.3125
08:00:33,912810TX6,TSRYS5743665,D,S,T,2024-04-15,1000000.00,4.667211,93.3125
08:00:33,912810TX6,TSRYS5743665,D,S,T,2024-04-15,1000000.00,4.667211,93.3125
08:00:33,912810TX6,TSRYS5743665,D,S,T,2024-04-15,1000000.00,4.663113,93.375
08:00:33,912810TX6,TSRYS5743665,D,S,D,2024-04-15,1000000.00,4.662601,93.3828125
08:00:33,912810TX6,TSRYS5743665,D,S,D,2024-04-15,1000000.00,4.662601,93.3828125
08:00:33,912810TX6,TSRYS5743665,D,S,D,2024-04-15,1000000.00,4.662601,93.3828125
08:00:33,912810TX6,TSRYS5743665,D,S,T,2024-04-15,1000000.00,4.662217,93.388671875
08:00:33,912810TX6,TSRYS5743665,D,S,D,2024-04-15,1000000.00,4.661833,93.39453125
08:00:33,912810TX6,TSRYS5743665,D,S,T,2024-04-15,1000000.00,4.661961,93.392578125
08:00:33,912810TX6,TSRYS5743665,D,S,T,2024-04-15,1000000.00,4.659402,93.431640625
08:00:33,912810TX6,TSRYS5743665,D,S,T,2024-04-15,1000000.00,4.659146,93.435546875
08:00:33,912810TX6,TSRYS5743665,D,S,T,2024-04-15,1000000.00,4.659274,93.43359375
08:00:33,912810TX6,TSRYS5743665,D,S,T,2024-04-15,1000000.00,4.659018,93.4375
08:00:33,912810TX6,TSRYS5743665,D,S,T,2024-04-15,1000000.00,4.659018,93.4375
08:00:33,912810TX6,TSRYS5743665,D,S,T,2024-04-15,1000000.00,4.659018,93.4375
08:00:33,912810TX6,TSRYS5743665,D,S,T,2024-04-15,1000000.00,4.661065,93.40625
08:00:33,912810TX6,TSRYS5743665,D,S,T,2024-04-15,2000000.00,4.662089,93.390625
08:00:33,912810TX6,TSRYS5743665,D,S,T,2024-04-15,1000000.00,4.661449,93.400390625
08:00:33,912810TX6,TSRYS5743665,D,S,T,2024-04-15,1000000.00,4.663113,93.375
08:00:33,912810TX6,TSRYS5743665,D,S,T,2024-04-15,1000000.00,4.656973,93.46875
08:00:33,912810TX6,TSRYS5743665,D,S,T,2024-04-15,1000000.00,4.65595,93.484375
08:00:33,912810TX6,TSRYS5743665,D,S,T,2024-04-15,1000000.00,4.662089,93.390625
08:00:33,912810TX6,TSRYS5743665,D,S,D,2024-04-15,1000000.00,4.656973,93.46875
08:00:33,912810TX6,TSRYS5743665,D,S,T,2024-04-15,1000000.00,4.657101,93.466796875
08:00:33,912810TX6,TSRYS5743665,D,S,T,2024-04-15,1000000.00,4.656973,93.46875
08:00:33,912810TX6,TSRYS5743665,D,S,T,2024-04-15,1000000.00,4.652885,93.53125
08:00:33,912810TX6,TSRYS5743665,D,S,T,2024-04-15,1000000.00,4.654928,93.5
08:00:33,912810TX6,TSRYS5743665,D,S,T,2024-04-15,1000000.00,4.654928,93.5
08:00:33,912810TX6,TSRYS5743665,D,S,T,2024-04-15,1000000.00,4.654928,93.5
08:00:33,912810TX6,TSRYS5743665,D,S,T,2024-04-15,1000000.00,4.657996,93.453125
08:00:33,912810TX6,TSRYS5743665,D,S,T,2024-04-15,1000000.00,4.657996,93.453125
08:00:33,912810TX6,TSRYS5743665,D,S,T,2024-04-15,1000000.00,4.657996,93.453125
08:00:33,912810TX6,TSRYS5743665,D,S,T,2024-04-15,1000000.00,4.660042,93.421875
08:00:33,912810TX6,TSRYS5743665,D,S,T,2024-04-15,1000000.00,4.660042,93.421875
08:00:33,912810TX6,TSRYS5743665,D,S,T,2024-04-15,1000000.00,4.660042,93.421875
08:00:33,912810TX6,TSRYS5743665,D,S,T,2024-04-15,1000000.00,4.661065,93.40625
08:00:33,912810TX6,TSRYS5743665,D,S,T,2024-04-15,1000000.00,4.660042,93.421875
08:00:33,912810TX6,TSRYS5743665,D,S,T,2024-04-15,1000000.00,4.659146,93.435546875
08:00:33,912810TX6,TSRYS5743665,D,S,T,2024-04-15,1000000.00,4.659018,93.4375
08:00:33,912810TX6,TSRYS5743665,D,S,T,2024-04-15,1000000.00,4.65953,93.4296875
08:00:33,912810TX6,TSRYS5743665,D,S,T,2024-04-15,1000000.00,4.660042,93.421875
08:00:33,912810TX6,TSRYS5743665,D,S,T,2024-04-15,1000000.00,4.660042,93.421875
08:00:33,912810TX6,TSRYS5743665,D,S,T,2024-04-15,1000000.00,4.661065,93.40625
08:00:33,912810TX6,TSRYS5743665,D,S,T,2024-04-15,1000000.00,4.661065,93.40625
08:00:33,912810TX6,TSRYS5743665,D,S,T,2024-04-15,1000000.00,4.657996,93.453125
08:00:33,912810TX6,TSRYS5743665,D,S,T,2024-04-15,1000000.00,4.659018,93.4375
08:00:33,912810TX6,TSRYS5743665,D,S,T,2024-04-15,1000000.00,4.661065,93.40625
08:00:33,912810TX6,TSRYS5743665,D,S,T,2024-04-15,1000000.00,4.662089,93.390625
08:00:33,912810TX6,TSRYS5743665,D,S,T,2024-04-15,1000000.00,4.662089,93.390625
08:00:33,912810TX6,TSRYS5743665,D,S,T,2024-04-15,1000000.00,4.663113,93.375
08:00:33,912810TX6,TSRYS5743665,D,S,T,2024-04-15,1000000.00,4.666186,93.328125
08:00:33,912810TX6,TSRYS5743665,D,S,T,2024-04-15,1000000.00,4.666186,93.328125
08:00:33,912810TX6,TSRYS5743665,D,S,T,2024-04-15,1000000.00,4.666186,93.328125
08:00:33,912810TX6,TSRYS5743665,D,S,T,2024-04-15,1000000.00,4.667211,93.3125
08:00:33,912810TX6,TSRYS5743665,D,S,T,2024-04-15,1000000.00,4.669261,93.28125
08:00:33,912810TX6,TSRYS5743665,D,S,T,2024-04-15,1000000.00,4.669261,93.28125
08:00:33,912810TX6,TSRYS5743665,D,S,T,2024-04-15,1000000.00,4.669261,93.28125
08:00:33,912810TX6,TSRYS5743665,D,S,T,2024-04-15,1000000.00,4.669261,93.28125
08:00:33,912810TX6,TSRYS5743665,D,S,T,2024-04-15,1000000.00,4.669261,93.28125
08:00:33,912810TX6,TSRYS5743665,D,S,T,2024-04-15,1000000.00,4.667595,93.306640625
08:00:33,912810TX6,TSRYS5743665,D,S,T,2024-04-15,1000000.00,4.666186,93.328125
08:00:33,912810TX6,TSRYS5743665,D,S,T,2024-04-15,1000000.00,4.669261,93.28125
08:00:33,912810TX6,TSRYS5743665,D,S,T,2024-04-15,1000000.00,4.669261,93.28125
08:00:33,912810TX6,TSRYS5743665,D,S,T,2024-04-15,1000000.00,4.669261,93.28125
08:00:33,912810TX6,TSRYS5743665,D,S,T,2024-04-15,1000000.00,4.671313,93.25
08:00:33,912810TX6,TSRYS5743665,D,S,T,2024-04-15,1000000.00,4.672339,93.234375
08:00:33,912810TX6,TSRYS5743665,D,S,T,2024-04-15,1000000.00,4.672339,93.234375
08:00:33,912810TX6,TSRYS5743665,D,S,T,2024-04-15,1000000.00,4.672339,93.234375
08:00:33,912810TX6,TSRYS5743665,D,S,T,2024-04-15,2000000.00,4.673365,93.21875
08:00:33,912810TX6,TSRYS5743665,D,S,T,2024-04-15,1000000.00,4.673365,93.21875
08:00:33,912810TX6,TSRYS5743665,D,S,T,2024-04-15,1000000.00,4.672339,93.234375
08:00:33,912810TX6,TSRYS5743665,D,S,T,2024-04-15,1000000.00,4.672339,93.234375
08:00:33,912810TX6,TSRYS5743665,D,S,T,2024-04-15,1000000.00,4.672339,93.234375
08:00:33,912810TX6,TSRYS5743665,D,S,T,2024-04-15,1000000.00,4.670287,93.265625
08:00:33,912810TX6,TSRYS5743665,D,S,T,2024-04-15,1000000.00,4.670287,93.265625
08:00:33,912810TX6,TSRYS5743665,D,S,T,2024-04-15,1000000.00,4.671313,93.25
08:00:33,912810TX6,TSRYS5743665,D,S,T,2024-04-15,1000000.00,4.671313,93.25
08:00:33,912810TX6,TSRYS5743665,D,S,T,2024-04-15,1000000.00,4.671313,93.25
08:00:33,912810TX6,TSRYS5743665,D,S,T,2024-04-15,1000000.00,4.672339,93.234375
08:00:33,912810TX6,TSRYS5743665,D,S,T,2024-04-15,1000000.00,4.672724,93.228515625
08:00:33,912810TX6,TSRYS5743665,D,S,T,2024-04-15,1000000.00,4.670287,93.265625
08:00:33,912810TX6,TSRYS5743665,D,S,T,2024-04-15,1000000.00,4.670287,93.265625
08:00:33,912810TX6,TSRYS5743665,D,S,T,2024-04-15,1000000.00,4.670287,93.265625
08:00:33,912810TX6,TSRYS5743665,D,S,T,2024-04-15,1000000.00,4.670287,93.265625
08:00:33,912810TX6,TSRYS5743665,D,S,T,2024-04-15,1000000.00,4.668236,93.296875
08:00:33,912810TX6,TSRYS5743665,D,S,T,2024-04-15,1000000.00,4.668236,93.296875
08:00:33,912810TX6,TSRYS5743665,D,S,T,2024-04-15,1000000.00,4.668236,93.296875
08:00:33,912810TX6,TSRYS5743665,D,S,T,2024-04-15,1000000.00,4.66939,93.279296875
08:00:33,912810TX6,TSRYS5743665,D,S,T,2024-04-15,1000000.00,4.66939,93.279296875
08:00:33,912810TX6,TSRYS5743665,D,S,T,2024-04-15,1000000.00,4.669902,93.271484375
08:00:33,912810TX6,TSRYS5743665,D,S,T,2024-04-15,1000000.00,4.669774,93.2734375
08:00:33,912810TX6,TSRYS5743665,D,S,T,2024-04-15,1000000.00,4.669902,93.271484375
08:00:33,912810TX6,TSRYS5743665,D,S,T,2024-04-15,1000000.00,4.670287,93.265625
08:00:33,912810TX6,TSRYS5743665,D,S,T,2024-04-15,1000000.00,4.670287,93.265625
08:00:33,912810TX6,TSRYS5743665,D,S,T,2024-04-15,1000000.00,4.670287,93.265625
08:00:33,912810TX6,TSRYS5743665,D,S,T,2024-04-15,1000000.00,4.668236,93.296875
08:00:33,912810TX6,TSRYS5743665,D,S,T,2024-04-15,1000000.00,4.667852,93.302734375
08:00:33,912810TX6,TSRYS5743665,D,S,T,2024-04-15,1000000.00,4.667339,93.310546875
08:00:33,912810TX6,TSRYS5743665,D,S,T,2024-04-15,1000000.00,4.667467,93.30859375
08:00:33,912810TX6,TSRYS5743665,D,S,T,2024-04-15,1000000.00,4.667467,93.30859375
08:00:33,912810TX6,TSRYS5743665,D,S,T,2024-04-15,1000000.00,4.667211,93.3125
08:00:33,912810TX6,TSRYS5743665,D,S,T,2024-04-15,1000000.00,4.665161,93.34375
08:00:33,912810TX6,TSRYS5743665,D,S,T,2024-04-15,1000000.00,4.666186,93.328125
08:00:33,912810TX6,TSRYS5743665,D,S,D,2024-04-15,1000000.00,4.667467,93.30859375
08:00:33,912810TX6,TSRYS5743665,D,S,D,2024-04-15,1000000.00,4.667467,93.30859375
08:00:33,912810TX6,TSRYS5743665,D,S,T,2024-04-15,1000000.00,4.667467,93.30859375
08:00:33,912810TX6,TSRYS5743665,D,S,T,2024-04-15,1000000.00,4.667467,93.30859375
08:00:33,912810TX6,TSRYS5743665,D,S,D,2024-04-15,1000000.00,4.667467,93.30859375
08:00:33,912810TX6,TSRYS5743665,D,S,D,2024-04-15,1000000.00,4.667467,93.30859375
08:00:33,912810TX6,TSRYS5743665,D,S,T,2024-04-15,1000000.00,4.667211,93.3125
08:00:33,912810TX6,TSRYS5743665,D,S,T,2024-04-15,1000000.00,4.667211,93.3125
08:00:33,912810TX6,TSRYS5743665,D,S,T,2024-04-15,1000000.00,4.668236,93.296875
08:00:33,912810TX6,TSRYS5743665,D,S,T,2024-04-15,1000000.00,4.661833,93.39453125
08:00:33,912810TX6,TSRYS5743665,D,S,T,2024-04-15,1000000.00,4.671954,93.240234375
08:00:33,912810TX6,TSRYS5743665,D,S,T,2024-04-15,1000000.00,4.673365,93.21875
08:00:33,912810TX6,TSRYS5743665,D,S,T,2024-04-15,1000000.00,4.673365,93.21875
08:00:33,912810TX6,TSRYS5743665,D,S,T,2024-04-15,1000000.00,4.675419,93.1875
08:00:33,912810TX6,TSRYS5743665,D,S,T,2024-04-15,1000000.00,4.673365,93.21875
08:00:33,912810TX6,TSRYS5743665,D,S,T,2024-04-15,1000000.00,4.674392,93.203125
08:00:33,912810TX6,TSRYS5743665,D,S,T,2024-04-15,1000000.00,4.674392,93.203125
08:00:33,912810TX6,TSRYS5743665,D,S,T,2024-04-15,1000000.00,4.674392,93.203125
08:00:33,912810TX6,TSRYS5743665,D,S,T,2024-04-15,1000000.00,4.673365,93.21875
08:00:33,912810TX6,TSRYS5743665,D,S,T,2024-04-15,1000000.00,4.671313,93.25
08:00:33,912810TX6,TSRYS5743665,D,S,T,2024-04-15,1000000.00,4.672339,93.234375
08:00:33,912810TX6,TSRYS5743665,D,S,T,2024-04-15,1000000.00,4.672211,93.236328125
08:00:33,912810TX6,TSRYS5743665,D,S,T,2024-04-15,1000000.00,4.671569,93.24609375
08:00:33,912810TX6,TSRYS5743665,D,S,T,2024-04-15,1000000.00,4.671569,93.24609375
08:00:33,912810TX6,TSRYS5743665,D,S,T,2024-04-15,1000000.00,4.670415,93.263671875
08:00:33,912810TX6,TSRYS5743665,D,S,T,2024-04-15,1000000.00,4.672339,93.234375
08:00:33,912810TX6,TSRYS5743665,D,S,T,2024-04-15,1000000.00,4.672339,93.234375
08:00:33,912810TX6,TSRYS5743665,D,S,T,2024-04-15,1000000.00,4.673622,93.21484375
08:00:33,912810TX6,TSRYS5743665,D,S,T,2024-04-15,1000000.00,4.674392,93.203125
08:00:33,912810TX6,TSRYS5743665,D,S,T,2024-04-15,1000000.00,4.674392,93.203125
08:00:33,912810TX6,TSRYS5743665,D,S,T,2024-04-15,1000000.00,4.674392,93.203125
08:00:33,912810TX6,TSRYS5743665,D,S,T,2024-04-15,1000000.00,4.676446,93.171875
08:00:33,912810TX6,TSRYS5743665,D,S,T,2024-04-15,1000000.00,4.676446,93.171875
08:00:33,912810TX6,TSRYS5743665,D,S,T,2024-04-15,1000000.00,4.676446,93.171875
08:00:33,912810TX6,TSRYS5743665,D,S,T,2024-04-15,1000000.00,4.675419,93.1875
08:00:33,912810TX6,TSRYS5743665,D,S,T,2024-04-15,1000000.00,4.675419,93.1875
08:00:33,912810TX6,TSRYS5743665,D,S,T,2024-04-15,1000000.00,4.675419,93.1875
08:00:33,912810TX6,TSRYS5743665,D,S,T,2024-04-15,1000000.00,4.675419,93.1875
08:00:33,912810TX6,TSRYS5743665,D,S,T,2024-04-15,1000000.00,4.675419,93.1875
08:00:33,912810TX6,TSRYS5743665,D,S,T,2024-04-15,1000000.00,4.670287,93.265625
08:00:33,912810TX6,TSRYS5743665,D,S,T,2024-04-15,1000000.00,4.670287,93.265625
08:00:33,912810TX6,TSRYS5743665,D,S,T,2024-04-15,1000000.00,4.671569,93.24609375
08:00:33,912810TX6,TSRYS5743665,D,S,T,2024-04-15,1000000.00,4.672852,93.2265625
08:00:33,912810TX6,TSRYS5743665,D,S,T,2024-04-15,1000000.00,4.673365,93.21875
08:00:33,912810TX6,TSRYS5743665,D,S,T,2024-04-15,1000000.00,4.673365,93.21875
08:00:33,912810TX6,TSRYS5743665,D,S,T,2024-04-15,1000000.00,4.673365,93.21875
08:00:33,912810TX6,TSRYS5743665,D,S,T,2024-04-15,1000000.00,4.673365,93.21875
08:00:33,912810TX6,TSRYS5743665,D,S,T,2024-04-15,1000000.00,4.673365,93.21875
08:00:33,912810TX6,TSRYS5743665,D,S,T,2024-04-15,1000000.00,4.673365,93.21875
08:00:33,912810TX6,TSRYS5743665,D,S,T,2024-04-15,1000000.00,4.673365,93.21875
08:00:33,912810TX6,TSRYS5743665,D,S,T,2024-04-15,1000000.00,4.672083,93.23828125
08:00:33,912810TX6,TSRYS5743665,D,S,T,2024-04-15,1000000.00,4.671313,93.25
08:00:33,912810TX6,TSRYS5743665,D,S,T,2024-04-15,1000000.00,4.671313,93.25
08:00:33,912810TX6,TSRYS5743665,D,S,T,2024-04-15,1000000.00,4.671313,93.25
08:00:33,912810TX6,TSRYS5743665,D,S,T,2024-04-15,1000000.00,4.671313,93.25
08:00:33,912810TX6,TSRYS5743665,D,S,T,2024-04-15,1000000.00,4.671313,93.25
08:00:33,912810TX6,TSRYS5743665,D,S,T,2024-04-15,1000000.00,4.671313,93.25
08:00:33,912810TX6,TSRYS5743665,D,S,T,2024-04-15,1000000.00,4.671313,93.25
08:00:33,912810TX6,TSRYS5743665,D,S,T,2024-04-15,1000000.00,4.670287,93.265625
08:00:33,912810TX6,TSRYS5743665,D,S,D,2024-04-15,1000000.00,4.645739,93.640625
08:00:33,912810TX6,TSRYS5743665,D,S,D,2024-04-15,1000000.00,4.646759,93.625
08:00:33,912810TX6,TSRYS5743665,D,S,D,2024-04-15,1000000.00,4.63657,93.78125
08:00:33,912810TX6,TSRYS5743665,D,S,D,2024-04-15,1000000.00,4.633773,93.82421875
08:00:33,912810TX6,TSRYS5743665,D,S,D,2024-04-15,1000000.00,4.642681,93.6875
08:00:33,912810TX6,TSRYS5743665,D,S,D,2024-04-15,1000000.00,4.640388,93.72265625
08:00:33,912810TX6,TSRYS5743665,D,S,D,2024-04-15,1000000.00,4.638606,93.75
08:00:33,912810TX6,TSRYS5743665,D,S,D,2024-04-15,1000000.00,4.6488,93.59375
08:00:33,912810TX6,TSRYS5743665,D,S,D,2024-04-15,1000000.00,4.652885,93.53125
08:00:33,912810TX6,TSRYS5743665,D,S,D,2024-04-15,1000000.00,4.656717,93.47265625
08:00:33,912810TX6,TSRYS5743665,D,S,D,2024-04-15,1000000.00,4.65595,93.484375
08:00:33,912810TX6,TSRYS5743665,D,S,D,2024-04-15,1000000.00,4.655695,93.48828125
08:00:33,912810TX6,TSRYS5743665,D,S,D,2024-04-15,1000000.00,4.652885,93.53125
08:00:33,912810TX6,TSRYS5743665,D,S,D,2024-04-15,1000000.00,4.665674,93.3359375
08:00:33,912810TX6,TSRYS5743665,D,S,D,2024-04-15,1000000.00,4.665161,93.34375
08:00:33,912810TX6,TSRYS5743665,D,S,D,2024-04-15,1000000.00,4.651608,93.55078125
08:00:33,912810TX6,TSRYS5743665,D,S,D,2024-04-15,1000000.00,4.652118,93.54296875
08:00:33,912810TX6,TSRYS5743665,D,S,D,2024-04-15,1000000.00,4.648545,93.59765625
08:00:33,912810TX6,TSRYS5743665,D,S,D,2024-04-15,1000000.00,4.64829,93.6015625
08:00:33,912810TX6,TSRYS5743665,D,S,D,2024-04-15,1000000.00,4.658251,93.44921875
08:00:33,912810TX6,TSRYS5743665,D,S,D,2024-04-15,1000000.00,4.653906,93.515625
08:00:33,912810TX6,TSRYS5743665,D,S,D,2024-04-15,1000000.00,4.647525,93.61328125
08:00:33,912810TX6,TSRYS5743665,D,S,D,2024-04-15,1000000.00,4.652118,93.54296875
08:00:33,912810TX6,TSRYS5743665,D,S,D,2024-04-15,1000000.00,4.652629,93.53515625
08:00:33,912810TX6,TSRYS5743665,D,S,D,2024-04-15,1000000.00,4.653395,93.5234375
08:00:33,912810TX6,TSRYS5743665,D,S,D,2024-04-15,1000000.00,4.652629,93.53515625
08:00:33,912810TX6,TSRYS5743665,D,S,D,2024-04-15,1000000.00,4.65953,93.4296875
08:00:33,912810TX6,TSRYS5743665,D,S,D,2024-04-15,1000000.00,4.657484,93.4609375
08:00:33,912810TX6,TSRYS5743665,D,S,D,2024-04-15,1000000.00,4.658763,93.44140625
08:00:33,912810TX6,TSRYS5743665,D,S,D,2024-04-15,1000000.00,4.661065,93.40625
08:00:33,912810TX6,TSRYS5743665,D,S,D,2024-04-15,1000000.00,4.661833,93.39453125
08:00:33,912810TX6,TSRYS5743665,D,S,D,2024-04-15,1000000.00,4.654928,93.5
08:00:33,912810TX6,TSRYS5743665,D,S,D,2024-04-15,1000000.00,4.658763,93.44140625
08:00:33,912810TX6,TSRYS5743665,D,S,D,2024-04-15,1000000.00,4.659786,93.42578125
08:00:33,912810TX6,TSRYS5743665,D,S,D,2024-04-15,1000000.00,4.659018,93.4375
08:00:33,912810TX6,TSRYS5743665,D,S,D,2024-04-15,1000000.00,4.672083,93.23828125
08:00:33,912810TX6,TSRYS5743665,D,S,D,2024-04-15,1000000.00,4.6708,93.2578125
08:00:33,912810TX6,TSRYS5743665,D,S,D,2024-04-15,1000000.00,4.669005,93.28515625
08:00:33,912810TX6,TSRYS5743665,D,S,D,2024-04-15,1000000.00,4.671569,93.24609375
08:00:33,912810TX6,TSRYS5743665,D,S,D,2024-04-15,1000000.00,4.6708,93.2578125
08:00:33,912810TX6,TSRYS5743665,D,S,D,2024-04-15,1000000.00,4.669774,93.2734375
08:00:33,912810TX6,TSRYS5743665,D,S,D,2024-04-15,1000000.00,4.670031,93.26953125
08:00:33,912810TX6,TSRYS5743665,D,S,D,2024-04-15,1000000.00,4.670287,93.265625
08:00:33,912810TX6,TSRYS5743665,D,S,D,2024-04-15,1000000.00,4.670287,93.265625
08:00:33,912810TX6,TSRYS5743665,D,S,D,2024-04-15,1000000.00,4.668236,93.296875
08:00:33,912810TX6,TSRYS5743665,D,S,D,2024-04-15,1000000.00,4.676446,93.171875
08:00:33,912810TX6,TSRYS5743665,D,S,D,2024-04-15,1000000.00,4.676446,93.171875
08:00:33,912810TX6,TSRYS5743665,D,S,D,2024-04-15,1000000.00,4.676446,93.171875
08:00:33,912810TX6,TSRYS5743665,D,S,D,2024-04-15,1000000.00,4.675162,93.19140625
08:00:33,912810TX6,TSRYS5743665,D,S,D,2024-04-15,1000000.00,4.672852,93.2265625
08:00:33,912810TX6,TSRYS5743665,D,S,D,2024-04-15,1000000.00,4.645739,93.640625
08:00:33,912810TX6,TSRYS5743665,D,S,D,2024-04-15,1000000.00,4.645612,93.642578125
08:00:33,912810TX6,TSRYS5743665,D,S,D,2024-04-15,1000000.00,4.644337,93.662109375
08:00:33,912810TX6,TSRYS5743665,D,S,D,2024-04-15,1000000.00,4.644337,93.662109375
08:00:33,912810TX6,TSRYS5743665,D,S,D,2024-04-15,1000000.00,4.656845,93.470703125
08:00:33,912810TX6,TSRYS5743665,D,S,D,2024-04-15,1000000.00,4.656845,93.470703125
08:00:33,912810TX6,TSRYS5743665,D,S,D,2024-04-15,1000000.00,4.655567,93.490234375
08:00:33,912810TX6,TSRYS5743665,D,S,D,2024-04-15,1000000.00,4.6548,93.501953125
08:00:33,912810TX6,TSRYS5743665,D,S,D,2024-04-15,1000000.00,4.64778,93.609375
08:00:33,912810TX6,TSRYS5743665,D,S,D,2024-04-15,1000000.00,4.652118,93.54296875
08:00:33,912810TX6,TSRYS5743665,D,S,D,2024-04-15,2000000.00,4.65774,93.45703125
08:00:33,912810TX6,TSRYS5743665,D,S,D,2024-04-15,1000000.00,4.65774,93.45703125
08:00:33,912810TX6,TSRYS5743665,D,S,D,2024-04-15,1000000.00,4.65774,93.45703125
08:00:33,912810TX6,TSRYS5743665,D,S,D,2024-04-15,1000000.00,4.65774,93.45703125
08:00:33,912810TX6,TSRYS5743665,D,S,D,2024-04-15,1000000.00,4.657484,93.4609375
08:00:33,912810TX6,TSRYS5743665,D,S,D,2024-04-15,1000000.00,4.65953,93.4296875
08:00:33,912810TX6,TSRYS5743665,D,S,D,2024-04-15,1000000.00,4.659018,93.4375
08:00:33,912810TX6,TSRYS5743665,D,S,D,2024-04-15,1000000.00,4.656973,93.46875
08:00:33,912810TX6,TSRYS5743665,D,S,D,2024-04-15,1000000.00,4.656973,93.46875
08:00:33,912810TX6,TSRYS5743665,D,S,D,2024-04-15,1000000.00,4.658379,93.447265625
08:00:33,912810TX6,TSRYS5743665,D,S,D,2024-04-15,1000000.00,4.670672,93.259765625
08:00:33,912810TX6,TSRYS5743665,D,S,D,2024-04-15,1000000.00,4.6708,93.2578125
08:00:33,912810TX6,TSRYS5743665,D,S,D,2024-04-15,1000000.00,4.672596,93.23046875
08:00:33,912810TX6,TSRYS5743665,D,S,D,2024-04-15,1000000.00,4.672981,93.224609375
08:00:33,912810TX6,TSRYS5743665,D,S,D,2024-04-15,1000000.00,4.67452,93.201171875
08:00:33,912810TX6,TSRYS5743665,D,S,D,2024-04-15,1000000.00,4.67452,93.201171875
08:00:33,912810TX6,TSRYS5743665,D,S,D,2024-04-15,1000000.00,4.673879,93.2109375
08:00:33,912810TX6,TSRYS5743665,D,S,D,2024-04-15,1000000.00,4.670287,93.265625
08:00:33,912810TX6,TSRYS5743665,D,S,D,2024-04-15,1000000.00,4.671441,93.248046875
08:00:33,912810TX6,TSRYS5743665,D,S,D,2024-04-15,1000000.00,4.669774,93.2734375
08:00:33,912810TX6,TSRYS5743665,D,S,D,2024-04-15,1000000.00,4.6708,93.2578125
08:00:33,912810TX6,TSRYS5743665,D,S,D,2024-04-15,1000000.00,4.6708,93.2578125
08:00:33,912810TX6,TSRYS5743665,D,S,D,2024-04-15,1000000.00,4.671826,93.2421875
08:00:33,912810TX6,TSRYS5743665,D,S,D,2024-04-15,1000000.00,4.670287,93.265625
08:00:33,912810TX6,TSRYS5743665,D,S,D,2024-04-15,1000000.00,4.672467,93.232421875
08:00:33,912810TX6,TSRYS5743665,D,S,D,2024-04-15,1000000.00,4.672083,93.23828125
08:00:33,912810TX6,TSRYS5743665,D,S,D,2024-04-15,1000000.00,4.672724,93.228515625
08:00:33,912810TX6,TSRYS5743665,D,S,D,2024-04-15,1000000.00,4.672596,93.23046875
08:00:33,912810TX6,TSRYS5743665,D,S,D,2024-04-15,1000000.00,4.672467,93.232421875
08:00:33,912810TX6,TSRYS5743665,D,S,D,2024-04-15,1000000.00,4.672467,93.232421875
08:00:33,912810TX6,TSRYS5743665,D,S,T,2024-04-15,1000000.00,4.645739,93.640625
08:00:33,912810TX6,TSRYS5743665,D,S,T,2024-04-15,1000000.00,4.645612,93.642578125
08:00:33,912810TX6,TSRYS5743665,D,S,T,2024-04-15,1000000.00,4.640516,93.720703125
08:00:33,912810TX6,TSRYS5743665,D,S,T,2024-04-15,1000000.00,4.640388,93.72265625
08:00:33,912810TX6,TSRYS5743665,D,S,T,2024-04-15,1000000.00,4.638097,93.7578125
08:00:33,912810TX6,TSRYS5743665,D,S,T,2024-04-15,2000000.00,4.639243,93.740234375
08:00:33,912810TX6,TSRYS5743665,D,S,T,2024-04-15,1000000.00,4.642681,93.6875
08:00:33,912810TX6,TSRYS5743665,D,S,T,2024-04-15,1000000.00,4.642681,93.6875
08:00:33,912810TX6,TSRYS5743665,D,S,T,2024-04-15,1000000.00,4.642681,93.6875
08:00:33,912810TX6,TSRYS5743665,D,S,T,2024-04-15,1000000.00,4.654034,93.513671875
08:00:33,912810TX6,TSRYS5743665,D,S,T,2024-04-15,1000000.00,4.654034,93.513671875
08:00:33,912810TX6,TSRYS5743665,D,S,T,2024-04-15,1000000.00,4.654034,93.513671875
08:00:33,912810TX6,TSRYS5743665,D,S,T,2024-04-15,1000000.00,4.656973,93.46875
08:00:33,912810TX6,TSRYS5743665,D,S,T,2024-04-15,1000000.00,4.656845,93.470703125
08:00:33,912810TX6,TSRYS5743665,D,S,T,2024-04-15,1000000.00,4.656973,93.46875
08:00:33,912810TX6,TSRYS5743665,D,S,T,2024-04-15,1000000.00,4.655823,93.486328125
08:00:33,912810TX6,TSRYS5743665,D,S,T,2024-04-15,1000000.00,4.65595,93.484375
08:00:33,912810TX6,TSRYS5743665,D,S,T,2024-04-15,1000000.00,4.655823,93.486328125
08:00:33,912810TX6,TSRYS5743665,D,S,T,2024-04-15,2000000.00,4.655567,93.490234375
08:00:33,912810TX6,TSRYS5743665,D,S,T,2024-04-15,1000000.00,4.664649,93.3515625
08:00:33,912810TX6,TSRYS5743665,D,S,T,2024-04-15,1000000.00,4.658891,93.439453125
08:00:33,912810TX6,TSRYS5743665,D,S,T,2024-04-15,1000000.00,4.658763,93.44140625
08:00:33,912810TX6,TSRYS5743665,D,S,T,2024-04-15,1000000.00,4.655567,93.490234375
08:00:33,912810TX6,TSRYS5743665,D,S,T,2024-04-15,1000000.00,4.6548,93.501953125
08:00:33,912810TX6,TSRYS5743665,D,S,T,2024-04-15,1000000.00,4.650587,93.56640625
08:00:33,912810TX6,TSRYS5743665,D,S,T,2024-04-15,1000000.00,4.650459,93.568359375
08:00:33,912810TX6,TSRYS5743665,D,S,T,2024-04-15,1000000.00,4.662217,93.388671875
08:00:33,912810TX6,TSRYS5743665,D,S,T,2024-04-15,1000000.00,4.662217,93.388671875
08:00:33,912810TX6,TSRYS5743665,D,S,T,2024-04-15,1000000.00,4.661065,93.40625
08:00:33,912810TX6,TSRYS5743665,D,S,T,2024-04-15,1000000.00,4.660937,93.408203125
08:00:33,912810TX6,TSRYS5743665,D,S,T,2024-04-15,1000000.00,4.657229,93.46484375
08:00:33,912810TX6,TSRYS5743665,D,S,T,2024-04-15,1000000.00,4.660425,93.416015625
08:00:33,912810TX6,TSRYS5743665,D,S,T,2024-04-15,1000000.00,4.667595,93.306640625
08:00:33,912810TX6,TSRYS5743665,D,S,T,2024-04-15,1000000.00,4.672339,93.234375
08:00:33,912810TX6,TSRYS5743665,D,S,T,2024-04-15,1000000.00,4.672211,93.236328125
08:00:33,912810TX6,TSRYS5743665,D,S,T,2024-04-15,1000000.00,4.670672,93.259765625
08:00:33,912810TX6,TSRYS5743665,D,S,T,2024-04-15,2000000.00,4.670544,93.26171875
08:00:33,912810TX6,TSRYS5743665,D,S,T,2024-04-15,1000000.00,4.670544,93.26171875
08:00:33,912810TX6,TSRYS5743665,D,S,T,2024-04-15,1000000.00,4.670544,93.26171875
08:00:33,912810TX6,TSRYS5743665,D,S,T,2024-04-15,1000000.00,4.669774,93.2734375
08:00:33,912810TX6,TSRYS5743665,D,S,T,2024-04-15,1000000.00,4.671698,93.244140625
08:00:33,912810TX6,TSRYS5743665,D,S,T,2024-04-15,1000000.00,4.669774,93.2734375
08:00:33,912810TX6,TSRYS5743665,D,S,T,2024-04-15,1000000.00,4.671698,93.244140625
08:00:33,912810TX6,TSRYS5743665,D,S,T,2024-04-15,1000000.00,4.672339,93.234375
08:00:33,912810TX6,TSRYS5743665,D,S,T,2024-04-15,1000000.00,4.6708,93.2578125
08:00:33,912810TX6,TSRYS5743665,D,S,T,2024-04-15,1000000.00,4.669774,93.2734375
08:00:33,912810TX6,TSRYS5743665,D,S,T,2024-04-15,1000000.00,4.669646,93.275390625
08:00:33,912810TX6,TSRYS5743665,D,S,T,2024-04-15,1000000.00,4.669518,93.27734375
08:00:33,912810TX6,TSRYS5743665,D,S,T,2024-04-15,1000000.00,4.66939,93.279296875
08:00:33,912810TX6,TSRYS5743665,D,S,T,2024-04-15,1000000.00,4.66939,93.279296875
08:00:33,912810TX6,TSRYS5743665,D,S,T,2024-04-15,1000000.00,4.66939,93.279296875
08:00:33,912810TX6,TSRYS5743665,D,S,T,2024-04-15,1000000.00,4.66939,93.279296875
08:00:33,912810TX6,TSRYS5743665,D,S,T,2024-04-15,1000000.00,4.670415,93.263671875
08:00:33,912810TX6,TSRYS5743665,D,S,T,2024-04-15,1000000.00,4.670287,93.265625
08:00:33,912810TX6,TSRYS5743665,D,S,T,2024-04-15,1000000.00,4.670287,93.265625
08:00:33,912810TX6,TSRYS5743665,D,S,T,2024-04-15,1000000.00,4.670287,93.265625
08:00:33,912810TX6,TSRYS5743665,D,S,T,2024-04-15,1000000.00,4.668236,93.296875
08:00:33,912810TX6,TSRYS5743665,D,S,T,2024-04-15,1000000.00,4.671954,93.240234375
08:00:33,912810TX6,TSRYS5743665,D,S,T,2024-04-15,2000000.00,4.671954,93.240234375
08:00:33,912810TX6,TSRYS5743665,D,S,T,2024-04-15,1000000.00,4.673622,93.21484375
08:00:33,912810TX6,TSRYS5743665,D,S,T,2024-04-15,1000000.00,4.674649,93.19921875
08:00:33,912810TX6,TSRYS5743665,D,S,T,2024-04-15,1000000.00,4.674649,93.19921875
08:00:33,912810TX6,TSRYS5743665,D,S,T,2024-04-15,1000000.00,4.671698,93.244140625
08:00:33,912810TX6,TSRYS5743665,D,S,T,2024-04-15,1000000.00,4.671569,93.24609375
08:00:33,912810TX6,TSRYS5743665,D,S,T,2024-04-15,2000000.00,4.673622,93.21484375
08:00:33,912810TX6,TSRYS5743665,D,S,T,2024-04-15,1000000.00,4.675291,93.189453125
08:00:33,912810TX6,TSRYS5743665,D,S,T,2024-04-15,1000000.00,4.675162,93.19140625
08:00:33,912810TX6,TSRYS5743665,D,S,T,2024-04-15,1000000.00,4.675291,93.189453125
08:00:33,912810TX6,TSRYS5743665,D,S,T,2024-04-15,1000000.00,4.675291,93.189453125
08:00:33,912810TX6,TSRYS5743665,D,S,T,2024-04-15,1000000.00,4.675162,93.19140625
08:00:33,912810TX6,TSRYS5743665,D,S,T,2024-04-15,1000000.00,4.674392,93.203125
08:00:33,912810TX6,TSRYS5743665,D,S,T,2024-04-15,1000000.00,4.671698,93.244140625
08:00:33,912810TX6,TSRYS5743665,D,S,T,2024-04-15,1000000.00,4.671569,93.24609375
08:00:33,912810TX6,TSRYS5743665,D,S,T,2024-04-15,1000000.00,4.672083,93.23828125
08:00:33,912810TX6,TSRYS5743665,D,S,T,2024-04-15,1000000.00,4.672339,93.234375
08:00:33,912810TX6,TSRYS5743665,D,S,T,2024-04-15,1000000.00,4.672981,93.224609375
08:00:33,912810TX6,TSRYS5743665,D,S,T,2024-04-15,1000000.00,4.672981,93.224609375
08:00:33,912810TX6,TSRYS5743665,D,S,T,2024-04-15,1000000.00,4.672596,93.23046875
08:00:33,912810TX6,TSRYS5743665,D,S,T,2024-04-15,1000000.00,4.672724,93.228515625
08:00:33,912810TX6,TSRYS5743665,D,S,T,2024-04-15,1000000.00,4.672724,93.228515625
08:00:33,912810TX6,TSRYS5743665,D,S,T,2024-04-15,1000000.00,4.672596,93.23046875
08:00:33,912810TX6,TSRYS5743665,D,S,T,2024-04-15,1000000.00,4.671313,93.25
08:00:33,912810TX6,TSRYS5743665,D,S,T,2024-04-15,1000000.00,4.65595,93.484375
08:00:33,912810TX6,TSRYS5743665,D,S,T,2024-04-15,1000000.00,4.659018,93.4375
08:00:33,912810TX6,TSRYS5743665,D,S,T,2024-04-15,1000000.00,4.65595,93.484375
08:00:33,912810TX6,TSRYS5743665,D,S,T,2024-04-15,1000000.00,4.653906,93.515625
08:00:33,912810TX6,TSRYS5743665,D,S,D,2024-04-15,1000000.00,4.672083,93.23828125
08:00:33,912810TX6,TSRYS5743665,D,S,D,2024-04-15,2000000.00,4.671569,93.24609375
08:00:33,912810TX6,TSRYS5743665,D,S,D,2024-04-15,1000000.00,4.6708,93.2578125
08:00:33,912810TX6,TSRYS5743665,D,S,D,2024-04-15,2000000.00,4.669005,93.28515625
08:00:33,912810TX6,TSRYS5743665,D,S,D,2024-04-15,1000000.00,4.671569,93.24609375
08:00:33,912810TX6,TSRYS5743665,D,S,D,2024-04-15,2000000.00,4.671569,93.24609375
08:00:33,912810TX6,TSRYS5743665,D,S,D,2024-04-15,1000000.00,4.670287,93.265625
08:00:33,912810TX6,TSRYS5743665,D,S,T,2024-04-15,1000000.00,4.659018,93.4375
08:00:33,912810TX6,TSRYS5743665,D,S,D,2024-04-15,1000000.00,4.670287,93.265625
08:00:33,912810TX6,TSRYS5743665,D,S,D,2024-04-15,2000000.00,4.668236,93.296875
08:00:33,912810TX6,TSRYS5743665,D,B,A,2024-04-15,1000000.00,4.639624,93.734375
08:00:33,912810TX6,TSRYS5743665,D,S,T,2024-04-15,1000000.00,4.661065,93.40625
08:00:33,912810TX6,TSRYS5743665,D,S,T,2024-04-15,1000000.00,4.660809,93.41015625
08:00:33,912810TX6,TSRYS5743665,D,S,T,2024-04-15,1000000.00,4.659018,93.4375
08:00:33,912810TX6,TSRYS5743665,D,S,A,2024-04-15,4000000.00,4.654417,93.507813
08:00:33,912810TX6,TSRYS5743665,D,S,C,2024-04-15,27000.00,4.670261,93.28454351852
08:00:33,912810TX6,TSRYS5743665,D,S,T,2024-04-15,1000000.00,4.658507,93.4453125
08:00:37,912810TX6,TSRYS5743665,D,S,D,2024-04-15,2000000.00,4.668236,93.296875
08:00:37,912810TX6,TSRYS5743665,D,S,D,2024-04-15,1000000.00,4.668236,93.296875
08:00:37,912810TX6,TSRYS5743665,D,S,D,2024-04-15,1000000.00,4.668236,93.296875
08:00:37,912810TX6,TSRYS5743665,D,S,D,2024-04-15,1000000.00,4.668236,93.296875
08:00:37,912810TX6,TSRYS5743665,D,S,D,2024-04-15,1000000.00,4.667467,93.30859375
08:00:37,912810TX6,TSRYS5743665,D,S,D,2024-04-15,2000000.00,4.670544,93.26171875
08:00:37,912810TX6,TSRYS5743665,D,S,T,2024-04-15,1000000.00,4.657612,93.45898438
08:00:37,912810TX6,TSRYS5743665,D,S,D,2024-04-15,1000000.00,4.671569,93.24609375
08:00:37,912810TX6,TSRYS5743665,D,S,D,2024-04-15,1000000.00,4.673365,93.21875
08:00:37,912810TX6,TSRYS5743665,D,S,D,2024-04-15,1000000.00,4.676446,93.171875
08:00:37,912810TX6,TSRYS5743665,D,S,D,2024-04-15,1000000.00,4.676446,93.171875
08:00:37,912810TX6,TSRYS5743665,D,S,D,2024-04-15,1000000.00,4.676446,93.171875
08:00:37,912810TX6,TSRYS5743665,D,S,D,2024-04-15,1000000.00,4.675162,93.19140625
08:00:37,912810TX6,TSRYS5743665,D,S,D,2024-04-15,1000000.00,4.674392,93.203125
08:00:37,912810TX6,TSRYS5743665,D,S,D,2024-04-15,1000000.00,4.672339,93.234375
08:00:37,912810TX6,TSRYS5743665,D,S,T,2024-04-15,1000000.00,4.653906,93.515625
08:00:37,912810TX6,TSRYS5743665,D,S,T,2024-04-15,1000000.00,4.660042,93.421875
08:00:37,912810TX6,TSRYS5743665,D,S,T,2024-04-15,2000000.00,4.660042,93.421875
08:00:37,912810TX6,TSRYS5743665,D,S,T,2024-04-15,1000000.00,4.661833,93.39453125
08:00:37,912810TX6,TSRYS5743665,D,S,T,2024-04-15,1000000.00,4.660042,93.421875
08:00:37,912810TX6,TSRYS5743665,D,S,D,2024-04-15,1000000.00,4.658251,93.44921875
08:00:37,912810TX6,TSRYS5743665,D,S,T,2024-04-15,1000000.00,4.656973,93.46875
08:00:37,912810TX6,TSRYS5743665,D,B,A,2024-04-15,5000000.00,4.652629,93.53515625
08:00:37,912810TX6,TSRYS5743665,D,S,A,2024-04-15,3000000.00,4.637843,93.76171875
08:00:37,912810TX6,TSRYS5743665,D,S,A,2024-04-15,21000.00,4.638861,93.74609375
08:00:37,912810TX6,TSRYS5743665,D,S,T,2024-04-15,1000000.00,4.642681,93.6875
08:00:37,912810TX6,TSRYS5743665,D,S,T,2024-04-15,1000000.00,4.642681,93.6875
08:00:37,912810TX6,TSRYS5743665,D,S,T,2024-04-15,1000000.00,4.642681,93.6875
08:00:37,912810TX6,TSRYS5743665,D,S,T,2024-04-15,1000000.00,4.642681,93.6875
08:00:37,912810TX6,TSRYS5743665,D,S,A,2024-04-15,2000000.00,4.64778,93.609375
08:00:37,912810TX6,TSRYS5743665,D,B,A,2024-04-15,2000000.00,4.653906,93.515625
08:00:37,912810TX6,TSRYS5743665,D,S,A,2024-04-15,1000000.00,4.653395,93.5234375
08:00:37,912810TX6,TSRYS5743665,D,S,A,2024-04-15,2000000.00,4.651352,93.5546875
08:00:37,912810TX6,TSRYS5743665,D,B,A,2024-04-15,2000000.00,4.65595,93.484375
08:00:37,912810TX6,TSRYS5743665,D,S,A,2024-04-15,20000000.00,4.656717,93.47265625
08:00:37,912810TX6,TSRYS5743665,D,S,A,2024-04-15,2000000.00,4.658507,93.4453125
08:00:37,912810TX6,TSRYS5743665,D,B,A,2024-04-15,5000000.00,4.657229,93.46484375
08:00:37,912810TX6,TSRYS5743665,D,S,A,2024-04-15,5000000.00,4.655439,93.4921875
08:00:37,912810TX6,TSRYS5743665,D,S,A,2024-04-15,20000000.00,4.661321,93.40234375
08:00:37,912810TX6,TSRYS5743665,D,S,T,2024-04-15,1000000.00,4.656973,93.46875
08:00:37,912810TX6,TSRYS5743665,D,B,A,2024-04-15,3000000.00,4.65774,93.45703125
08:00:37,912810TX6,TSRYS5743665,D,S,A,2024-04-15,3000000.00,4.665161,93.34375
08:00:37,912810TX6,TSRYS5743665,D,B,A,2024-04-15,4000000.00,4.651608,93.55078125
08:00:37,912810TX6,TSRYS5743665,D,S,D,2024-04-15,2000000.00,4.65595,93.484375
08:00:37,912810TX6,TSRYS5743665,D,S,D,2024-04-15,1000000.00,4.65595,93.484375
08:00:37,912810TX6,TSRYS5743665,D,S,D,2024-04-15,1000000.00,4.65595,93.484375
08:00:37,912810TX6,TSRYS5743665,D,B,A,2024-04-15,164000.00,4.656462,93.4765625
08:00:37,912810TX6,TSRYS5743665,D,S,D,2024-04-15,1000000.00,4.656973,93.46875
08:00:37,912810TX6,TSRYS5743665,D,S,D,2024-04-15,1000000.00,4.657996,93.453125
08:00:37,912810TX6,TSRYS5743665,D,S,D,2024-04-15,1000000.00,4.657996,93.453125
08:00:37,912810TX6,TSRYS5743665,D,S,D,2024-04-15,1000000.00,4.657996,93.453125
08:00:37,912810TX6,TSRYS5743665,D,S,A,2024-04-15,4000000.00,4.663113,93.375
08:00:37,912810TX6,TSRYS5743665,D,S,A,2024-04-15,1000000.00,4.64931,93.5859375
08:00:37,912810TX6,TSRYS5743665,D,S,A,2024-04-15,10000000.00,4.650587,93.56640625
08:00:37,912810TX6,TSRYS5743665,D,S,A,2024-04-15,10000000.00,4.654928,93.5
08:00:37,912810TX6,TSRYS5743665,D,B,A,2024-04-15,1000000.00,4.655184,93.49609375
08:00:37,912810TX6,TSRYS5743665,D,S,D,2024-04-15,5000000.00,4.65131,93.55533
08:00:37,912810TX6,TSRYS5743665,D,S,D,2024-04-15,1000000.00,4.650842,93.5625
08:00:37,912810TX6,TSRYS5743665,D,S,T,2024-04-15,1000000.00,4.650842,93.5625
08:00:37,912810TX6,TSRYS5743665,D,S,C,2024-04-15,1000000.00,4.654417,93.5078125
08:00:37,912810TX6,TSRYS5743665,D,S,A,2024-04-15,1000000.00,4.653395,93.5234375
08:00:37,912810TX6,TSRYS5743665,D,S,D,2024-04-15,1000000.00,4.65595,93.484375
08:00:37,912810TX6,TSRYS5743665,D,S,D,2024-04-15,1000000.00,4.65595,93.484375
08:00:37,912810TX6,TSRYS5743665,D,S,C,2024-04-15,11000000.00,4.658507,93.4453125
08:00:38,912810TX6,TSRYS5743665,D,B,A,2024-04-15,6000000.00,4.658251,93.44921875
08:00:38,912810TX6,TSRYS5743665,D,S,D,2024-04-15,3000000.00,4.663113,93.375
08:00:38,912810TX6,TSRYS5743665,D,S,D,2024-04-15,2000000.00,4.663113,93.375
08:00:38,912810TX6,TSRYS5743665,D,S,C,2024-04-15,9000000.00,4.665546,93.337890625
08:00:38,912810TX6,TSRYS5743665,D,B,C,2024-04-15,16385000.00,4.662857,93.37890625
08:00:38,912810TX6,TSRYS5743665,D,S,A,2024-04-15,1000000.00,4.660553,93.4140625
08:00:38,912810TX6,TSRYS5743665,D,S,D,2024-04-15,26000000.00,4.657767,93.45661
08:00:38,912810TX6,TSRYS5743665,D,S,T,2024-04-15,1000000.00,4.659018,93.4375
08:00:38,912810TX6,TSRYS5743665,D,S,T,2024-04-15,1000000.00,4.666186,93.328125
08:00:38,912810TX6,TSRYS5743665,D,S,A,2024-04-15,131100.00,4.664649,93.3515625
08:00:38,912810TX6,TSRYS5743665,D,S,T,2024-04-15,1000000.00,4.673109,93.22265625
08:00:38,912810TX6,TSRYS5743665,D,S,T,2024-04-15,1000000.00,4.672083,93.23828125
08:00:38,912810TX6,TSRYS5743665,D,S,T,2024-04-15,1000000.00,4.670928,93.255859375
08:00:38,912810TX6,TSRYS5743665,D,S,D,2024-04-15,43000000.00,4.627161,93.92565
08:00:38,912810TX6,TSRYS5743665,D,B,C,2024-04-15,18000000.00,4.662075,93.39084
08:00:38,912810TX6,TSRYS5743665,D,S,T,2024-04-15,1000000.00,4.671185,93.251953125
08:00:38,912810TX6,TSRYS5743665,D,S,D,2024-04-15,3000000.00,4.671313,93.25
08:00:38,912810TX6,TSRYS5743665,D,S,D,2024-04-15,1000000.00,4.671313,93.25
08:00:38,912810TX6,TSRYS5743665,D,S,D,2024-04-15,3000000.00,4.671313,93.25
08:00:38,912810TX6,TSRYS5743665,D,S,D,2024-04-15,2000000.00,4.671313,93.25
08:00:38,912810TX6,TSRYS5743665,D,S,D,2024-04-15,2000000.00,4.671313,93.25
08:00:38,912810TX6,TSRYS5743665,D,S,D,2024-04-15,1000000.00,4.671313,93.25
08:00:38,912810TX6,TSRYS5743665,D,S,D,2024-04-15,8000000.00,4.668772,93.2887
08:00:38,912810TX6,TSRYS5743665,D,S,D,2024-04-15,1000000.00,4.672339,93.234375
08:00:38,912810TX6,TSRYS5743665,D,S,D,2024-04-15,1000000.00,4.672339,93.234375
08:00:38,912810TX6,TSRYS5743665,D,S,D,2024-04-15,1000000.00,4.672339,93.234375
08:00:38,912810TX6,TSRYS5743665,D,S,D,2024-04-15,1000000.00,4.672339,93.234375
08:00:38,912810TX6,TSRYS5743665,D,S,D,2024-04-15,1000000.00,4.672339,93.234375
08:00:38,912810TX6,TSRYS5743665,D,S,D,2024-04-15,1000000.00,4.672339,93.234375
08:00:38,912810TX6,TSRYS5743665,D,S,D,2024-04-15,1000000.00,4.672339,93.234375
08:00:38,912810TX6,TSRYS5743665,D,S,D,2024-04-15,1000000.00,4.672339,93.234375
08:00:38,912810TX6,TSRYS5743665,D,S,D,2024-04-15,1000000.00,4.672339,93.234375
08:00:38,912810TX6,TSRYS5743665,D,S,D,2024-04-15,1000000.00,4.672339,93.234375
08:00:38,912810TX6,TSRYS5743665,D,S,D,2024-04-15,1000000.00,4.672468,93.2324104532
08:00:38,912810TX6,TSRYS5743665,D,S,D,2024-04-15,1000000.00,4.672339,93.234375
08:00:38,912810TX6,TSRYS5743665,D,S,T,2024-04-15,1000000.00,4.671441,93.248046875
08:00:38,912810TX6,TSRYS5743665,D,S,D,2024-04-15,1000000.00,4.673365,93.21875
08:00:38,912810TX6,TSRYS5743665,D,S,D,2024-04-15,1000000.00,4.671313,93.25
08:00:38,912810TX6,TSRYS5743665,D,S,D,2024-04-15,1000000.00,4.672339,93.234375
08:00:38,912810TX6,TSRYS5743665,D,S,D,2024-04-15,1000000.00,4.674392,93.203125
08:00:38,912810TX6,TSRYS5743665,D,S,T,2024-04-15,1000000.00,4.666186,93.328125
08:00:38,912810TX6,TSRYS5743665,D,S,D,2024-04-15,1000000.00,4.672339,93.234375
08:00:38,912810TX6,TSRYS5743665,D,S,D,2024-04-15,1000000.00,4.672339,93.234375
08:00:38,912810TX6,TSRYS5743665,D,S,D,2024-04-15,1000000.00,4.672339,93.234375
08:00:38,912810TX6,TSRYS5743665,D,S,T,2024-04-15,1000000.00,4.666186,93.328125
08:00:38,912810TX6,TSRYS5743665,D,S,T,2024-04-15,2000000.00,4.658763,93.44140625
08:00:39,912810TX6,TSRYS5743665,D,S,A,2024-04-15,2500000.00,4.657484,93.460938
08:00:39,912810TX6,TSRYS5743665,D,S,T,2024-04-15,1000000.00,4.650842,93.5625
08:00:40,912810TX6,TSRYS5743665,D,S,C,2024-04-15,2500000.00,4.636061,93.7890625
08:00:40,912810TX6,TSRYS5743665,D,S,T,2024-04-15,1000000.00,4.660042,93.421875
08:00:41,912810TX6,TSRYS5743665,D,S,C,2024-04-15,1000000.00,4.651368,93.5546875
08:00:41,912810TX6,TSRYS5743665,D,S,T,2024-04-15,1000000.00,4.660042,93.421875
08:00:41,912810TX6,TSRYS5743665,D,S,T,2024-04-15,1000000.00,4.669774,93.2734375
08:00:41,912810TX6,TSRYS5743665,D,S,T,2024-04-15,1000000.00,4.669646,93.275390625
08:00:41,912810TX6,TSRYS5743665,D,S,T,2024-04-15,1000000.00,4.669518,93.27734375
08:00:41,912810TX6,TSRYS5743665,D,S,T,2024-04-15,1000000.00,4.66939,93.279296875
08:00:41,912810TX6,TSRYS5743665,D,S,T,2024-04-15,1000000.00,4.669261,93.28125
08:00:41,912810TX6,TSRYS5743665,D,S,C,2024-04-15,500000.00,4.652134,93.54296875
08:00:41,912810TX6,TSRYS5743665,D,S,T,2024-04-15,1000000.00,4.646759,93.625
08:00:41,912810TX6,TSRYS5743665,D,S,T,2024-04-15,1000000.00,4.647142,93.619140625
08:00:41,912810TX6,TSRYS5743665,D,S,T,2024-04-15,1000000.00,4.638097,93.7578125
08:00:41,912810TX6,TSRYS5743665,D,S,T,2024-04-15,1000000.00,4.638097,93.7578125
08:00:41,912810TX6,TSRYS5743665,D,S,T,2024-04-15,1000000.00,4.639243,93.740234375
08:00:41,912810TX6,TSRYS5743665,D,S,T,2024-04-15,1000000.00,4.639243,93.740234375
08:00:41,912810TX6,TSRYS5743665,D,S,T,2024-04-15,1000000.00,4.6437,93.671875
08:00:41,912810TX6,TSRYS5743665,D,S,T,2024-04-15,1000000.00,4.639624,93.734375
08:00:41,912810TX6,TSRYS5743665,D,S,T,2024-04-15,1000000.00,4.639624,93.734375
08:00:41,912810TX6,TSRYS5743665,D,S,T,2024-04-15,1000000.00,4.652885,93.53125
08:00:41,912810TX6,TSRYS5743665,D,S,T,2024-04-15,1000000.00,4.656973,93.46875
08:00:41,912810TX6,TSRYS5743665,D,S,T,2024-04-15,1000000.00,4.656973,93.46875
08:00:41,912810TX6,TSRYS5743665,D,S,T,2024-04-15,1000000.00,4.657996,93.453125
08:00:41,912810TX6,TSRYS5743665,D,S,T,2024-04-15,1000000.00,4.657996,93.453125
08:00:41,912810TX6,TSRYS5743665,D,S,T,2024-04-15,1000000.00,4.656973,93.46875
08:00:41,912810TX6,TSRYS5743665,D,S,D,2024-04-15,1000000.00,4.650842,93.5625
08:00:41,912810TX6,TSRYS5743665,D,S,T,2024-04-15,1000000.00,4.650842,93.5625
08:00:41,912810TX6,TSRYS5743665,D,S,T,2024-04-15,1000000.00,4.656973,93.46875
08:00:41,912810TX6,TSRYS5743665,D,S,T,2024-04-15,1000000.00,4.661065,93.40625
08:00:41,912810TX6,TSRYS5743665,D,S,T,2024-04-15,1000000.00,4.660042,93.421875
08:00:41,912810TX6,TSRYS5743665,D,S,D,2024-04-15,500000.00,4.638326,93.75430625
08:00:41,912810TX6,TSRYS5743665,D,S,T,2024-04-15,1000000.00,4.660042,93.421875
08:00:41,912810TX6,TSRYS5743665,D,S,A,2024-04-15,5000000.00,4.636825,93.77734375
08:00:41,912810TX6,TSRYS5743665,D,S,T,2024-04-15,1000000.00,4.659018,93.4375
08:00:41,912810TX6,TSRYS5743665,D,S,D,2024-04-15,1500000.00,4.637588,93.765625
08:00:41,912810TX6,TSRYS5743665,D,S,T,2024-04-15,1000000.00,4.663113,93.375
08:00:41,912810TX6,TSRYS5743665,D,S,T,2024-04-15,1000000.00,4.656973,93.46875
08:00:41,912810TX6,TSRYS5743665,D,S,T,2024-04-15,1000000.00,4.656973,93.46875
08:00:41,912810TX6,TSRYS5743665,D,S,T,2024-04-15,1000000.00,4.654928,93.5
08:00:42,912810TX6,TSRYS5743665,D,S,T,2024-04-15,1000000.00,4.650842,93.5625
08:00:42,912810TX6,TSRYS5743665,D,S,T,2024-04-15,1000000.00,4.64931,93.5859375
08:00:42,912810TX6,TSRYS5743665,D,S,T,2024-04-15,1000000.00,4.662089,93.390625
08:00:42,912810TX6,TSRYS5743665,D,S,T,2024-04-15,1000000.00,4.65595,93.484375
08:00:42,912810TX6,TSRYS5743665,D,S,T,2024-04-15,1000000.00,4.65595,93.484375
08:00:42,912810TX6,TSRYS5743665,D,B,A,2024-04-15,3000000.00,4.638861,93.74609375
08:00:42,912810TX6,TSRYS5743665,D,S,T,2024-04-15,1000000.00,4.657996,93.453125
08:00:42,912810TX6,TSRYS5743665,D,S,T,2024-04-15,1000000.00,4.656973,93.46875
08:00:42,912810TX6,TSRYS5743665,D,S,T,2024-04-15,1000000.00,4.657996,93.453125
08:00:42,912810TX6,TSRYS5743665,D,S,T,2024-04-15,1000000.00,4.657996,93.453125
08:00:42,912810TX6,TSRYS5743665,D,S,T,2024-04-15,1000000.00,4.645102,93.650390625
08:00:42,912810TX6,TSRYS5743665,D,S,T,2024-04-15,1000000.00,4.663113,93.375
08:00:42,912810TX6,TSRYS5743665,D,S,T,2024-04-15,1000000.00,4.645229,93.6484375
08:00:42,912810TX6,TSRYS5743665,D,S,T,2024-04-15,1000000.00,4.662345,93.38671875
08:00:42,912810TX6,TSRYS5743665,D,S,T,2024-04-15,1000000.00,4.662217,93.388671875
08:00:42,912810TX6,TSRYS5743665,D,S,T,2024-04-15,1000000.00,4.645229,93.6484375
08:00:42,912810TX6,TSRYS5743665,D,S,T,2024-04-15,1000000.00,4.65953,93.4296875
08:00:42,912810TX6,TSRYS5743665,D,S,T,2024-04-15,1000000.00,4.659018,93.4375
08:00:42,912810TX6,TSRYS5743665,D,S,T,2024-04-15,1000000.00,4.659274,93.43359375
08:00:42,912810TX6,TSRYS5743665,D,S,T,2024-04-15,1000000.00,4.658763,93.44140625
08:00:42,912810TX6,TSRYS5743665,D,S,C,2024-04-15,1500000.00,4.637588,93.765625
08:00:42,912810TX6,TSRYS5743665,D,S,T,2024-04-15,1000000.00,4.648035,93.60546875
08:00:42,912810TX6,TSRYS5743665,D,S,T,2024-04-15,1000000.00,4.661065,93.40625
08:00:42,912810TX6,TSRYS5743665,D,S,T,2024-04-15,1000000.00,4.648035,93.60546875
08:00:42,912810TX6,TSRYS5743665,D,S,T,2024-04-15,1000000.00,4.64778,93.609375
08:00:42,912810TX6,TSRYS5743665,D,S,T,2024-04-15,1000000.00,4.648035,93.60546875
08:00:42,912810TX6,TSRYS5743665,D,S,T,2024-04-15,1000000.00,4.653906,93.515625
08:00:42,912810TX6,TSRYS5743665,D,S,T,2024-04-15,1000000.00,4.647907,93.607421875
08:00:42,912810TX6,TSRYS5743665,D,S,C,2024-04-15,200000.00,4.642456,93.69140625
08:00:42,912810TX6,TSRYS5743665,D,S,T,2024-04-15,1000000.00,4.667595,93.306640625
08:00:42,912810TX6,TSRYS5743665,D,S,T,2024-04-15,1000000.00,4.669774,93.2734375
08:00:42,912810TX6,TSRYS5743665,D,S,D,2024-04-15,1000000.00,4.672852,93.2265625
08:00:42,912810TX6,TSRYS5743665,D,S,T,2024-04-15,1000000.00,4.669774,93.2734375
08:00:42,912810TX6,TSRYS5743665,D,S,T,2024-04-15,1000000.00,4.669261,93.28125
08:00:42,912810TX6,TSRYS5743665,D,S,T,2024-04-15,1000000.00,4.667211,93.3125
08:00:42,912810TX6,TSRYS5743665,D,S,D,2024-04-15,1000000.00,4.660042,93.421875
08:00:42,912810TX6,TSRYS5743665,D,S,T,2024-04-15,1000000.00,4.671569,93.24609375
08:00:42,912810TX6,TSRYS5743665,D,S,D,2024-04-15,200000.00,4.642456,93.69140625
08:00:42,912810TX6,TSRYS5743665,D,S,C,2024-04-15,11000000.00,4.657982,93.453325
08:00:42,912810TX6,TSRYS5743665,D,S,D,2024-04-15,1000000.00,4.659018,93.4375
08:00:43,912810TX6,TSRYS5743665,D,S,D,2024-04-15,17000000.00,4.662498,93.384375
08:00:43,912810TX6,TSRYS5743665,D,S,C,2024-04-15,6250000.00,4.66593,93.33203125
08:00:43,912810TX6,TSRYS5743665,D,S,T,2024-04-15,1000000.00,4.660042,93.421875
08:00:43,912810TX6,TSRYS5743665,D,S,T,2024-04-15,1000000.00,4.649828,93.578023
08:00:43,912810TX6,TSRYS5743665,D,S,T,2024-04-15,1000000.00,4.649828,93.578023
08:00:43,912810TX6,TSRYS5743665,D,S,T,2024-04-15,1000000.00,4.660042,93.421875
08:00:43,912810TX6,TSRYS5743665,D,S,T,2024-04-15,1000000.00,4.652118,93.54296875
08:00:43,912810TX6,TSRYS5743665,D,S,T,2024-04-15,1000000.00,4.651863,93.546875
08:00:43,912810TX6,TSRYS5743665,D,S,T,2024-04-15,1000000.00,4.651991,93.544921875
08:00:43,912810TX6,TSRYS5743665,D,S,T,2024-04-15,1000000.00,4.651991,93.544921875
08:00:43,912810TX6,TSRYS5743665,D,S,T,2024-04-15,1000000.00,4.652118,93.54296875
08:00:43,912810TX6,TSRYS5743665,D,S,C,2024-04-15,11000000.00,4.656449,93.4767625
08:00:43,912810TX6,TSRYS5743665,D,B,C,2024-04-15,2500000.00,4.656973,93.46875
08:00:43,912810TX6,TSRYS5743665,D,S,D,2024-04-15,2500000.00,4.656973,93.46875
08:00:43,912810TX6,TSRYS5743665,D,S,D,2024-04-15,2000000.00,4.663369,93.37109375
08:00:43,912810TX6,TSRYS5743665,D,S,T,2024-04-15,1000000.00,4.666186,93.328125
08:00:43,912810TX6,TSRYS5743665,D,S,T,2024-04-15,1000000.00,4.65314,93.52734375
08:00:43,912810TX6,TSRYS5743665,D,S,T,2024-04-15,1000000.00,4.65314,93.52734375
08:00:43,912810TX6,TSRYS5743665,D,S,D,2024-04-15,1000000.00,4.661321,93.40234375
08:00:44,912810TX6,TSRYS5743665,D,S,T,2024-04-15,1000000.00,4.660042,93.421875
08:00:44,912810TX6,TSRYS5743665,D,S,T,2024-04-15,1000000.00,4.660042,93.421875
08:00:44,912810TX6,TSRYS5743665,D,S,T,2024-04-15,2000000.00,4.660042,93.421875
08:00:44,912810TX6,TSRYS5743665,D,S,D,2024-04-15,1000000.00,4.656973,93.46875
08:00:44,912810TX6,TSRYS5743665,D,S,D,2024-04-15,1000000.00,4.656206,93.48046875
08:00:44,912810TX6,TSRYS5743665,D,B,A,2024-04-15,10000000.00,4.651352,93.5546875
08:00:44,912810TX6,TSRYS5743665,D,S,C,2024-04-15,2000000.00,4.666685,93.3205125
08:00:44,912810TX6,TSRYS5743665,D,S,T,2024-04-15,1000000.00,4.654034,93.513671875
08:00:44,912810TX6,TSRYS5743665,D,B,A,2024-04-15,3000000.00,4.665417,93.33984375
08:00:44,912810TX6,TSRYS5743665,D,S,T,2024-04-15,1000000.00,4.666186,93.328125
08:00:44,912810TX6,TSRYS5743665,D,S,D,2024-04-15,1000000.00,4.664393,93.35546875
08:00:44,912810TX6,TSRYS5743665,D,S,D,2024-04-15,1000000.00,4.664649,93.3515625
08:00:44,912810TX6,TSRYS5743665,D,B,A,2024-04-15,20000000.00,4.652885,93.53125
08:00:44,912810TX6,TSRYS5743665,D,S,T,2024-04-15,2000000.00,4.652757,93.533203125
08:00:44,912810TX6,TSRYS5743665,D,S,T,2024-04-15,1000000.00,4.652885,93.53125
08:00:44,912810TX6,TSRYS5743665,D,S,T,2024-04-15,1000000.00,4.65314,93.52734375
08:00:44,912810TX6,TSRYS5743665,D,S,T,2024-04-15,1000000.00,4.652885,93.53125
08:00:44,912810TX6,TSRYS5743665,D,S,T,2024-04-15,1000000.00,4.65314,93.52734375
08:00:44,912810TX6,TSRYS5743665,D,S,D,2024-04-15,16000000.00,4.673077,93.223144531
08:00:44,912810TX6,TSRYS5743665,D,S,T,2024-04-15,1000000.00,4.65314,93.52734375
08:00:44,912810TX6,TSRYS5743665,D,S,T,2024-04-15,1000000.00,4.65314,93.52734375
08:00:44,912810TX6,TSRYS5743665,D,S,T,2024-04-15,1000000.00,4.65314,93.52734375
08:00:44,912810TX6,TSRYS5743665,D,S,T,2024-04-15,1000000.00,4.652891,93.531148
08:00:44,912810TX6,TSRYS5743665,D,S,T,2024-04-15,1000000.00,4.652891,93.531148
08:00:44,912810TX6,TSRYS5743665,D,S,T,2024-04-15,1000000.00,4.652891,93.531148
08:00:44,912810TX6,TSRYS5743665,D,S,T,2024-04-15,1000000.00,4.652891,93.531148
08:00:44,912810TX6,TSRYS5743665,D,S,T,2024-04-15,1000000.00,4.652891,93.531148
08:00:44,912810TX6,TSRYS5743665,D,S,T,2024-04-15,1000000.00,4.652891,93.531148
08:00:44,912810TX6,TSRYS5743665,D,S,T,2024-04-15,1000000.00,4.652891,93.531148
08:00:44,912810TX6,TSRYS5743665,D,S,T,2024-04-15,1000000.00,4.652891,93.531148
08:00:44,912810TX6,TSRYS5743665,D,S,T,2024-04-15,1000000.00,4.652891,93.531148
08:00:44,912810TX6,TSRYS5743665,D,S,D,2024-04-15,1000000.00,4.656973,93.46875
08:00:45,912810TX6,TSRYS5743665,D,S,T,2024-04-15,2000000.00,4.65774,93.45703125
08:00:45,912810TX6,TSRYS5743665,D,S,D,2024-04-15,1000000.00,4.650587,93.56640625
08:00:45,912810TX6,TSRYS5743665,D,S,C,2024-04-15,12500000.00,4.669774,93.2734375
08:00:45,912810TX6,TSRYS5743665,D,S,T,2024-04-15,1000000.00,4.660042,93.421875
08:00:45,912810TX6,TSRYS5743665,D,S,T,2024-04-15,1000000.00,4.660042,93.421875
08:00:46,912810TX6,TSRYS5743665,D,S,A,2024-04-15,3000000.00,4.653651,93.51953125
08:00:46,912810TX6,TSRYS5743665,D,S,T,2024-04-15,1000000.00,4.660042,93.421875
08:00:46,912810TX6,TSRYS5743665,D,B,A,2024-04-15,16000000.00,4.64778,93.609375
08:00:46,912810TX6,TSRYS5743665,D,S,C,2024-04-15,20300000.00,4.670544,93.26171875
08:00:46,912810TX6,TSRYS5743665,D,S,T,2024-04-15,1000000.00,4.659018,93.4375
08:00:46,912810TX6,TSRYS5743665,D,S,T,2024-04-15,1000000.00,4.669261,93.28125
08:00:46,912810TX6,TSRYS5743665,D,S,D,2024-04-15,1000000.00,4.659274,93.43359375
08:00:47,912810TX6,TSRYS5743665,D,S,T,2024-04-15,1000000.00,4.653906,93.515625
08:00:47,912810TX6,TSRYS5743665,D,S,T,2024-04-15,1000000.00,4.65595,93.484375
08:00:47,912810TX6,TSRYS5743665,D,S,D,2024-04-15,1000000.00,4.65774,93.45703125
08:00:47,912810TX6,TSRYS5743665,D,S,T,2024-04-15,1000000.00,4.656973,93.46875
08:00:47,912810TX6,TSRYS5743665,D,S,T,2024-04-15,1000000.00,4.660042,93.421875
08:00:48,912810TX6,TSRYS5743665,D,S,T,2024-04-15,1000000.00,4.670287,93.265625
08:00:48,912810TX6,TSRYS5743665,D,S,D,2024-04-15,1000000.00,4.667467,93.30859375
08:00:48,912810TX6,TSRYS5743665,D,S,T,2024-04-15,1000000.00,4.667595,93.306640625
08:00:48,912810TX6,TSRYS5743665,D,S,T,2024-04-15,1000000.00,4.660042,93.421875
08:00:48,912810TX6,TSRYS5743665,D,S,A,2024-04-15,3000.00,4.654673,93.50390625
08:00:49,912810TX6,TSRYS5743665,D,S,T,2024-04-15,1000000.00,4.650842,93.5625
08:00:49,912810TX6,TSRYS5743665,D,S,D,2024-04-15,1000000.00,4.671313,93.25
08:00:49,912810TX6,TSRYS5743665,D,S,T,2024-04-15,1000000.00,4.666186,93.328125
08:00:50,912810TX6,TSRYS5743665,D,S,D,2024-04-15,1000000.00,4.674649,93.19921875
08:00:50,912810TX6,TSRYS5743665,D,S,D,2024-04-15,1000000.00,4.672339,93.234375
08:00:50,912810TX6,TSRYS5743665,D,S,C,2024-04-15,900000.00,4.672596,93.23046875
08:00:50,912810TX6,TSRYS5743665,D,S,T,2024-04-15,3000000.00,4.670415,93.263671875
08:00:50,912810TX6,TSRYS5743665,D,S,D,2024-04-15,1000000.00,4.672596,93.23046875
08:00:50,912810TX6,TSRYS5743665,D,S,D,2024-04-15,1000000.00,4.670415,93.263671875
08:00:50,912810TX6,TSRYS5743665,D,B,C,2024-04-15,1500000.00,4.670031,93.26953125
08:00:50,912810TX6,TSRYS5743665,D,S,A,2024-04-15,9000.00,4.673382,93.21875
08:00:50,912810TX6,TSRYS5743665,D,S,D,2024-04-15,1000000.00,4.672467,93.232421875
08:00:50,912810TX6,TSRYS5743665,D,S,D,2024-04-15,16000000.00,4.657038,93.46775
08:00:50,912810TX6,TSRYS5743665,D,S,T,2024-04-15,1000000.00,4.668236,93.296875
08:00:50,912810TX6,TSRYS5743665,D,B,C,2024-04-15,16000000.00,4.667237,93.3121
08:00:51,912810TX6,TSRYS5743665,D,S,D,2024-04-15,2500000.00,4.636061,93.7890625
08:00:51,912810TX6,TSRYS5743665,D,S,D,2024-04-15,13000000.00,4.641407,93.70703125
08:00:51,912810TX6,TSRYS5743665,D,S,T,2024-04-15,1000000.00,4.666186,93.328125
08:00:52,912810TX6,TSRYS5743665,D,S,T,2024-04-15,1000000.00,4.671313,93.25
08:00:52,912810TX6,TSRYS5743665,D,S,A,2024-04-15,1000000.00,4.670848,93.2578125
08:00:52,912810TX6,TSRYS5743665,D,S,D,2024-04-15,1000000.00,4.65314,93.52734375
08:00:52,912810TX6,TSRYS5743665,D,S,D,2024-04-15,1000000.00,4.659274,93.43359375
08:00:53,912810TX6,TSRYS5743665,D,S,T,2024-04-15,1000000.00,4.666186,93.328125
08:00:53,912810TX6,TSRYS5743665,D,S,T,2024-04-15,1000000.00,4.661833,93.39453125
08:00:53,912810TX6,TSRYS5743665,D,S,T,2024-04-15,1000000.00,4.659018,93.4375
08:00:53,912810TX6,TSRYS5743665,D,S,D,2024-04-15,1000000.00,4.662601,93.3828125
08:00:53,912810TX6,TSRYS5743665,D,S,D,2024-04-15,1000000.00,4.663113,93.375
08:00:53,912810TX6,TSRYS5743665,D,S,D,2024-04-15,1000000.00,4.661577,93.3984375
08:00:53,912810TX6,TSRYS5743665,D,S,T,2024-04-15,1000000.00,4.660042,93.421875
08:00:53,912810TX6,TSRYS5743665,D,S,T,2024-04-15,1000000.00,4.660042,93.421875
08:00:53,912810TX6,TSRYS5743665,D,S,T,2024-04-15,1000000.00,4.656973,93.46875
08:00:53,912810TX6,TSRYS5743665,D,S,T,2024-04-15,1000000.00,4.666186,93.328125
08:00:53,912810TX6,TSRYS5743665,D,B,C,2024-04-15,2500000.00,4.65314,93.52734375
08:00:53,912810TX6,TSRYS5743665,D,S,D,2024-04-15,6250000.00,4.66593,93.33203125
08:00:54,912810TX6,TSRYS5743665,D,S,A,2024-04-15,2000000.00,4.652374,93.5390625
08:00:54,912810TX6,TSRYS5743665,D,B,A,2024-04-15,2000000.00,4.656973,93.46875
08:00:54,912810TX6,TSRYS5743665,D,S,D,2024-04-15,1000000.00,4.656462,93.4765625
08:00:54,912810TX6,TSRYS5743665,D,S,A,2024-04-15,10000000.00,4.654915,93.5002
08:00:54,912810TX6,TSRYS5743665,D,S,D,2024-04-15,3000000.00,4.660042,93.421875
08:00:54,912810TX6,TSRYS5743665,D,S,A,2024-04-15,10000000.00,4.654149,93.51191875
08:00:54,912810TX6,TSRYS5743665,D,S,D,2024-04-15,1000000.00,4.652118,93.54296875
08:00:55,912810TX6,TSRYS5743665,D,S,T,2024-04-15,1000000.00,4.666186,93.328125
08:00:55,912810TX6,TSRYS5743665,D,S,D,2024-04-15,1000000.00,4.654162,93.51171875
08:00:55,912810TX6,TSRYS5743665,D,S,A,2024-04-15,3000000.00,4.651608,93.55078125
08:00:55,912810TX6,TSRYS5743665,D,S,D,2024-04-15,7000000.00,4.651182,93.557291667
08:00:55,912810TX6,TSRYS5743665,D,S,T,2024-04-15,1000000.00,4.659018,93.4375
08:00:56,912810TX6,TSRYS5743665,D,S,A,2024-04-15,2000000.00,4.661833,93.39453125
08:00:56,912810TX6,TSRYS5743665,D,S,D,2024-04-15,2000000.00,4.659274,93.43359375
08:00:56,912810TX6,TSRYS5743665,D,S,T,2024-04-15,1000000.00,4.65595,93.484375
08:00:56,912810TX6,TSRYS5743665,D,S,T,2024-04-15,1000000.00,4.65595,93.484375
08:00:57,912810TX6,TSRYS5743665,D,S,C,2024-04-15,11000000.00,4.656704,93.47285625
08:00:57,912810TX6,TSRYS5743665,D,S,T,2024-04-15,1000000.00,4.658763,93.44140625
08:00:57,912810TX6,TSRYS5743665,D,S,T,2024-04-15,1000000.00,4.660042,93.421875
08:00:57,912810TX6,TSRYS5743665,D,S,T,2024-04-15,1000000.00,4.666826,93.318359375
08:00:57,912810TX6,TSRYS5743665,D,S,D,2024-04-15,1000000.00,4.66798,93.30078125
08:00:58,912810TX6,TSRYS5743665,D,S,A,2024-04-15,12500000.00,4.670031,93.26953125
08:00:58,912810TX6,TSRYS5743665,D,S,T,2024-04-15,1000000.00,4.669261,93.28125
08:00:59,912810TX6,TSRYS5743665,D,S,T,2024-04-15,1000000.00,4.665808,93.333884375
08:00:59,912810TX6,TSRYS5743665,D,S,T,2024-04-15,1000000.00,4.66914,93.283103125
08:00:59,912810TX6,TSRYS5743665,D,S,T,2024-04-15,1000000.00,4.672859,93.2264625
08:00:59,912810TX6,TSRYS5743665,D,S,T,2024-04-15,1000000.00,4.672602,93.23036875
08:00:59,912810TX6,TSRYS5743665,D,S,T,2024-04-15,1000000.00,4.672731,93.228415625
08:00:59,912810TX6,TSRYS5743665,D,S,T,2024-04-15,1000000.00,4.672596,93.23046875
08:00:59,912810TX6,TSRYS5743665,D,S,T,2024-04-15,1000000.00,4.670165,93.267478125
08:00:59,912810TX6,TSRYS5743665,D,S,T,2024-04-15,1000000.00,4.668236,93.296875
08:00:59,912810TX6,TSRYS5743665,D,S,T,2024-04-15,1000000.00,4.671569,93.24609375
08:00:59,912810TX6,TSRYS5743665,D,S,T,2024-04-15,1000000.00,4.673365,93.21875
08:00:59,912810TX6,TSRYS5743665,D,S,T,2024-04-15,1000000.00,4.671833,93.2420875
08:00:59,912810TX6,TSRYS5743665,D,S,A,2024-04-15,1000000.00,4.672339,93.234375
08:00:59,912810TX6,TSRYS5743665,D,S,T,2024-04-15,1000000.00,4.673115,93.22255625
08:00:59,912810TX6,TSRYS5743665,D,S,T,2024-04-15,1000000.00,4.671833,93.2420875
08:00:59,912810TX6,TSRYS5743665,D,S,T,2024-04-15,1000000.00,4.671961,93.240134375
08:00:59,912810TX6,TSRYS5743665,D,S,T,2024-04-15,1000000.00,4.671833,93.2420875
08:00:59,912810TX6,TSRYS5743665,D,S,T,2024-04-15,1000000.00,4.672346,93.234275
08:00:59,912810TX6,TSRYS5743665,D,S,T,2024-04-15,1000000.00,4.672346,93.234275
08:00:59,912810TX6,TSRYS5743665,D,S,T,2024-04-15,1000000.00,4.672346,93.234275
08:00:59,912810TX6,TSRYS5743665,D,S,T,2024-04-15,2000000.00,4.672859,93.2264625
08:00:59,912810TX6,TSRYS5743665,D,S,T,2024-04-15,1000000.00,4.672987,93.224509375
08:00:59,912810TX6,TSRYS5743665,D,S,T,2024-04-15,1000000.00,4.673372,93.21865
08:00:59,912810TX6,TSRYS5743665,D,S,T,2024-04-15,2000000.00,4.673757,93.212790625
08:00:59,912810TX6,TSRYS5743665,D,S,D,2024-04-15,1000000.00,4.675676,93.18359375
08:01:00,912810TX6,TSRYS5743665,D,S,D,2024-04-15,1000000.00,4.645229,93.6484375
08:01:00,912810TX6,TSRYS5743665,D,B,C,2024-04-15,1000000.00,4.645229,93.6484375
08:01:00,912810TX6,TSRYS5743665,D,B,C,2024-04-15,1000000.00,4.643955,93.66796875
08:01:00,912810TX6,TSRYS5743665,D,S,D,2024-04-15,1000000.00,4.643955,93.66796875
08:01:00,912810TX6,TSRYS5743665,D,S,D,2024-04-15,1000000.00,4.650842,93.5625
08:01:00,912810TX6,TSRYS5743665,D,S,C,2024-04-15,1000000.00,4.649821,93.578125
08:01:00,912810TX6,TSRYS5743665,D,S,T,2024-04-15,1000000.00,4.672467,93.232421875
08:01:00,912810TX6,TSRYS5743665,D,S,D,2024-04-15,2000000.00,4.672339,93.234375
08:01:00,912810TX6,TSRYS5743665,D,S,T,2024-04-15,1000000.00,4.672339,93.234375
08:01:00,912810TX6,TSRYS5743665,D,S,D,2024-04-15,2000000.00,4.672339,93.234375
08:01:00,912810TX6,TSRYS5743665,D,S,T,2024-04-15,2000000.00,4.670544,93.26171875
08:01:00,912810TX6,TSRYS5743665,D,B,C,2024-04-15,1000000.00,4.649821,93.578125
08:01:00,912810TX6,TSRYS5743665,D,S,T,2024-04-15,1000000.00,4.672339,93.234375
08:01:00,912810TX6,TSRYS5743665,D,B,C,2024-04-15,1000000.00,4.644975,93.65234375
08:01:00,912810TX6,TSRYS5743665,D,S,D,2024-04-15,1000000.00,4.670672,93.259765625
08:01:00,912810TX6,TSRYS5743665,D,S,D,2024-04-15,1000000.00,4.670544,93.26171875
08:01:00,912810TX6,TSRYS5743665,D,S,D,2024-04-15,1000000.00,4.63657,93.78125
08:01:00,912810TX6,TSRYS5743665,D,S,D,2024-04-15,1000000.00,4.64472,93.65625
08:01:00,912810TX6,TSRYS5743665,D,S,D,2024-04-15,1000000.00,4.644975,93.65234375
08:01:00,912810TX6,TSRYS5743665,D,B,C,2024-04-15,1000000.00,4.63657,93.78125
08:01:00,912810TX6,TSRYS5743665,D,B,C,2024-04-15,1000000.00,4.638606,93.75
08:01:00,912810TX6,TSRYS5743665,D,S,D,2024-04-15,1000000.00,4.638606,93.75
08:01:00,912810TX6,TSRYS5743665,D,S,D,2024-04-15,1000000.00,4.63657,93.78125
08:01:00,912810TX6,TSRYS5743665,D,S,D,2024-04-15,1000000.00,4.672467,93.232421875
08:01:00,912810TX6,TSRYS5743665,D,B,C,2024-04-15,1000000.00,4.638097,93.7578125
08:01:00,912810TX6,TSRYS5743665,D,S,D,2024-04-15,1000000.00,4.633773,93.82421875
08:01:00,912810TX6,TSRYS5743665,D,S,D,2024-04-15,1000000.00,4.638097,93.7578125
08:01:00,912810TX6,TSRYS5743665,D,S,D,2024-04-15,1000000.00,4.638097,93.7578125
08:01:00,912810TX6,TSRYS5743665,D,B,C,2024-04-15,1000000.00,4.641662,93.703125
08:01:00,912810TX6,TSRYS5743665,D,S,D,2024-04-15,1000000.00,4.641662,93.703125
08:01:00,912810TX6,TSRYS5743665,D,S,D,2024-04-15,1000000.00,4.640388,93.72265625
08:01:00,912810TX6,TSRYS5743665,D,S,D,2024-04-15,1000000.00,4.641662,93.703125
08:01:00,912810TX6,TSRYS5743665,D,B,C,2024-04-15,1000000.00,4.669261,93.28125
08:01:00,912810TX6,TSRYS5743665,D,B,C,2024-04-15,1000000.00,4.634535,93.8125
08:01:00,912810TX6,TSRYS5743665,D,B,C,2024-04-15,1000000.00,4.641662,93.703125
08:01:00,912810TX6,TSRYS5743665,D,B,C,2024-04-15,1000000.00,4.641917,93.69921875
08:01:00,912810TX6,TSRYS5743665,D,S,D,2024-04-15,1000000.00,4.641917,93.69921875
08:01:00,912810TX6,TSRYS5743665,D,S,D,2024-04-15,1000000.00,4.634535,93.8125
08:01:00,912810TX6,TSRYS5743665,D,B,C,2024-04-15,1000000.00,4.63937,93.73828125
08:01:00,912810TX6,TSRYS5743665,D,B,C,2024-04-15,1000000.00,4.63937,93.73828125
08:01:00,912810TX6,TSRYS5743665,D,B,C,2024-04-15,1000000.00,4.63937,93.73828125
08:01:00,912810TX6,TSRYS5743665,D,S,D,2024-04-15,1000000.00,4.63937,93.73828125
08:01:00,912810TX6,TSRYS5743665,D,B,C,2024-04-15,1500000.00,4.668749,93.2890625
08:01:00,912810TX6,TSRYS5743665,D,S,D,2024-04-15,1000000.00,4.63937,93.73828125
08:01:00,912810TX6,TSRYS5743665,D,B,C,2024-04-15,1000000.00,4.63937,93.73828125
08:01:00,912810TX6,TSRYS5743665,D,B,C,2024-04-15,1000000.00,4.63937,93.73828125
08:01:00,912810TX6,TSRYS5743665,D,S,D,2024-04-15,1000000.00,4.63937,93.73828125
08:01:00,912810TX6,TSRYS5743665,D,S,D,2024-04-15,1000000.00,4.63937,93.73828125
08:01:00,912810TX6,TSRYS5743665,D,S,D,2024-04-15,1000000.00,4.63937,93.73828125
08:01:00,912810TX6,TSRYS5743665,D,S,D,2024-04-15,1000000.00,4.638606,93.75
08:01:00,912810TX6,TSRYS5743665,D,B,C,2024-04-15,1000000.00,4.638606,93.75
08:01:00,912810TX6,TSRYS5743665,D,S,D,2024-04-15,1000000.00,4.638352,93.75390625
08:01:00,912810TX6,TSRYS5743665,D,B,C,2024-04-15,1000000.00,4.634535,93.8125
08:01:00,912810TX6,TSRYS5743665,D,B,C,2024-04-15,1000000.00,4.638352,93.75390625
08:01:00,912810TX6,TSRYS5743665,D,S,C,2024-04-15,1000000.00,4.636825,93.77734375
08:01:00,912810TX6,TSRYS5743665,D,S,D,2024-04-15,1000000.00,4.634535,93.8125
08:01:00,912810TX6,TSRYS5743665,D,S,D,2024-04-15,1000000.00,4.635044,93.8046875
08:01:00,912810TX6,TSRYS5743665,D,B,C,2024-04-15,1000000.00,4.636825,93.77734375
08:01:00,912810TX6,TSRYS5743665,D,S,D,2024-04-15,1000000.00,4.634535,93.8125
08:01:00,912810TX6,TSRYS5743665,D,S,C,2024-04-15,1000000.00,4.63657,93.78125
08:01:00,912810TX6,TSRYS5743665,D,B,C,2024-04-15,1000000.00,4.63657,93.78125
08:01:00,912810TX6,TSRYS5743665,D,S,D,2024-04-15,1000000.00,4.639879,93.73046875
08:01:00,912810TX6,TSRYS5743665,D,B,C,2024-04-15,1000000.00,4.639879,93.73046875
08:01:00,912810TX6,TSRYS5743665,D,S,D,2024-04-15,1000000.00,4.642681,93.6875
08:01:00,912810TX6,TSRYS5743665,D,B,C,2024-04-15,1000000.00,4.642681,93.6875
08:01:00,912810TX6,TSRYS5743665,D,S,D,2024-04-15,1000000.00,4.642426,93.69140625
08:01:00,912810TX6,TSRYS5743665,D,B,C,2024-04-15,1000000.00,4.642426,93.69140625
08:01:00,912810TX6,TSRYS5743665,D,S,D,2024-04-15,1000000.00,4.642681,93.6875
08:01:00,912810TX6,TSRYS5743665,D,S,D,2024-04-15,1000000.00,4.642681,93.6875
08:01:00,912810TX6,TSRYS5743665,D,S,C,2024-04-15,2000000.00,4.645484,93.64453125
08:01:00,912810TX6,TSRYS5743665,D,B,C,2024-04-15,2000000.00,4.645484,93.64453125
08:01:00,912810TX6,TSRYS5743665,D,B,C,2024-04-15,1000000.00,4.64421,93.6640625
08:01:00,912810TX6,TSRYS5743665,D,B,C,2024-04-15,1000000.00,4.64421,93.6640625
08:01:00,912810TX6,TSRYS5743665,D,S,D,2024-04-15,1000000.00,4.64421,93.6640625
08:01:00,912810TX6,TSRYS5743665,D,S,D,2024-04-15,1000000.00,4.64421,93.6640625
08:01:00,912810TX6,TSRYS5743665,D,B,C,2024-04-15,2000000.00,4.640643,93.71875
08:01:00,912810TX6,TSRYS5743665,D,S,D,2024-04-15,1000000.00,4.640388,93.72265625
08:01:00,912810TX6,TSRYS5743665,D,S,D,2024-04-15,2000000.00,4.640643,93.71875
08:01:01,912810TX6,TSRYS5743665,D,S,D,2024-04-15,1000000.00,4.641662,93.703125
08:01:01,912810TX6,TSRYS5743665,D,B,C,2024-04-15,1000000.00,4.641662,93.703125
08:01:01,912810TX6,TSRYS5743665,D,S,T,2024-04-15,1000000.00,4.666186,93.328125
08:01:01,912810TX6,TSRYS5743665,D,S,D,2024-04-15,1000000.00,4.638606,93.75
08:01:01,912810TX6,TSRYS5743665,D,B,C,2024-04-15,2000000.00,4.640388,93.72265625
08:01:01,912810TX6,TSRYS5743665,D,S,D,2024-04-15,2000000.00,4.640388,93.72265625
08:01:01,912810TX6,TSRYS5743665,D,S,D,2024-04-15,1000000.00,4.643955,93.66796875
08:01:01,912810TX6,TSRYS5743665,D,B,C,2024-04-15,1000000.00,4.643955,93.66796875
08:01:01,912810TX6,TSRYS5743665,D,B,C,2024-04-15,1000000.00,4.647269,93.6171875
08:01:01,912810TX6,TSRYS5743665,D,B,C,2024-04-15,2000000.00,4.645739,93.640625
08:01:01,912810TX6,TSRYS5743665,D,S,C,2024-04-15,1000000.00,4.647269,93.6171875
08:01:01,912810TX6,TSRYS5743665,D,B,C,2024-04-15,1000000.00,4.640898,93.71484375
08:01:01,912810TX6,TSRYS5743665,D,S,D,2024-04-15,2000000.00,4.645739,93.640625
08:01:01,912810TX6,TSRYS5743665,D,S,D,2024-04-15,1000000.00,4.640898,93.71484375
08:01:01,912810TX6,TSRYS5743665,D,B,C,2024-04-15,1000000.00,4.640898,93.71484375
08:01:01,912810TX6,TSRYS5743665,D,S,D,2024-04-15,1000000.00,4.640898,93.71484375
08:01:01,912810TX6,TSRYS5743665,D,S,D,2024-04-15,1000000.00,4.640898,93.71484375
08:01:01,912810TX6,TSRYS5743665,D,B,C,2024-04-15,1000000.00,4.640898,93.71484375
08:01:01,912810TX6,TSRYS5743665,D,B,C,2024-04-15,1000000.00,4.640898,93.71484375
08:01:01,912810TX6,TSRYS5743665,D,B,C,2024-04-15,1000000.00,4.640898,93.71484375
08:01:01,912810TX6,TSRYS5743665,D,S,D,2024-04-15,1000000.00,4.640898,93.71484375
08:01:01,912810TX6,TSRYS5743665,D,S,C,2024-04-15,2000000.00,4.64472,93.65625
08:01:01,912810TX6,TSRYS5743665,D,S,D,2024-04-15,1000000.00,4.640898,93.71484375
08:01:01,912810TX6,TSRYS5743665,D,B,C,2024-04-15,2000000.00,4.64472,93.65625
08:01:01,912810TX6,TSRYS5743665,D,S,D,2024-04-15,1000000.00,4.64778,93.609375
08:01:01,912810TX6,TSRYS5743665,D,B,C,2024-04-15,1000000.00,4.64778,93.609375
08:01:01,912810TX6,TSRYS5743665,D,S,C,2024-04-15,1000000.00,4.647269,93.6171875
08:01:01,912810TX6,TSRYS5743665,D,B,C,2024-04-15,1000000.00,4.647269,93.6171875
08:01:01,912810TX6,TSRYS5743665,D,S,C,2024-04-15,1000000.00,4.652374,93.5390625
08:01:01,912810TX6,TSRYS5743665,D,S,D,2024-04-15,1000000.00,4.6488,93.59375
08:01:01,912810TX6,TSRYS5743665,D,S,D,2024-04-15,1000000.00,4.653906,93.515625
08:01:01,912810TX6,TSRYS5743665,D,S,D,2024-04-15,1000000.00,4.654928,93.5
08:01:01,912810TX6,TSRYS5743665,D,S,C,2024-04-15,1000000.00,4.653906,93.515625
08:01:01,912810TX6,TSRYS5743665,D,S,C,2024-04-15,1000000.00,4.653906,93.515625
08:01:01,912810TX6,TSRYS5743665,D,S,D,2024-04-15,1000000.00,4.656973,93.46875
08:01:01,912810TX6,TSRYS5743665,D,S,D,2024-04-15,1000000.00,4.652885,93.53125
08:01:01,912810TX6,TSRYS5743665,D,S,D,2024-04-15,1000000.00,4.656973,93.46875
08:01:01,912810TX6,TSRYS5743665,D,S,C,2024-04-15,1000000.00,4.656717,93.47265625
08:01:01,912810TX6,TSRYS5743665,D,S,D,2024-04-15,1000000.00,4.657484,93.4609375
08:01:01,912810TX6,TSRYS5743665,D,S,D,2024-04-15,1000000.00,4.656973,93.46875
08:01:01,912810TX6,TSRYS5743665,D,S,D,2024-04-15,1000000.00,4.656973,93.46875
08:01:01,912810TX6,TSRYS5743665,D,S,D,2024-04-15,1000000.00,4.657484,93.4609375
08:01:01,912810TX6,TSRYS5743665,D,S,D,2024-04-15,1000000.00,4.657229,93.46484375
08:01:01,912810TX6,TSRYS5743665,D,S,C,2024-04-15,1000000.00,4.656973,93.46875
08:01:01,912810TX6,TSRYS5743665,D,S,C,2024-04-15,1000000.00,4.656973,93.46875
08:01:01,912810TX6,TSRYS5743665,D,S,D,2024-04-15,1000000.00,4.659274,93.43359375
08:01:01,912810TX6,TSRYS5743665,D,S,D,2024-04-15,1000000.00,4.656973,93.46875
08:01:01,912810TX6,TSRYS5743665,D,S,C,2024-04-15,1000000.00,4.658251,93.44921875
08:01:01,912810TX6,TSRYS5743665,D,S,D,2024-04-15,1000000.00,4.659018,93.4375
08:01:01,912810TX6,TSRYS5743665,D,S,C,2024-04-15,1000000.00,4.659786,93.42578125
08:01:01,912810TX6,TSRYS5743665,D,S,D,2024-04-15,1000000.00,4.662601,93.3828125
08:01:01,912810TX6,TSRYS5743665,D,S,C,2024-04-15,2000000.00,4.663369,93.37109375
08:01:01,912810TX6,TSRYS5743665,D,S,D,2024-04-15,1000000.00,4.663113,93.375
08:01:01,912810TX6,TSRYS5743665,D,S,D,2024-04-15,1000000.00,4.661321,93.40234375
08:01:02,912810TX6,TSRYS5743665,D,S,D,2024-04-15,1000000.00,4.661577,93.3984375
08:01:02,912810TX6,TSRYS5743665,D,S,D,2024-04-15,1000000.00,4.656973,93.46875
08:01:02,912810TX6,TSRYS5743665,D,B,C,2024-04-15,1000000.00,4.656973,93.46875
08:01:02,912810TX6,TSRYS5743665,D,S,D,2024-04-15,1000000.00,4.656973,93.46875
08:01:02,912810TX6,TSRYS5743665,D,S,D,2024-04-15,1000000.00,4.656973,93.46875
08:01:02,912810TX6,TSRYS5743665,D,S,D,2024-04-15,1000000.00,4.656206,93.48046875
08:01:02,912810TX6,TSRYS5743665,D,S,T,2024-04-15,1000000.00,4.671313,93.25
08:01:02,912810TX6,TSRYS5743665,D,S,D,2024-04-15,1000000.00,4.654928,93.5
08:01:02,912810TX6,TSRYS5743665,D,S,D,2024-04-15,1000000.00,4.652885,93.53125
08:01:02,912810TX6,TSRYS5743665,D,B,C,2024-04-15,2000000.00,4.652885,93.53125
08:01:02,912810TX6,TSRYS5743665,D,S,D,2024-04-15,2000000.00,4.652885,93.53125
08:01:02,912810TX6,TSRYS5743665,D,S,D,2024-04-15,1000000.00,4.652885,93.53125
08:01:02,912810TX6,TSRYS5743665,D,B,C,2024-04-15,1000000.00,4.653651,93.51953125
08:01:02,912810TX6,TSRYS5743665,D,S,D,2024-04-15,1000000.00,4.653651,93.51953125
08:01:02,912810TX6,TSRYS5743665,D,S,C,2024-04-15,1000000.00,4.656717,93.47265625
08:01:02,912810TX6,TSRYS5743665,D,S,D,2024-04-15,1000000.00,4.666186,93.328125
08:01:02,912810TX6,TSRYS5743665,D,B,C,2024-04-15,1000000.00,4.666186,93.328125
08:01:02,912810TX6,TSRYS5743665,D,B,C,2024-04-15,1000000.00,4.662601,93.3828125
08:01:02,912810TX6,TSRYS5743665,D,S,D,2024-04-15,1000000.00,4.662601,93.3828125
08:01:02,912810TX6,TSRYS5743665,D,S,C,2024-04-15,1000000.00,4.664393,93.35546875
08:01:02,912810TX6,TSRYS5743665,D,B,C,2024-04-15,1000000.00,4.665674,93.3359375
08:01:02,912810TX6,TSRYS5743665,D,S,D,2024-04-15,1000000.00,4.665674,93.3359375
08:01:02,912810TX6,TSRYS5743665,D,S,D,2024-04-15,1000000.00,4.665674,93.3359375
08:01:02,912810TX6,TSRYS5743665,D,S,D,2024-04-15,1000000.00,4.665161,93.34375
08:01:02,912810TX6,TSRYS5743665,D,B,C,2024-04-15,2000000.00,4.665161,93.34375
08:01:02,912810TX6,TSRYS5743665,D,S,D,2024-04-15,2000000.00,4.665161,93.34375
08:01:02,912810TX6,TSRYS5743665,D,B,C,2024-04-15,1000000.00,4.665674,93.3359375
08:01:02,912810TX6,TSRYS5743665,D,S,C,2024-04-15,1000000.00,4.665674,93.3359375
08:01:02,912810TX6,TSRYS5743665,D,B,C,2024-04-15,1000000.00,4.665674,93.3359375
08:01:02,912810TX6,TSRYS5743665,D,S,C,2024-04-15,1000000.00,4.665674,93.3359375
08:01:02,912810TX6,TSRYS5743665,D,B,C,2024-04-15,1000000.00,4.665674,93.3359375
08:01:02,912810TX6,TSRYS5743665,D,S,C,2024-04-15,1000000.00,4.665674,93.3359375
08:01:02,912810TX6,TSRYS5743665,D,B,C,2024-04-15,1000000.00,4.665674,93.3359375
08:01:02,912810TX6,TSRYS5743665,D,S,C,2024-04-15,1000000.00,4.665674,93.3359375
08:01:02,912810TX6,TSRYS5743665,D,S,D,2024-04-15,1000000.00,4.664137,93.359375
08:01:02,912810TX6,TSRYS5743665,D,B,C,2024-04-15,1000000.00,4.664137,93.359375
08:01:02,912810TX6,TSRYS5743665,D,S,D,2024-04-15,1000000.00,4.65953,93.4296875
08:01:02,912810TX6,TSRYS5743665,D,B,C,2024-04-15,1000000.00,4.65953,93.4296875
08:01:02,912810TX6,TSRYS5743665,D,B,C,2024-04-15,2000000.00,4.661321,93.40234375
08:01:02,912810TX6,TSRYS5743665,D,S,D,2024-04-15,2000000.00,4.661321,93.40234375
08:01:02,912810TX6,TSRYS5743665,D,B,C,2024-04-15,2000000.00,4.652374,93.5390625
08:01:02,912810TX6,TSRYS5743665,D,S,D,2024-04-15,2000000.00,4.652374,93.5390625
08:01:02,912810TX6,TSRYS5743665,D,S,C,2024-04-15,1000000.00,4.652118,93.54296875
08:01:02,912810TX6,TSRYS5743665,D,S,C,2024-04-15,1000000.00,4.650842,93.5625
08:01:02,912810TX6,TSRYS5743665,D,S,D,2024-04-15,1000000.00,4.651608,93.55078125
08:01:02,912810TX6,TSRYS5743665,D,S,D,2024-04-15,1000000.00,4.652118,93.54296875
08:01:02,912810TX6,TSRYS5743665,D,S,C,2024-04-15,1000000.00,4.652118,93.54296875
08:01:02,912810TX6,TSRYS5743665,D,B,C,2024-04-15,1000000.00,4.652118,93.54296875
08:01:02,912810TX6,TSRYS5743665,D,S,D,2024-04-15,1000000.00,4.656462,93.4765625
08:01:02,912810TX6,TSRYS5743665,D,S,C,2024-04-15,1000000.00,4.656973,93.46875
08:01:02,912810TX6,TSRYS5743665,D,S,D,2024-04-15,1000000.00,4.6488,93.59375
08:01:02,912810TX6,TSRYS5743665,D,S,D,2024-04-15,1000000.00,4.648545,93.59765625
08:01:02,912810TX6,TSRYS5743665,D,S,D,2024-04-15,1000000.00,4.64829,93.6015625
08:01:02,912810TX6,TSRYS5743665,D,S,D,2024-04-15,1000000.00,4.658251,93.44921875
08:01:02,912810TX6,TSRYS5743665,D,S,D,2024-04-15,1000000.00,4.653906,93.515625
08:01:02,912810TX6,TSRYS5743665,D,S,D,2024-04-15,1000000.00,4.652118,93.54296875
08:01:02,912810TX6,TSRYS5743665,D,S,D,2024-04-15,1000000.00,4.650587,93.56640625
08:01:02,912810TX6,TSRYS5743665,D,S,D,2024-04-15,1000000.00,4.647525,93.61328125
08:01:02,912810TX6,TSRYS5743665,D,S,D,2024-04-15,1000000.00,4.652629,93.53515625
08:01:02,912810TX6,TSRYS5743665,D,S,D,2024-04-15,1000000.00,4.654162,93.51171875
08:01:02,912810TX6,TSRYS5743665,D,B,C,2024-04-15,1000000.00,4.651863,93.546875
08:01:02,912810TX6,TSRYS5743665,D,S,D,2024-04-15,1000000.00,4.651863,93.546875
08:01:02,912810TX6,TSRYS5743665,D,S,D,2024-04-15,1000000.00,4.653395,93.5234375
08:01:02,912810TX6,TSRYS5743665,D,B,C,2024-04-15,1000000.00,4.650842,93.5625
08:01:02,912810TX6,TSRYS5743665,D,S,D,2024-04-15,1000000.00,4.650842,93.5625
08:01:02,912810TX6,TSRYS5743665,D,S,T,2024-04-15,1000000.00,4.671313,93.25
08:01:02,912810TX6,TSRYS5743665,D,S,D,2024-04-15,1000000.00,4.652629,93.53515625
08:01:02,912810TX6,TSRYS5743665,D,S,C,2024-04-15,1000000.00,4.652629,93.53515625
08:01:02,912810TX6,TSRYS5743665,D,S,T,2024-04-15,1000000.00,4.671313,93.25
08:01:02,912810TX6,TSRYS5743665,D,S,D,2024-04-15,1000000.00,4.654673,93.50390625
08:01:02,912810TX6,TSRYS5743665,D,B,C,2024-04-15,1000000.00,4.654673,93.50390625
08:01:02,912810TX6,TSRYS5743665,D,S,D,2024-04-15,1000000.00,4.65953,93.4296875
08:01:02,912810TX6,TSRYS5743665,D,S,D,2024-04-15,1000000.00,4.659786,93.42578125
08:01:02,912810TX6,TSRYS5743665,D,B,C,2024-04-15,1000000.00,4.659786,93.42578125
08:01:02,912810TX6,TSRYS5743665,D,S,D,2024-04-15,1000000.00,4.660042,93.421875
08:01:02,912810TX6,TSRYS5743665,D,B,C,2024-04-15,1000000.00,4.660042,93.421875
08:01:02,912810TX6,TSRYS5743665,D,B,C,2024-04-15,1000000.00,4.658251,93.44921875
08:01:02,912810TX6,TSRYS5743665,D,S,D,2024-04-15,1000000.00,4.658251,93.44921875
08:01:02,912810TX6,TSRYS5743665,D,S,C,2024-04-15,2000000.00,4.660553,93.4140625
08:01:03,912810TX6,TSRYS5743665,D,B,C,2024-04-15,2000000.00,4.660553,93.4140625
08:01:03,912810TX6,TSRYS5743665,D,S,D,2024-04-15,1000000.00,4.661577,93.3984375
08:01:03,912810TX6,TSRYS5743665,D,B,C,2024-04-15,1000000.00,4.661577,93.3984375
08:01:03,912810TX6,TSRYS5743665,D,B,C,2024-04-15,1000000.00,4.661577,93.3984375
08:01:03,912810TX6,TSRYS5743665,D,S,T,2024-04-15,2000000.00,4.671313,93.25
08:01:03,912810TX6,TSRYS5743665,D,S,D,2024-04-15,1000000.00,4.661577,93.3984375
08:01:03,912810TX6,TSRYS5743665,D,B,C,2024-04-15,1000000.00,4.661577,93.3984375
08:01:03,912810TX6,TSRYS5743665,D,S,D,2024-04-15,1000000.00,4.661577,93.3984375
08:01:03,912810TX6,TSRYS5743665,D,B,C,2024-04-15,1000000.00,4.661577,93.3984375
08:01:03,912810TX6,TSRYS5743665,D,S,T,2024-04-15,1000000.00,4.660042,93.421875
08:01:03,912810TX6,TSRYS5743665,D,S,D,2024-04-15,1000000.00,4.661577,93.3984375
08:01:03,912810TX6,TSRYS5743665,D,S,T,2024-04-15,1000000.00,4.671313,93.25
08:01:03,912810TX6,TSRYS5743665,D,S,D,2024-04-15,1000000.00,4.661577,93.3984375
08:01:03,912810TX6,TSRYS5743665,D,S,T,2024-04-15,1000000.00,4.671313,93.25
08:01:03,912810TX6,TSRYS5743665,D,B,C,2024-04-15,1000000.00,4.661577,93.3984375
08:01:03,912810TX6,TSRYS5743665,D,S,D,2024-04-15,2000000.00,4.661065,93.40625
08:01:03,912810TX6,TSRYS5743665,D,B,C,2024-04-15,2000000.00,4.661065,93.40625
08:01:03,912810TX6,TSRYS5743665,D,S,D,2024-04-15,1000000.00,4.661577,93.3984375
08:01:03,912810TX6,TSRYS5743665,D,B,C,2024-04-15,1000000.00,4.661577,93.3984375
08:01:03,912810TX6,TSRYS5743665,D,B,C,2024-04-15,1000000.00,4.661577,93.3984375
08:01:03,912810TX6,TSRYS5743665,D,S,T,2024-04-15,1000000.00,4.671313,93.25
08:01:03,912810TX6,TSRYS5743665,D,S,T,2024-04-15,1000000.00,4.671313,93.25
08:01:03,912810TX6,TSRYS5743665,D,S,D,2024-04-15,1000000.00,4.661577,93.3984375
08:01:03,912810TX6,TSRYS5743665,D,S,D,2024-04-15,1000000.00,4.657484,93.4609375
08:01:03,912810TX6,TSRYS5743665,D,B,C,2024-04-15,1000000.00,4.657484,93.4609375
08:01:03,912810TX6,TSRYS5743665,D,S,D,2024-04-15,1000000.00,4.658507,93.4453125
08:01:03,912810TX6,TSRYS5743665,D,S,D,2024-04-15,1000000.00,4.663625,93.3671875
08:01:03,912810TX6,TSRYS5743665,D,B,C,2024-04-15,1000000.00,4.663625,93.3671875
08:01:03,912810TX6,TSRYS5743665,D,S,D,2024-04-15,1000000.00,4.663881,93.36328125
08:01:03,912810TX6,TSRYS5743665,D,B,C,2024-04-15,1000000.00,4.663881,93.36328125
