tradeTime,cusip,issueSymbolIdentifier,priceType,reportingSideCode,contraPartyTypeCode,tradeDate,reportedTradeVolume,lastSaleYield,lastSalePrice
08:00:03,912810UA4,TSRYS5802849,D,S,D,2024-07-08,1000000.00,4.494667,102.125
08:00:03,912810UA4,TSRYS5802849,D,S,D,2024-07-08,1000000.00,4.499377,102.046875
08:00:03,912810UA4,TSRYS5802849,D,S,D,2024-07-08,1000000.00,4.499377,102.046875
08:00:03,912810UA4,TSRYS5802849,D,S,D,2024-07-08,1000000.00,4.499377,102.046875
08:00:03,912810UA4,TSRYS5802849,D,S,D,2024-07-08,1000000.00,4.499377,102.046875
08:00:03,912810UA4,TSRYS5802849,D,S,D,2024-07-08,1000000.00,4.499377,102.046875
08:00:03,912810UA4,TSRYS5802849,D,S,D,2024-07-08,1000000.00,4.499377,102.046875
08:00:03,912810UA4,TSRYS5802849,D,S,D,2024-07-08,1000000.00,4.499377,102.046875
08:00:03,912810UA4,TSRYS5802849,D,S,T,2024-07-08,1000000.00,4.492785,102.15625
08:00:03,912810UA4,TSRYS5802849,D,S,T,2024-07-08,1000000.00,4.489022,102.21875
08:00:04,912810UA4,TSRYS5802849,D,S,D,2024-07-08,1000000.00,4.489962,102.203125
08:00:04,912810UA4,TSRYS5802849,D,S,D,2024-07-08,1000000.00,4.489962,102.203125
08:00:04,912810UA4,TSRYS5802849,D,S,D,2024-07-08,1000000.00,4.489845,102.205078125
08:00:04,912810UA4,TSRYS5802849,D,S,D,2024-07-08,1000000.00,4.491844,102.171875
08:00:04,912810UA4,TSRYS5802849,D,S,T,2024-07-08,1000000.00,4.494667,102.125
08:00:04,912810UA4,TSRYS5802849,D,S,T,2024-07-08,1000000.00,4.493726,102.140625
08:00:04,912810UA4,TSRYS5802849,D,S,T,2024-07-08,1000000.00,4.493726,102.140625
08:00:04,912810UA4,TSRYS5802849,D,S,D,2024-07-08,1000000.00,4.495609,102.109375
08:00:04,912810UA4,TSRYS5802849,D,S,D,2024-07-08,1000000.00,4.495609,102.109375
08:00:04,912810UA4,TSRYS5802849,D,S,D,2024-07-08,1000000.00,4.491256,102.181640625
08:00:04,912810UA4,TSRYS5802849,D,S,T,2024-07-08,1000000.00,4.49008,102.201171875
08:00:04,912810UA4,TSRYS5802849,D,S,D,2024-07-08,1000000.00,4.485967,102.26953125
08:00:04,912810UA4,TSRYS5802849,D,S,D,2024-07-08,1000000.00,4.497257,102.08203125
08:00:04,912810UA4,TSRYS5802849,D,S,T,2024-07-08,1000000.00,4.50598,101.9375
08:00:04,912810UA4,TSRYS5802849,D,S,D,2024-07-08,1000000.00,4.502323,101.998046875
08:00:04,912810UA4,TSRYS5802849,D,S,T,2024-07-08,1000000.00,4.498906,102.0546875
08:00:04,912810UA4,TSRYS5802849,D,S,T,2024-07-08,1000000.00,4.501262,102.015625
08:00:05,912810UA4,TSRYS5802849,D,S,T,2024-07-08,1000000.00,4.495609,102.109375
08:00:05,912810UA4,TSRYS5802849,D,S,T,2024-07-08,1000000.00,4.493726,102.140625
08:00:05,912810UA4,TSRYS5802849,D,S,T,2024-07-08,1000000.00,4.493726,102.140625
08:00:05,912810UA4,TSRYS5802849,D,S,T,2024-07-08,1000000.00,4.485263,102.28125
08:00:05,912810UA4,TSRYS5802849,D,S,T,2024-07-08,1000000.00,4.485263,102.28125
08:00:05,912810UA4,TSRYS5802849,D,S,T,2024-07-08,1000000.00,4.487142,102.25
08:00:05,912810UA4,TSRYS5802849,D,S,T,2024-07-08,1000000.00,4.499377,102.046875
08:00:05,912810UA4,TSRYS5802849,D,S,T,2024-07-08,1000000.00,4.498435,102.0625
08:00:05,912810UA4,TSRYS5802849,D,S,T,2024-07-08,1000000.00,4.495609,102.109375
08:00:07,912810UA4,TSRYS5802849,D,S,D,2024-07-08,1000000.00,4.498435,102.0625
08:00:07,912810UA4,TSRYS5802849,D,S,D,2024-07-08,2000000.00,4.498435,102.0625
08:00:07,912810UA4,TSRYS5802849,D,S,D,2024-07-08,1000000.00,4.498435,102.0625
08:00:08,912810UA4,TSRYS5802849,D,S,D,2024-07-08,1000000.00,4.492785,102.15625
08:00:08,912810UA4,TSRYS5802849,D,S,D,2024-07-08,16000000.00,4.49655,102.09375
08:00:11,912810UA4,TSRYS5802849,D,S,T,2024-07-08,1000000.00,4.491844,102.171875
08:00:11,912810UA4,TSRYS5802849,D,S,T,2024-07-08,1000000.00,4.499377,102.046875
08:00:11,912810UA4,TSRYS5802849,D,S,T,2024-07-08,1000000.00,4.497492,102.078125
08:00:11,912810UA4,TSRYS5802849,D,S,D,2024-07-08,1000000.00,4.499377,102.046875
08:00:11,912810UA4,TSRYS5802849,D,S,D,2024-07-08,1000000.00,4.499377,102.046875
08:00:11,912810UA4,TSRYS5802849,D,S,D,2024-07-08,1000000.00,4.497492,102.078125
08:00:11,912810UA4,TSRYS5802849,D,S,T,2024-07-08,1000000.00,4.502206,102.0
08:00:11,912810UA4,TSRYS5802849,D,S,T,2024-07-08,1000000.00,4.499377,102.046875
08:00:11,912810UA4,TSRYS5802849,D,S,T,2024-07-08,1000000.00,4.497492,102.078125
08:00:14,912810UA4,TSRYS5802849,D,S,T,2024-07-08,1000000.00,4.490903,102.1875
08:00:14,912810UA4,TSRYS5802849,D,S,T,2024-07-08,1000000.00,4.490432,102.1953125
08:00:14,912810UA4,TSRYS5802849,D,S,D,2024-07-08,1000000.00,4.489962,102.203125
08:00:14,912810UA4,TSRYS5802849,D,S,T,2024-07-08,1000000.00,4.489962,102.203125
08:00:14,912810UA4,TSRYS5802849,D,S,D,2024-07-08,1000000.00,4.491844,102.171875
08:00:14,912810UA4,TSRYS5802849,D,S,T,2024-07-08,1000000.00,4.491844,102.171875
08:00:14,912810UA4,TSRYS5802849,D,S,T,2024-07-08,1000000.00,4.491844,102.171875
08:00:14,912810UA4,TSRYS5802849,D,S,T,2024-07-08,1000000.00,4.491844,102.171875
08:00:14,912810UA4,TSRYS5802849,D,S,T,2024-07-08,1000000.00,4.495609,102.109375
08:00:14,912810UA4,TSRYS5802849,D,S,T,2024-07-08,1000000.00,4.494667,102.125
08:00:14,912810UA4,TSRYS5802849,D,S,T,2024-07-08,1000000.00,4.494667,102.125
08:00:14,912810UA4,TSRYS5802849,D,S,T,2024-07-08,1000000.00,4.493726,102.140625
08:00:14,912810UA4,TSRYS5802849,D,S,T,2024-07-08,1000000.00,4.493726,102.140625
08:00:14,912810UA4,TSRYS5802849,D,S,T,2024-07-08,1000000.00,4.487024,102.251953125
08:00:14,912810UA4,TSRYS5802849,D,S,T,2024-07-08,1000000.00,4.49867,102.05859375
08:00:14,912810UA4,TSRYS5802849,D,S,T,2024-07-08,1000000.00,4.49867,102.05859375
08:00:14,912810UA4,TSRYS5802849,D,S,T,2024-07-08,1000000.00,4.498435,102.0625
08:00:14,912810UA4,TSRYS5802849,D,S,T,2024-07-08,1000000.00,4.498435,102.0625
08:00:14,912810UA4,TSRYS5802849,D,S,T,2024-07-08,1000000.00,4.497492,102.078125
08:00:14,912810UA4,TSRYS5802849,D,S,T,2024-07-08,1000000.00,4.498435,102.0625
08:00:14,912810UA4,TSRYS5802849,D,S,T,2024-07-08,1000000.00,4.497492,102.078125
08:00:14,912810UA4,TSRYS5802849,D,S,T,2024-07-08,1000000.00,4.497963,102.0703125
08:00:14,912810UA4,TSRYS5802849,D,S,T,2024-07-08,1000000.00,4.498435,102.0625
08:00:14,912810UA4,TSRYS5802849,D,S,T,2024-07-08,2000000.00,4.499377,102.046875
08:00:14,912810UA4,TSRYS5802849,D,S,T,2024-07-08,1000000.00,4.499377,102.046875
08:00:14,912810UA4,TSRYS5802849,D,S,T,2024-07-08,1000000.00,4.492785,102.15625
08:00:14,912810UA4,TSRYS5802849,D,S,D,2024-07-08,1000000.00,4.490432,102.1953125
08:00:14,912810UA4,TSRYS5802849,D,S,T,2024-07-08,1000000.00,4.494667,102.125
08:00:14,912810UA4,TSRYS5802849,D,S,T,2024-07-08,1000000.00,4.495609,102.109375
08:00:14,912810UA4,TSRYS5802849,D,S,T,2024-07-08,1000000.00,4.495609,102.109375
08:00:14,912810UA4,TSRYS5802849,D,S,T,2024-07-08,1000000.00,4.495609,102.109375
08:00:14,912810UA4,TSRYS5802849,D,S,T,2024-07-08,1000000.00,4.497139,102.083984375
08:00:14,912810UA4,TSRYS5802849,D,S,T,2024-07-08,1000000.00,4.497139,102.083984375
08:00:14,912810UA4,TSRYS5802849,D,S,T,2024-07-08,1000000.00,4.495609,102.109375
08:00:14,912810UA4,TSRYS5802849,D,S,T,2024-07-08,1000000.00,4.49655,102.09375
08:00:14,912810UA4,TSRYS5802849,D,S,T,2024-07-08,1000000.00,4.497492,102.078125
08:00:14,912810UA4,TSRYS5802849,D,S,T,2024-07-08,1000000.00,4.50032,102.03125
08:00:14,912810UA4,TSRYS5802849,D,S,T,2024-07-08,1000000.00,4.503149,101.984375
08:00:14,912810UA4,TSRYS5802849,D,S,D,2024-07-08,1000000.00,4.501734,102.0078125
08:00:14,912810UA4,TSRYS5802849,D,S,T,2024-07-08,1000000.00,4.499141,102.05078125
08:00:14,912810UA4,TSRYS5802849,D,S,T,2024-07-08,1000000.00,4.498081,102.068359375
08:00:14,912810UA4,TSRYS5802849,D,S,T,2024-07-08,1000000.00,4.498081,102.068359375
08:00:14,912810UA4,TSRYS5802849,D,S,T,2024-07-08,1000000.00,4.501262,102.015625
08:00:14,912810UA4,TSRYS5802849,D,S,T,2024-07-08,1000000.00,4.503149,101.984375
08:00:14,912810UA4,TSRYS5802849,D,S,T,2024-07-08,1000000.00,4.501262,102.015625
08:00:14,912810UA4,TSRYS5802849,D,S,T,2024-07-08,1000000.00,4.501262,102.015625
08:00:14,912810UA4,TSRYS5802849,D,S,D,2024-07-08,1000000.00,4.498199,102.06640625
08:00:14,912810UA4,TSRYS5802849,D,S,D,2024-07-08,1000000.00,4.498199,102.06640625
08:00:14,912810UA4,TSRYS5802849,D,S,D,2024-07-08,7000000.00,4.50032,102.03125
08:00:14,912810UA4,TSRYS5802849,D,S,D,2024-07-08,4000000.00,4.500555,102.02734375
08:00:14,912810UA4,TSRYS5802849,D,S,D,2024-07-08,1000000.00,4.502206,102.0
08:00:14,912810UA4,TSRYS5802849,D,S,D,2024-07-08,1000000.00,4.502206,102.0
08:00:14,912810UA4,TSRYS5802849,D,S,D,2024-07-08,1000000.00,4.502206,102.0
08:00:14,912810UA4,TSRYS5802849,D,S,D,2024-07-08,1000000.00,4.502206,102.0
08:00:14,912810UA4,TSRYS5802849,D,S,D,2024-07-08,1000000.00,4.501852,102.005859375
08:00:14,912810UA4,TSRYS5802849,D,S,D,2024-07-08,2000000.00,4.502206,102.0
08:00:14,912810UA4,TSRYS5802849,D,S,D,2024-07-08,1000000.00,4.502206,102.0
08:00:14,912810UA4,TSRYS5802849,D,S,D,2024-07-08,1000000.00,4.502206,102.0
08:00:14,912810UA4,TSRYS5802849,D,S,D,2024-07-08,2000000.00,4.502088,102.001953125
08:00:14,912810UA4,TSRYS5802849,D,S,D,2024-07-08,1000000.00,4.502206,102.0
08:00:14,912810UA4,TSRYS5802849,D,S,D,2024-07-08,1000000.00,4.497021,102.0859375
08:00:14,912810UA4,TSRYS5802849,D,S,D,2024-07-08,1000000.00,4.497021,102.0859375
08:00:14,912810UA4,TSRYS5802849,D,S,D,2024-07-08,1000000.00,4.497021,102.0859375
08:00:14,912810UA4,TSRYS5802849,D,S,D,2024-07-08,1000000.00,4.497021,102.0859375
08:00:14,912810UA4,TSRYS5802849,D,S,D,2024-07-08,1000000.00,4.497021,102.0859375
08:00:14,912810UA4,TSRYS5802849,D,S,D,2024-07-08,1000000.00,4.497021,102.0859375
08:00:14,912810UA4,TSRYS5802849,D,S,D,2024-07-08,1000000.00,4.497021,102.0859375
08:00:14,912810UA4,TSRYS5802849,D,S,D,2024-07-08,1000000.00,4.497021,102.0859375
08:00:14,912810UA4,TSRYS5802849,D,S,D,2024-07-08,1000000.00,4.497139,102.083984375
08:00:14,912810UA4,TSRYS5802849,D,S,D,2024-07-08,1000000.00,4.497139,102.083984375
08:00:14,912810UA4,TSRYS5802849,D,S,D,2024-07-08,1000000.00,4.498199,102.06640625
08:00:14,912810UA4,TSRYS5802849,D,S,D,2024-07-08,1000000.00,4.498317,102.064453125
08:00:14,912810UA4,TSRYS5802849,D,S,D,2024-07-08,1000000.00,4.498317,102.064453125
08:00:14,912810UA4,TSRYS5802849,D,S,D,2024-07-08,1000000.00,4.498317,102.064453125
08:00:14,912810UA4,TSRYS5802849,D,S,D,2024-07-08,1000000.00,4.497492,102.078125
08:00:14,912810UA4,TSRYS5802849,D,S,A,2024-07-08,878000.00,4.487142,102.25
08:00:14,912810UA4,TSRYS5802849,D,S,D,2024-07-08,1000000.00,4.497963,102.0703125
08:00:14,912810UA4,TSRYS5802849,D,S,D,2024-07-08,1000000.00,4.497963,102.0703125
08:00:14,912810UA4,TSRYS5802849,D,S,D,2024-07-08,1000000.00,4.497963,102.0703125
08:00:14,912810UA4,TSRYS5802849,D,S,D,2024-07-08,1000000.00,4.497492,102.078125
08:00:14,912810UA4,TSRYS5802849,D,S,D,2024-07-08,1000000.00,4.497492,102.078125
08:00:14,912810UA4,TSRYS5802849,D,S,D,2024-07-08,1000000.00,4.497139,102.083984375
08:00:14,912810UA4,TSRYS5802849,D,S,D,2024-07-08,1000000.00,4.497492,102.078125
08:00:14,912810UA4,TSRYS5802849,D,S,D,2024-07-08,1000000.00,4.497492,102.078125
08:00:14,912810UA4,TSRYS5802849,D,S,D,2024-07-08,1000000.00,4.497492,102.078125
08:00:14,912810UA4,TSRYS5802849,D,S,D,2024-07-08,1000000.00,4.498317,102.064453125
08:00:14,912810UA4,TSRYS5802849,D,S,D,2024-07-08,3000000.00,4.500084,102.03515625
08:00:18,912810UA4,TSRYS5802849,D,S,D,2024-07-08,1000000.00,4.498788,102.056640625
08:00:18,912810UA4,TSRYS5802849,D,S,D,2024-07-08,1000000.00,4.498788,102.056640625
08:00:18,912810UA4,TSRYS5802849,D,S,D,2024-07-08,1000000.00,4.499259,102.048828125
08:00:18,912810UA4,TSRYS5802849,D,S,D,2024-07-08,1000000.00,4.499259,102.048828125
08:00:18,912810UA4,TSRYS5802849,D,S,D,2024-07-08,1000000.00,4.499259,102.048828125
08:00:18,912810UA4,TSRYS5802849,D,S,D,2024-07-08,1000000.00,4.499259,102.048828125
08:00:18,912810UA4,TSRYS5802849,D,S,D,2024-07-08,1000000.00,4.499259,102.048828125
08:00:18,912810UA4,TSRYS5802849,D,S,D,2024-07-08,1000000.00,4.499259,102.048828125
08:00:18,912810UA4,TSRYS5802849,D,S,D,2024-07-08,1000000.00,4.499966,102.037109375
08:00:18,912810UA4,TSRYS5802849,D,S,D,2024-07-08,1000000.00,4.499259,102.048828125
08:00:18,912810UA4,TSRYS5802849,D,S,A,2024-07-08,500000.00,4.497963,102.0703125
08:00:18,912810UA4,TSRYS5802849,D,S,D,2024-07-08,1000000.00,4.498317,102.064453125
08:00:18,912810UA4,TSRYS5802849,D,S,D,2024-07-08,1000000.00,4.497963,102.0703125
08:00:18,912810UA4,TSRYS5802849,D,S,D,2024-07-08,1000000.00,4.498317,102.064453125
08:00:18,912810UA4,TSRYS5802849,D,S,D,2024-07-08,1000000.00,4.498199,102.06640625
08:00:18,912810UA4,TSRYS5802849,D,S,D,2024-07-08,1000000.00,4.498317,102.064453125
08:00:18,912810UA4,TSRYS5802849,D,S,D,2024-07-08,1000000.00,4.498435,102.0625
08:00:18,912810UA4,TSRYS5802849,D,S,D,2024-07-08,2000000.00,4.497492,102.078125
08:00:18,912810UA4,TSRYS5802849,D,S,D,2024-07-08,1000000.00,4.50032,102.03125
08:00:18,912810UA4,TSRYS5802849,D,S,D,2024-07-08,1000000.00,4.49655,102.09375
08:00:18,912810UA4,TSRYS5802849,D,S,D,2024-07-08,1000000.00,4.49655,102.09375
08:00:18,912810UA4,TSRYS5802849,D,S,D,2024-07-08,1000000.00,4.49655,102.09375
08:00:18,912810UA4,TSRYS5802849,D,S,D,2024-07-08,1000000.00,4.49655,102.09375
08:00:18,912810UA4,TSRYS5802849,D,S,D,2024-07-08,1000000.00,4.49655,102.09375
08:00:18,912810UA4,TSRYS5802849,D,S,D,2024-07-08,1000000.00,4.495138,102.1171875
08:00:18,912810UA4,TSRYS5802849,D,S,D,2024-07-08,1000000.00,4.495373,102.11328125
08:00:18,912810UA4,TSRYS5802849,D,S,D,2024-07-08,1000000.00,4.492785,102.15625
08:00:18,912810UA4,TSRYS5802849,D,S,D,2024-07-08,1000000.00,4.493255,102.1484375
08:00:18,912810UA4,TSRYS5802849,D,S,D,2024-07-08,1000000.00,4.493255,102.1484375
08:00:18,912810UA4,TSRYS5802849,D,S,D,2024-07-08,1000000.00,4.492196,102.166015625
08:00:18,912810UA4,TSRYS5802849,D,S,D,2024-07-08,1000000.00,4.492314,102.1640625
08:00:18,912810UA4,TSRYS5802849,D,S,D,2024-07-08,1000000.00,4.492196,102.166015625
08:00:18,912810UA4,TSRYS5802849,D,S,D,2024-07-08,1000000.00,4.492314,102.1640625
08:00:18,912810UA4,TSRYS5802849,D,S,D,2024-07-08,1000000.00,4.492196,102.166015625
08:00:18,912810UA4,TSRYS5802849,D,S,D,2024-07-08,1000000.00,4.500909,102.021484375
08:00:18,912810UA4,TSRYS5802849,D,S,D,2024-07-08,1000000.00,4.500791,102.0234375
08:00:22,912810UA4,TSRYS5802849,D,S,D,2024-07-08,1000000.00,4.498435,102.0625
08:00:22,912810UA4,TSRYS5802849,D,S,D,2024-07-08,1000000.00,4.498435,102.0625
08:00:22,912810UA4,TSRYS5802849,D,S,D,2024-07-08,1000000.00,4.492196,102.166015625
08:00:27,912810UA4,TSRYS5802849,D,S,D,2024-07-08,1000000.00,4.498435,102.0625
08:00:27,912810UA4,TSRYS5802849,D,S,D,2024-07-08,1000000.00,4.492196,102.166015625
08:00:27,912810UA4,TSRYS5802849,D,S,D,2024-07-08,1000000.00,4.492196,102.166015625
08:00:28,912810UA4,TSRYS5802849,D,S,T,2024-07-08,1000000.00,4.497492,102.078125
08:00:28,912810UA4,TSRYS5802849,D,S,T,2024-07-08,1000000.00,4.495609,102.109375
08:00:28,912810UA4,TSRYS5802849,D,S,T,2024-07-08,2000000.00,4.499377,102.046875
08:00:28,912810UA4,TSRYS5802849,D,S,T,2024-07-08,1000000.00,4.495609,102.109375
08:00:28,912810UA4,TSRYS5802849,D,S,T,2024-07-08,1000000.00,4.495609,102.109375
08:00:28,912810UA4,TSRYS5802849,D,S,T,2024-07-08,1000000.00,4.495609,102.109375
08:00:28,912810UA4,TSRYS5802849,D,S,T,2024-07-08,1000000.00,4.502206,102.0
08:00:29,912810UA4,TSRYS5802849,D,S,T,2024-07-08,1000000.00,4.494196,102.1328125
08:00:29,912810UA4,TSRYS5802849,D,S,T,2024-07-08,1000000.00,4.493726,102.140625
08:00:30,912810UA4,TSRYS5802849,D,S,T,2024-07-08,1000000.00,4.490903,102.1875
08:00:30,912810UA4,TSRYS5802849,D,S,T,2024-07-08,1000000.00,4.494902,102.12109375
08:00:30,912810UA4,TSRYS5802849,D,S,T,2024-07-08,1000000.00,4.494902,102.12109375
08:00:30,912810UA4,TSRYS5802849,D,S,T,2024-07-08,1000000.00,4.494902,102.12109375
08:00:30,912810UA4,TSRYS5802849,D,S,T,2024-07-08,1000000.00,4.494902,102.12109375
08:00:30,912810UA4,TSRYS5802849,D,S,T,2024-07-08,1000000.00,4.494902,102.12109375
08:00:30,912810UA4,TSRYS5802849,D,S,T,2024-07-08,1000000.00,4.498435,102.0625
08:00:30,912810UA4,TSRYS5802849,D,S,T,2024-07-08,1000000.00,4.50032,102.03125
08:00:30,912810UA4,TSRYS5802849,D,S,T,2024-07-08,1000000.00,4.497492,102.078125
08:00:30,912810UA4,TSRYS5802849,D,S,T,2024-07-08,1000000.00,4.497492,102.078125
08:00:30,912810UA4,TSRYS5802849,D,S,T,2024-07-08,1000000.00,4.496904,102.087890625
08:00:30,912810UA4,TSRYS5802849,D,S,T,2024-07-08,1000000.00,4.499377,102.046875
08:00:30,912810UA4,TSRYS5802849,D,S,T,2024-07-08,1000000.00,4.499377,102.046875
08:00:30,912810UA4,TSRYS5802849,D,S,T,2024-07-08,1000000.00,4.50032,102.03125
08:00:30,912810UA4,TSRYS5802849,D,S,T,2024-07-08,1000000.00,4.497492,102.078125
08:00:30,912810UA4,TSRYS5802849,D,S,T,2024-07-08,1000000.00,4.497492,102.078125
08:00:30,912810UA4,TSRYS5802849,D,S,T,2024-07-08,1000000.00,4.50032,102.03125
08:00:30,912810UA4,TSRYS5802849,D,S,T,2024-07-08,1000000.00,4.496904,102.087890625
08:00:30,912810UA4,TSRYS5802849,D,S,T,2024-07-08,1000000.00,4.498435,102.0625
08:00:30,912810UA4,TSRYS5802849,D,S,T,2024-07-08,1000000.00,4.490903,102.1875
08:00:30,912810UA4,TSRYS5802849,D,S,T,2024-07-08,1000000.00,4.493726,102.140625
08:00:30,912810UA4,TSRYS5802849,D,S,T,2024-07-08,1000000.00,4.49055,102.193359375
08:00:30,912810UA4,TSRYS5802849,D,S,T,2024-07-08,1000000.00,4.489492,102.2109375
08:00:30,912810UA4,TSRYS5802849,D,S,T,2024-07-08,1000000.00,4.489492,102.2109375
08:00:30,912810UA4,TSRYS5802849,D,S,T,2024-07-08,1000000.00,4.489727,102.20703125
08:00:30,912810UA4,TSRYS5802849,D,S,T,2024-07-08,1000000.00,4.491373,102.1796875
08:00:30,912810UA4,TSRYS5802849,D,S,T,2024-07-08,1000000.00,4.488082,102.234375
08:00:30,912810UA4,TSRYS5802849,D,S,T,2024-07-08,1000000.00,4.491844,102.171875
08:00:30,912810UA4,TSRYS5802849,D,S,T,2024-07-08,1000000.00,4.497492,102.078125
08:00:30,912810UA4,TSRYS5802849,D,S,T,2024-07-08,1000000.00,4.497492,102.078125
08:00:30,912810UA4,TSRYS5802849,D,S,T,2024-07-08,1000000.00,4.497492,102.078125
08:00:30,912810UA4,TSRYS5802849,D,S,T,2024-07-08,1000000.00,4.497021,102.0859375
08:00:30,912810UA4,TSRYS5802849,D,S,T,2024-07-08,1000000.00,4.498199,102.06640625
08:00:30,912810UA4,TSRYS5802849,D,S,T,2024-07-08,1000000.00,4.497728,102.07421875
08:00:30,912810UA4,TSRYS5802849,D,S,T,2024-07-08,1000000.00,4.495844,102.10546875
08:00:30,912810UA4,TSRYS5802849,D,S,T,2024-07-08,1000000.00,4.495609,102.109375
08:00:30,912810UA4,TSRYS5802849,D,S,T,2024-07-08,1000000.00,4.495609,102.109375
08:00:30,912810UA4,TSRYS5802849,D,S,T,2024-07-08,1000000.00,4.495609,102.109375
08:00:30,912810UA4,TSRYS5802849,D,S,T,2024-07-08,1000000.00,4.495609,102.109375
08:00:30,912810UA4,TSRYS5802849,D,S,T,2024-07-08,1000000.00,4.494667,102.125
08:00:30,912810UA4,TSRYS5802849,D,S,T,2024-07-08,1000000.00,4.494667,102.125
08:00:30,912810UA4,TSRYS5802849,D,S,T,2024-07-08,1000000.00,4.494667,102.125
08:00:30,912810UA4,TSRYS5802849,D,S,T,2024-07-08,1000000.00,4.494667,102.125
08:00:30,912810UA4,TSRYS5802849,D,S,T,2024-07-08,1000000.00,4.494667,102.125
08:00:30,912810UA4,TSRYS5802849,D,S,T,2024-07-08,1000000.00,4.493726,102.140625
08:00:30,912810UA4,TSRYS5802849,D,S,T,2024-07-08,1000000.00,4.493726,102.140625
08:00:30,912810UA4,TSRYS5802849,D,S,T,2024-07-08,1000000.00,4.493726,102.140625
08:00:30,912810UA4,TSRYS5802849,D,S,T,2024-07-08,1000000.00,4.493726,102.140625
08:00:30,912810UA4,TSRYS5802849,D,S,T,2024-07-08,1000000.00,4.493726,102.140625
08:00:30,912810UA4,TSRYS5802849,D,S,T,2024-07-08,2000000.00,4.493726,102.140625
08:00:30,912810UA4,TSRYS5802849,D,S,T,2024-07-08,1000000.00,4.493726,102.140625
08:00:30,912810UA4,TSRYS5802849,D,S,T,2024-07-08,1000000.00,4.493726,102.140625
08:00:30,912810UA4,TSRYS5802849,D,S,T,2024-07-08,1000000.00,4.493726,102.140625
08:00:30,912810UA4,TSRYS5802849,D,S,T,2024-07-08,1000000.00,4.493726,102.140625
08:00:30,912810UA4,TSRYS5802849,D,S,T,2024-07-08,1000000.00,4.493726,102.140625
08:00:30,912810UA4,TSRYS5802849,D,S,T,2024-07-08,1000000.00,4.489962,102.203125
08:00:30,912810UA4,TSRYS5802849,D,S,T,2024-07-08,1000000.00,4.489962,102.203125
08:00:30,912810UA4,TSRYS5802849,D,S,T,2024-07-08,1000000.00,4.489962,102.203125
08:00:30,912810UA4,TSRYS5802849,D,S,T,2024-07-08,1000000.00,4.487142,102.25
08:00:30,912810UA4,TSRYS5802849,D,S,T,2024-07-08,1000000.00,4.487142,102.25
08:00:30,912810UA4,TSRYS5802849,D,S,T,2024-07-08,1000000.00,4.490903,102.1875
08:00:30,912810UA4,TSRYS5802849,D,S,T,2024-07-08,1000000.00,4.491844,102.171875
08:00:30,912810UA4,TSRYS5802849,D,S,T,2024-07-08,1000000.00,4.493726,102.140625
08:00:30,912810UA4,TSRYS5802849,D,S,T,2024-07-08,1000000.00,4.489962,102.203125
08:00:33,912810UA4,TSRYS5802849,D,S,D,2024-07-08,1000000.00,4.490197,102.19921875
08:00:33,912810UA4,TSRYS5802849,D,S,D,2024-07-08,1000000.00,4.487847,102.23828125
08:00:33,912810UA4,TSRYS5802849,D,S,D,2024-07-08,1000000.00,4.497257,102.08203125
08:00:33,912810UA4,TSRYS5802849,D,S,D,2024-07-08,1000000.00,4.498317,102.064453125
08:00:33,912810UA4,TSRYS5802849,D,S,D,2024-07-08,1000000.00,4.498317,102.064453125
08:00:33,912810UA4,TSRYS5802849,D,S,T,2024-07-08,1000000.00,4.498435,102.0625
08:00:33,912810UA4,TSRYS5802849,D,S,T,2024-07-08,1000000.00,4.497492,102.078125
08:00:33,912810UA4,TSRYS5802849,D,S,T,2024-07-08,1000000.00,4.497492,102.078125
08:00:33,912810UA4,TSRYS5802849,D,S,T,2024-07-08,1000000.00,4.497492,102.078125
08:00:33,912810UA4,TSRYS5802849,D,S,T,2024-07-08,1000000.00,4.497492,102.078125
08:00:33,912810UA4,TSRYS5802849,D,S,T,2024-07-08,1000000.00,4.497492,102.078125
08:00:33,912810UA4,TSRYS5802849,D,S,T,2024-07-08,1000000.00,4.497492,102.078125
08:00:33,912810UA4,TSRYS5802849,D,S,T,2024-07-08,1000000.00,4.497492,102.078125
08:00:33,912810UA4,TSRYS5802849,D,S,T,2024-07-08,1000000.00,4.49655,102.09375
08:00:33,912810UA4,TSRYS5802849,D,S,T,2024-07-08,1000000.00,4.497492,102.078125
08:00:33,912810UA4,TSRYS5802849,D,S,T,2024-07-08,1000000.00,4.497492,102.078125
08:00:33,912810UA4,TSRYS5802849,D,S,T,2024-07-08,1000000.00,4.498435,102.0625
08:00:33,912810UA4,TSRYS5802849,D,S,T,2024-07-08,1000000.00,4.499377,102.046875
08:00:33,912810UA4,TSRYS5802849,D,S,T,2024-07-08,1000000.00,4.498435,102.0625
08:00:33,912810UA4,TSRYS5802849,D,S,T,2024-07-08,1000000.00,4.498435,102.0625
08:00:33,912810UA4,TSRYS5802849,D,S,T,2024-07-08,1000000.00,4.499377,102.046875
08:00:33,912810UA4,TSRYS5802849,D,S,T,2024-07-08,1000000.00,4.499377,102.046875
08:00:33,912810UA4,TSRYS5802849,D,S,T,2024-07-08,1000000.00,4.499377,102.046875
08:00:33,912810UA4,TSRYS5802849,D,S,T,2024-07-08,1000000.00,4.485263,102.28125
08:00:33,912810UA4,TSRYS5802849,D,S,T,2024-07-08,1000000.00,4.486202,102.265625
08:00:33,912810UA4,TSRYS5802849,D,S,T,2024-07-08,1000000.00,4.485263,102.28125
08:00:33,912810UA4,TSRYS5802849,D,S,T,2024-07-08,1000000.00,4.487142,102.25
08:00:33,912810UA4,TSRYS5802849,D,S,T,2024-07-08,1000000.00,4.485145,102.283203125
08:00:33,912810UA4,TSRYS5802849,D,S,T,2024-07-08,1000000.00,4.485263,102.28125
08:00:33,912810UA4,TSRYS5802849,D,S,T,2024-07-08,1000000.00,4.485263,102.28125
08:00:33,912810UA4,TSRYS5802849,D,S,T,2024-07-08,1000000.00,4.485263,102.28125
08:00:33,912810UA4,TSRYS5802849,D,S,T,2024-07-08,1000000.00,4.486202,102.265625
08:00:33,912810UA4,TSRYS5802849,D,S,T,2024-07-08,1000000.00,4.486202,102.265625
08:00:33,912810UA4,TSRYS5802849,D,S,T,2024-07-08,1000000.00,4.485263,102.28125
08:00:33,912810UA4,TSRYS5802849,D,S,T,2024-07-08,1000000.00,4.485263,102.28125
08:00:33,912810UA4,TSRYS5802849,D,S,T,2024-07-08,1000000.00,4.485263,102.28125
08:00:33,912810UA4,TSRYS5802849,D,S,T,2024-07-08,1000000.00,4.485263,102.28125
08:00:33,912810UA4,TSRYS5802849,D,S,T,2024-07-08,1000000.00,4.485263,102.28125
08:00:33,912810UA4,TSRYS5802849,D,S,T,2024-07-08,2000000.00,4.485263,102.28125
08:00:33,912810UA4,TSRYS5802849,D,S,T,2024-07-08,1000000.00,4.485263,102.28125
08:00:33,912810UA4,TSRYS5802849,D,S,T,2024-07-08,1000000.00,4.485263,102.28125
08:00:33,912810UA4,TSRYS5802849,D,S,T,2024-07-08,1000000.00,4.486202,102.265625
08:00:33,912810UA4,TSRYS5802849,D,S,T,2024-07-08,1000000.00,4.486202,102.265625
08:00:33,912810UA4,TSRYS5802849,D,S,T,2024-07-08,1000000.00,4.487142,102.25
08:00:33,912810UA4,TSRYS5802849,D,S,T,2024-07-08,1000000.00,4.487142,102.25
08:00:33,912810UA4,TSRYS5802849,D,S,T,2024-07-08,1000000.00,4.490903,102.1875
08:00:33,912810UA4,TSRYS5802849,D,S,T,2024-07-08,1000000.00,4.490903,102.1875
08:00:33,912810UA4,TSRYS5802849,D,S,T,2024-07-08,1000000.00,4.490903,102.1875
08:00:33,912810UA4,TSRYS5802849,D,S,T,2024-07-08,1000000.00,4.491844,102.171875
08:00:33,912810UA4,TSRYS5802849,D,S,T,2024-07-08,1000000.00,4.492785,102.15625
08:00:33,912810UA4,TSRYS5802849,D,S,T,2024-07-08,1000000.00,4.493726,102.140625
08:00:33,912810UA4,TSRYS5802849,D,S,T,2024-07-08,1000000.00,4.493961,102.13671875
08:00:33,912810UA4,TSRYS5802849,D,S,T,2024-07-08,1000000.00,4.493961,102.13671875
08:00:33,912810UA4,TSRYS5802849,D,S,T,2024-07-08,1000000.00,4.493961,102.13671875
08:00:33,912810UA4,TSRYS5802849,D,S,T,2024-07-08,1000000.00,4.493961,102.13671875
08:00:33,912810UA4,TSRYS5802849,D,S,T,2024-07-08,1000000.00,4.495609,102.109375
08:00:33,912810UA4,TSRYS5802849,D,S,T,2024-07-08,1000000.00,4.497021,102.0859375
08:00:33,912810UA4,TSRYS5802849,D,S,T,2024-07-08,1000000.00,4.498435,102.0625
08:00:33,912810UA4,TSRYS5802849,D,S,T,2024-07-08,1000000.00,4.498435,102.0625
08:00:33,912810UA4,TSRYS5802849,D,S,T,2024-07-08,1000000.00,4.499377,102.046875
08:00:33,912810UA4,TSRYS5802849,D,S,T,2024-07-08,1000000.00,4.499377,102.046875
08:00:33,912810UA4,TSRYS5802849,D,S,T,2024-07-08,1000000.00,4.498552,102.060546875
08:00:33,912810UA4,TSRYS5802849,D,S,T,2024-07-08,1000000.00,4.498552,102.060546875
08:00:33,912810UA4,TSRYS5802849,D,S,T,2024-07-08,1000000.00,4.499141,102.05078125
08:00:33,912810UA4,TSRYS5802849,D,S,T,2024-07-08,1000000.00,4.499377,102.046875
08:00:33,912810UA4,TSRYS5802849,D,S,T,2024-07-08,1000000.00,4.499377,102.046875
08:00:33,912810UA4,TSRYS5802849,D,S,T,2024-07-08,1000000.00,4.499377,102.046875
08:00:33,912810UA4,TSRYS5802849,D,S,T,2024-07-08,1000000.00,4.499377,102.046875
08:00:33,912810UA4,TSRYS5802849,D,S,T,2024-07-08,1000000.00,4.499377,102.046875
08:00:33,912810UA4,TSRYS5802849,D,S,T,2024-07-08,1000000.00,4.499377,102.046875
08:00:33,912810UA4,TSRYS5802849,D,S,T,2024-07-08,1000000.00,4.500202,102.033203125
08:00:33,912810UA4,TSRYS5802849,D,S,T,2024-07-08,1000000.00,4.500202,102.033203125
08:00:33,912810UA4,TSRYS5802849,D,S,T,2024-07-08,1000000.00,4.496433,102.095703125
08:00:33,912810UA4,TSRYS5802849,D,S,T,2024-07-08,1000000.00,4.496197,102.099609375
08:00:33,912810UA4,TSRYS5802849,D,S,T,2024-07-08,1000000.00,4.496315,102.09765625
08:00:33,912810UA4,TSRYS5802849,D,S,T,2024-07-08,1000000.00,4.49608,102.1015625
08:00:33,912810UA4,TSRYS5802849,D,S,T,2024-07-08,1000000.00,4.495962,102.103515625
08:00:33,912810UA4,TSRYS5802849,D,S,T,2024-07-08,1000000.00,4.495844,102.10546875
08:00:33,912810UA4,TSRYS5802849,D,S,T,2024-07-08,1000000.00,4.495726,102.107421875
08:00:33,912810UA4,TSRYS5802849,D,S,T,2024-07-08,1000000.00,4.495609,102.109375
08:00:33,912810UA4,TSRYS5802849,D,S,T,2024-07-08,1000000.00,4.495609,102.109375
08:00:33,912810UA4,TSRYS5802849,D,S,T,2024-07-08,1000000.00,4.499377,102.046875
08:00:33,912810UA4,TSRYS5802849,D,S,T,2024-07-08,1000000.00,4.50032,102.03125
08:00:33,912810UA4,TSRYS5802849,D,S,T,2024-07-08,1000000.00,4.498435,102.0625
08:00:33,912810UA4,TSRYS5802849,D,S,T,2024-07-08,1000000.00,4.499377,102.046875
08:00:33,912810UA4,TSRYS5802849,D,S,T,2024-07-08,1000000.00,4.501262,102.015625
08:00:33,912810UA4,TSRYS5802849,D,S,T,2024-07-08,2000000.00,4.499377,102.046875
08:00:33,912810UA4,TSRYS5802849,D,S,T,2024-07-08,1000000.00,4.499377,102.046875
08:00:33,912810UA4,TSRYS5802849,D,S,T,2024-07-08,1000000.00,4.499377,102.046875
08:00:33,912810UA4,TSRYS5802849,D,S,T,2024-07-08,1000000.00,4.499377,102.046875
08:00:33,912810UA4,TSRYS5802849,D,S,T,2024-07-08,1000000.00,4.502206,102.0
08:00:33,912810UA4,TSRYS5802849,D,S,T,2024-07-08,1000000.00,4.502206,102.0
08:00:33,912810UA4,TSRYS5802849,D,S,T,2024-07-08,1000000.00,4.501262,102.015625
08:00:33,912810UA4,TSRYS5802849,D,S,T,2024-07-08,1000000.00,4.501262,102.015625
08:00:33,912810UA4,TSRYS5802849,D,S,T,2024-07-08,1000000.00,4.501262,102.015625
08:00:33,912810UA4,TSRYS5802849,D,S,T,2024-07-08,1000000.00,4.503149,101.984375
08:00:33,912810UA4,TSRYS5802849,D,S,T,2024-07-08,1000000.00,4.504092,101.96875
08:00:33,912810UA4,TSRYS5802849,D,S,T,2024-07-08,1000000.00,4.504092,101.96875
08:00:33,912810UA4,TSRYS5802849,D,S,T,2024-07-08,1000000.00,4.504092,101.96875
08:00:33,912810UA4,TSRYS5802849,D,S,T,2024-07-08,1000000.00,4.505036,101.953125
08:00:33,912810UA4,TSRYS5802849,D,S,T,2024-07-08,1000000.00,4.505036,101.953125
08:00:33,912810UA4,TSRYS5802849,D,S,T,2024-07-08,1000000.00,4.50598,101.9375
08:00:33,912810UA4,TSRYS5802849,D,S,T,2024-07-08,1000000.00,4.50598,101.9375
08:00:33,912810UA4,TSRYS5802849,D,S,T,2024-07-08,1000000.00,4.506924,101.921875
08:00:33,912810UA4,TSRYS5802849,D,S,T,2024-07-08,1000000.00,4.506924,101.921875
08:00:33,912810UA4,TSRYS5802849,D,S,T,2024-07-08,1000000.00,4.508813,101.890625
08:00:33,912810UA4,TSRYS5802849,D,S,T,2024-07-08,1000000.00,4.508813,101.890625
08:00:33,912810UA4,TSRYS5802849,D,S,T,2024-07-08,1000000.00,4.508813,101.890625
08:00:33,912810UA4,TSRYS5802849,D,S,T,2024-07-08,1000000.00,4.508813,101.890625
08:00:33,912810UA4,TSRYS5802849,D,S,T,2024-07-08,1000000.00,4.509049,101.88671875
08:00:33,912810UA4,TSRYS5802849,D,S,T,2024-07-08,1000000.00,4.50598,101.9375
08:00:33,912810UA4,TSRYS5802849,D,S,T,2024-07-08,1000000.00,4.50598,101.9375
08:00:33,912810UA4,TSRYS5802849,D,S,T,2024-07-08,1000000.00,4.503149,101.984375
08:00:33,912810UA4,TSRYS5802849,D,S,T,2024-07-08,1000000.00,4.501262,102.015625
08:00:33,912810UA4,TSRYS5802849,D,S,T,2024-07-08,1000000.00,4.49867,102.05859375
08:00:33,912810UA4,TSRYS5802849,D,S,T,2024-07-08,1000000.00,4.49867,102.05859375
08:00:33,912810UA4,TSRYS5802849,D,S,T,2024-07-08,1000000.00,4.496668,102.091796875
08:00:33,912810UA4,TSRYS5802849,D,S,T,2024-07-08,1000000.00,4.496668,102.091796875
08:00:33,912810UA4,TSRYS5802849,D,S,T,2024-07-08,1000000.00,4.49655,102.09375
08:00:33,912810UA4,TSRYS5802849,D,S,T,2024-07-08,1000000.00,4.495609,102.109375
08:00:33,912810UA4,TSRYS5802849,D,S,T,2024-07-08,1000000.00,4.492785,102.15625
08:00:33,912810UA4,TSRYS5802849,D,S,T,2024-07-08,1000000.00,4.494667,102.125
08:00:33,912810UA4,TSRYS5802849,D,S,T,2024-07-08,1000000.00,4.494667,102.125
08:00:33,912810UA4,TSRYS5802849,D,S,T,2024-07-08,1000000.00,4.494667,102.125
08:00:33,912810UA4,TSRYS5802849,D,S,T,2024-07-08,1000000.00,4.496668,102.091796875
08:00:33,912810UA4,TSRYS5802849,D,S,T,2024-07-08,1000000.00,4.49655,102.09375
08:00:33,912810UA4,TSRYS5802849,D,S,T,2024-07-08,1000000.00,4.49655,102.09375
08:00:33,912810UA4,TSRYS5802849,D,S,T,2024-07-08,1000000.00,4.49608,102.1015625
08:00:33,912810UA4,TSRYS5802849,D,S,T,2024-07-08,1000000.00,4.49608,102.1015625
08:00:33,912810UA4,TSRYS5802849,D,S,T,2024-07-08,1000000.00,4.497492,102.078125
08:00:33,912810UA4,TSRYS5802849,D,S,T,2024-07-08,1000000.00,4.49655,102.09375
08:00:33,912810UA4,TSRYS5802849,D,S,T,2024-07-08,1000000.00,4.497257,102.08203125
08:00:33,912810UA4,TSRYS5802849,D,S,T,2024-07-08,2000000.00,4.497257,102.08203125
08:00:33,912810UA4,TSRYS5802849,D,S,T,2024-07-08,1000000.00,4.498435,102.0625
08:00:33,912810UA4,TSRYS5802849,D,S,T,2024-07-08,1000000.00,4.498435,102.0625
08:00:33,912810UA4,TSRYS5802849,D,S,T,2024-07-08,1000000.00,4.498435,102.0625
08:00:33,912810UA4,TSRYS5802849,D,S,T,2024-07-08,1000000.00,4.498435,102.0625
08:00:33,912810UA4,TSRYS5802849,D,S,T,2024-07-08,1000000.00,4.498906,102.0546875
08:00:33,912810UA4,TSRYS5802849,D,S,T,2024-07-08,1000000.00,4.501262,102.015625
08:00:33,912810UA4,TSRYS5802849,D,S,T,2024-07-08,1000000.00,4.502206,102.0
08:00:33,912810UA4,TSRYS5802849,D,S,T,2024-07-08,1000000.00,4.502206,102.0
08:00:33,912810UA4,TSRYS5802849,D,S,T,2024-07-08,1000000.00,4.502206,102.0
08:00:33,912810UA4,TSRYS5802849,D,S,T,2024-07-08,1000000.00,4.502206,102.0
08:00:33,912810UA4,TSRYS5802849,D,S,T,2024-07-08,1000000.00,4.502206,102.0
08:00:33,912810UA4,TSRYS5802849,D,S,T,2024-07-08,1000000.00,4.502206,102.0
08:00:33,912810UA4,TSRYS5802849,D,S,T,2024-07-08,1000000.00,4.502206,102.0
08:00:33,912810UA4,TSRYS5802849,D,S,T,2024-07-08,1000000.00,4.502206,102.0
08:00:33,912810UA4,TSRYS5802849,D,S,T,2024-07-08,1000000.00,4.503149,101.984375
08:00:33,912810UA4,TSRYS5802849,D,S,T,2024-07-08,1000000.00,4.503149,101.984375
08:00:33,912810UA4,TSRYS5802849,D,S,T,2024-07-08,1000000.00,4.503149,101.984375
08:00:33,912810UA4,TSRYS5802849,D,S,T,2024-07-08,1000000.00,4.503149,101.984375
08:00:33,912810UA4,TSRYS5802849,D,S,T,2024-07-08,1000000.00,4.501852,102.005859375
08:00:33,912810UA4,TSRYS5802849,D,S,T,2024-07-08,1000000.00,4.501262,102.015625
08:00:33,912810UA4,TSRYS5802849,D,S,T,2024-07-08,1000000.00,4.501262,102.015625
08:00:33,912810UA4,TSRYS5802849,D,S,T,2024-07-08,1000000.00,4.502206,102.0
08:00:33,912810UA4,TSRYS5802849,D,S,T,2024-07-08,1000000.00,4.503149,101.984375
08:00:33,912810UA4,TSRYS5802849,D,S,T,2024-07-08,1000000.00,4.501262,102.015625
08:00:33,912810UA4,TSRYS5802849,D,S,T,2024-07-08,1000000.00,4.502206,102.0
08:00:33,912810UA4,TSRYS5802849,D,S,T,2024-07-08,1000000.00,4.499377,102.046875
08:00:33,912810UA4,TSRYS5802849,D,S,T,2024-07-08,2000000.00,4.499377,102.046875
08:00:33,912810UA4,TSRYS5802849,D,S,T,2024-07-08,2000000.00,4.499377,102.046875
08:00:33,912810UA4,TSRYS5802849,D,S,T,2024-07-08,1000000.00,4.499377,102.046875
08:00:33,912810UA4,TSRYS5802849,D,S,D,2024-07-08,1000000.00,4.49655,102.09375
08:00:33,912810UA4,TSRYS5802849,D,S,D,2024-07-08,1000000.00,4.497492,102.078125
08:00:33,912810UA4,TSRYS5802849,D,S,D,2024-07-08,1000000.00,4.499377,102.046875
08:00:33,912810UA4,TSRYS5802849,D,S,D,2024-07-08,1000000.00,4.499377,102.046875
08:00:33,912810UA4,TSRYS5802849,D,S,D,2024-07-08,1000000.00,4.499377,102.046875
08:00:33,912810UA4,TSRYS5802849,D,S,D,2024-07-08,1000000.00,4.497492,102.078125
08:00:33,912810UA4,TSRYS5802849,D,S,D,2024-07-08,1000000.00,4.489962,102.203125
08:00:33,912810UA4,TSRYS5802849,D,S,D,2024-07-08,1000000.00,4.489962,102.203125
08:00:33,912810UA4,TSRYS5802849,D,S,D,2024-07-08,1000000.00,4.489962,102.203125
08:00:33,912810UA4,TSRYS5802849,D,S,D,2024-07-08,1000000.00,4.489962,102.203125
08:00:33,912810UA4,TSRYS5802849,D,S,D,2024-07-08,1000000.00,4.497492,102.078125
08:00:33,912810UA4,TSRYS5802849,D,S,D,2024-07-08,1000000.00,4.490432,102.1953125
08:00:33,912810UA4,TSRYS5802849,D,S,D,2024-07-08,1000000.00,4.489727,102.20703125
08:00:33,912810UA4,TSRYS5802849,D,S,D,2024-07-08,1000000.00,4.497492,102.078125
08:00:33,912810UA4,TSRYS5802849,D,S,D,2024-07-08,1000000.00,4.495844,102.10546875
08:00:33,912810UA4,TSRYS5802849,D,S,D,2024-07-08,1000000.00,4.489962,102.203125
08:00:33,912810UA4,TSRYS5802849,D,S,D,2024-07-08,1000000.00,4.489962,102.203125
08:00:33,912810UA4,TSRYS5802849,D,S,D,2024-07-08,1000000.00,4.498906,102.0546875
08:00:33,912810UA4,TSRYS5802849,D,S,D,2024-07-08,1000000.00,4.498435,102.0625
08:00:33,912810UA4,TSRYS5802849,D,S,D,2024-07-08,1000000.00,4.501262,102.015625
08:00:33,912810UA4,TSRYS5802849,D,S,D,2024-07-08,1000000.00,4.497728,102.07421875
08:00:33,912810UA4,TSRYS5802849,D,S,D,2024-07-08,1000000.00,4.497492,102.078125
08:00:33,912810UA4,TSRYS5802849,D,S,D,2024-07-08,1000000.00,4.489962,102.203125
08:00:33,912810UA4,TSRYS5802849,D,S,D,2024-07-08,1000000.00,4.489962,102.203125
08:00:33,912810UA4,TSRYS5802849,D,S,D,2024-07-08,1000000.00,4.489962,102.203125
08:00:33,912810UA4,TSRYS5802849,D,S,D,2024-07-08,1000000.00,4.489962,102.203125
08:00:33,912810UA4,TSRYS5802849,D,S,D,2024-07-08,1000000.00,4.489962,102.203125
08:00:33,912810UA4,TSRYS5802849,D,S,D,2024-07-08,1000000.00,4.489845,102.205078125
08:00:33,912810UA4,TSRYS5802849,D,S,D,2024-07-08,1000000.00,4.489962,102.203125
08:00:33,912810UA4,TSRYS5802849,D,S,D,2024-07-08,1000000.00,4.489845,102.205078125
08:00:33,912810UA4,TSRYS5802849,D,S,D,2024-07-08,1000000.00,4.489962,102.203125
08:00:33,912810UA4,TSRYS5802849,D,S,D,2024-07-08,1000000.00,4.487142,102.25
08:00:33,912810UA4,TSRYS5802849,D,S,D,2024-07-08,1000000.00,4.490197,102.19921875
08:00:33,912810UA4,TSRYS5802849,D,S,D,2024-07-08,1000000.00,4.491844,102.171875
08:00:33,912810UA4,TSRYS5802849,D,S,D,2024-07-08,1000000.00,4.485967,102.26953125
08:00:33,912810UA4,TSRYS5802849,D,S,D,2024-07-08,1000000.00,4.489022,102.21875
08:00:33,912810UA4,TSRYS5802849,D,S,D,2024-07-08,1000000.00,4.497375,102.080078125
08:00:33,912810UA4,TSRYS5802849,D,S,D,2024-07-08,1000000.00,4.497375,102.080078125
08:00:33,912810UA4,TSRYS5802849,D,S,D,2024-07-08,1000000.00,4.501262,102.015625
08:00:33,912810UA4,TSRYS5802849,D,S,D,2024-07-08,1000000.00,4.492785,102.15625
08:00:33,912810UA4,TSRYS5802849,D,S,D,2024-07-08,1000000.00,4.491726,102.173828125
08:00:33,912810UA4,TSRYS5802849,D,S,D,2024-07-08,1000000.00,4.491138,102.18359375
08:00:33,912810UA4,TSRYS5802849,D,S,D,2024-07-08,1000000.00,4.489845,102.205078125
08:00:33,912810UA4,TSRYS5802849,D,S,D,2024-07-08,1000000.00,4.482093,102.333984375
08:00:33,912810UA4,TSRYS5802849,D,S,D,2024-07-08,1000000.00,4.481155,102.349609375
08:00:33,912810UA4,TSRYS5802849,D,S,D,2024-07-08,1000000.00,4.481155,102.349609375
08:00:33,912810UA4,TSRYS5802849,D,S,D,2024-07-08,1000000.00,4.489727,102.20703125
08:00:33,912810UA4,TSRYS5802849,D,S,D,2024-07-08,1000000.00,4.489962,102.203125
08:00:33,912810UA4,TSRYS5802849,D,S,D,2024-07-08,1000000.00,4.489962,102.203125
08:00:33,912810UA4,TSRYS5802849,D,S,D,2024-07-08,1000000.00,4.493608,102.142578125
08:00:33,912810UA4,TSRYS5802849,D,S,D,2024-07-08,1000000.00,4.493373,102.146484375
08:00:34,912810UA4,TSRYS5802849,D,S,D,2024-07-08,1000000.00,4.50032,102.03125
08:00:34,912810UA4,TSRYS5802849,D,S,T,2024-07-08,1000000.00,4.495962,102.103515625
08:00:34,912810UA4,TSRYS5802849,D,S,T,2024-07-08,1000000.00,4.494432,102.12890625
08:00:34,912810UA4,TSRYS5802849,D,S,T,2024-07-08,1000000.00,4.494902,102.12109375
08:00:34,912810UA4,TSRYS5802849,D,S,T,2024-07-08,1000000.00,4.494902,102.12109375
08:00:34,912810UA4,TSRYS5802849,D,S,T,2024-07-08,1000000.00,4.496315,102.09765625
08:00:34,912810UA4,TSRYS5802849,D,S,T,2024-07-08,1000000.00,4.497257,102.08203125
08:00:34,912810UA4,TSRYS5802849,D,S,T,2024-07-08,1000000.00,4.497728,102.07421875
08:00:34,912810UA4,TSRYS5802849,D,S,T,2024-07-08,1000000.00,4.495844,102.10546875
08:00:34,912810UA4,TSRYS5802849,D,S,T,2024-07-08,1000000.00,4.495844,102.10546875
08:00:34,912810UA4,TSRYS5802849,D,S,T,2024-07-08,1000000.00,4.495373,102.11328125
08:00:34,912810UA4,TSRYS5802849,D,S,T,2024-07-08,1000000.00,4.495373,102.11328125
08:00:34,912810UA4,TSRYS5802849,D,S,T,2024-07-08,1000000.00,4.497492,102.078125
08:00:34,912810UA4,TSRYS5802849,D,S,T,2024-07-08,1000000.00,4.498435,102.0625
08:00:34,912810UA4,TSRYS5802849,D,S,T,2024-07-08,1000000.00,4.498435,102.0625
08:00:34,912810UA4,TSRYS5802849,D,B,A,2024-07-08,500000.00,4.500791,102.0234375
08:00:34,912810UA4,TSRYS5802849,D,S,D,2024-07-08,3000000.00,4.50032,102.03125
08:00:34,912810UA4,TSRYS5802849,D,S,T,2024-07-08,1000000.00,4.50032,102.03125
08:00:34,912810UA4,TSRYS5802849,D,S,T,2024-07-08,1000000.00,4.50032,102.03125
08:00:34,912810UA4,TSRYS5802849,D,S,T,2024-07-08,1000000.00,4.50032,102.03125
08:00:34,912810UA4,TSRYS5802849,D,S,D,2024-07-08,2000000.00,4.50598,101.9375
08:00:34,912810UA4,TSRYS5802849,D,S,D,2024-07-08,2000000.00,4.50598,101.9375
08:00:34,912810UA4,TSRYS5802849,D,S,D,2024-07-08,1000000.00,4.50598,101.9375
08:00:34,912810UA4,TSRYS5802849,D,S,D,2024-07-08,1000000.00,4.506924,101.921875
08:00:34,912810UA4,TSRYS5802849,D,S,D,2024-07-08,1000000.00,4.506924,101.921875
08:00:34,912810UA4,TSRYS5802849,D,S,T,2024-07-08,1000000.00,4.504092,101.96875
08:00:34,912810UA4,TSRYS5802849,D,S,D,2024-07-08,1000000.00,4.504092,101.96875
08:00:34,912810UA4,TSRYS5802849,D,S,D,2024-07-08,1000000.00,4.504092,101.96875
08:00:34,912810UA4,TSRYS5802849,D,S,D,2024-07-08,1000000.00,4.50775,101.908203125
08:00:34,912810UA4,TSRYS5802849,D,S,D,2024-07-08,1000000.00,4.509049,101.88671875
08:00:34,912810UA4,TSRYS5802849,D,S,D,2024-07-08,1000000.00,4.509049,101.88671875
08:00:34,912810UA4,TSRYS5802849,D,S,D,2024-07-08,1000000.00,4.509049,101.88671875
08:00:34,912810UA4,TSRYS5802849,D,S,T,2024-07-08,1000000.00,4.489962,102.203125
08:00:34,912810UA4,TSRYS5802849,D,S,T,2024-07-08,1000000.00,4.489962,102.203125
08:00:34,912810UA4,TSRYS5802849,D,S,T,2024-07-08,1000000.00,4.489962,102.203125
08:00:34,912810UA4,TSRYS5802849,D,S,T,2024-07-08,1000000.00,4.489845,102.205078125
08:00:34,912810UA4,TSRYS5802849,D,S,T,2024-07-08,1000000.00,4.489962,102.203125
08:00:34,912810UA4,TSRYS5802849,D,S,T,2024-07-08,1000000.00,4.489962,102.203125
08:00:34,912810UA4,TSRYS5802849,D,S,T,2024-07-08,1000000.00,4.489962,102.203125
08:00:34,912810UA4,TSRYS5802849,D,S,T,2024-07-08,1000000.00,4.489962,102.203125
08:00:34,912810UA4,TSRYS5802849,D,S,T,2024-07-08,1000000.00,4.489962,102.203125
08:00:34,912810UA4,TSRYS5802849,D,S,T,2024-07-08,1000000.00,4.489962,102.203125
08:00:34,912810UA4,TSRYS5802849,D,S,T,2024-07-08,1000000.00,4.489962,102.203125
08:00:34,912810UA4,TSRYS5802849,D,S,T,2024-07-08,1000000.00,4.489492,102.2109375
08:00:34,912810UA4,TSRYS5802849,D,S,T,2024-07-08,1000000.00,4.491844,102.171875
08:00:34,912810UA4,TSRYS5802849,D,S,T,2024-07-08,1000000.00,4.491844,102.171875
08:00:34,912810UA4,TSRYS5802849,D,S,T,2024-07-08,1000000.00,4.490432,102.1953125
08:00:34,912810UA4,TSRYS5802849,D,S,T,2024-07-08,1000000.00,4.491844,102.171875
08:00:34,912810UA4,TSRYS5802849,D,S,T,2024-07-08,1000000.00,4.495726,102.107421875
08:00:34,912810UA4,TSRYS5802849,D,S,T,2024-07-08,1000000.00,4.485967,102.26953125
08:00:34,912810UA4,TSRYS5802849,D,S,T,2024-07-08,1000000.00,4.487142,102.25
08:00:34,912810UA4,TSRYS5802849,D,S,T,2024-07-08,1000000.00,4.489845,102.205078125
08:00:34,912810UA4,TSRYS5802849,D,S,T,2024-07-08,1000000.00,4.49008,102.201171875
08:00:34,912810UA4,TSRYS5802849,D,S,T,2024-07-08,1000000.00,4.488552,102.2265625
08:00:34,912810UA4,TSRYS5802849,D,S,T,2024-07-08,1000000.00,4.488317,102.23046875
08:00:34,912810UA4,TSRYS5802849,D,S,T,2024-07-08,1000000.00,4.491491,102.177734375
08:00:34,912810UA4,TSRYS5802849,D,S,T,2024-07-08,1000000.00,4.491256,102.181640625
08:00:34,912810UA4,TSRYS5802849,D,S,T,2024-07-08,1000000.00,4.498788,102.056640625
08:00:34,912810UA4,TSRYS5802849,D,S,T,2024-07-08,1000000.00,4.49867,102.05859375
08:00:34,912810UA4,TSRYS5802849,D,S,T,2024-07-08,1000000.00,4.498552,102.060546875
08:00:34,912810UA4,TSRYS5802849,D,S,T,2024-07-08,1000000.00,4.498435,102.0625
08:00:34,912810UA4,TSRYS5802849,D,S,T,2024-07-08,1000000.00,4.498435,102.0625
08:00:34,912810UA4,TSRYS5802849,D,S,T,2024-07-08,1000000.00,4.493137,102.150390625
08:00:34,912810UA4,TSRYS5802849,D,S,T,2024-07-08,1000000.00,4.482445,102.328125
08:00:34,912810UA4,TSRYS5802849,D,S,T,2024-07-08,1000000.00,4.481155,102.349609375
08:00:34,912810UA4,TSRYS5802849,D,S,T,2024-07-08,1000000.00,4.489962,102.203125
08:00:34,912810UA4,TSRYS5802849,D,S,T,2024-07-08,1000000.00,4.489962,102.203125
08:00:34,912810UA4,TSRYS5802849,D,S,T,2024-07-08,1000000.00,4.489962,102.203125
08:00:34,912810UA4,TSRYS5802849,D,S,T,2024-07-08,1000000.00,4.489962,102.203125
08:00:34,912810UA4,TSRYS5802849,D,S,T,2024-07-08,1000000.00,4.489727,102.20703125
08:00:34,912810UA4,TSRYS5802849,D,S,T,2024-07-08,1000000.00,4.493726,102.140625
08:00:34,912810UA4,TSRYS5802849,D,S,T,2024-07-08,1000000.00,4.498199,102.06640625
08:00:34,912810UA4,TSRYS5802849,D,S,T,2024-07-08,1000000.00,4.49867,102.05859375
08:00:34,912810UA4,TSRYS5802849,D,S,T,2024-07-08,1000000.00,4.498317,102.064453125
08:00:34,912810UA4,TSRYS5802849,D,S,T,2024-07-08,1000000.00,4.498788,102.056640625
08:00:34,912810UA4,TSRYS5802849,D,S,T,2024-07-08,2000000.00,4.502559,101.994140625
08:00:34,912810UA4,TSRYS5802849,D,S,T,2024-07-08,3000000.00,4.502559,101.994140625
08:00:34,912810UA4,TSRYS5802849,D,S,T,2024-07-08,1000000.00,4.499141,102.05078125
08:00:34,912810UA4,TSRYS5802849,D,S,T,2024-07-08,1000000.00,4.499141,102.05078125
08:00:34,912810UA4,TSRYS5802849,D,S,T,2024-07-08,1000000.00,4.499141,102.05078125
08:00:34,912810UA4,TSRYS5802849,D,S,T,2024-07-08,1000000.00,4.499141,102.05078125
08:00:34,912810UA4,TSRYS5802849,D,S,T,2024-07-08,1000000.00,4.49867,102.05859375
08:00:34,912810UA4,TSRYS5802849,D,S,T,2024-07-08,1000000.00,4.49867,102.05859375
08:00:34,912810UA4,TSRYS5802849,D,S,T,2024-07-08,1000000.00,4.499141,102.05078125
08:00:34,912810UA4,TSRYS5802849,D,S,T,2024-07-08,1000000.00,4.498906,102.0546875
08:00:34,912810UA4,TSRYS5802849,D,S,T,2024-07-08,1000000.00,4.499141,102.05078125
08:00:34,912810UA4,TSRYS5802849,D,S,T,2024-07-08,1000000.00,4.498906,102.0546875
08:00:34,912810UA4,TSRYS5802849,D,S,T,2024-07-08,1000000.00,4.50032,102.03125
08:00:34,912810UA4,TSRYS5802849,D,S,T,2024-07-08,1000000.00,4.50197,102.00390625
08:00:34,912810UA4,TSRYS5802849,D,S,T,2024-07-08,1000000.00,4.502206,102.0
08:00:34,912810UA4,TSRYS5802849,D,S,T,2024-07-08,1000000.00,4.501262,102.015625
08:00:34,912810UA4,TSRYS5802849,D,S,D,2024-07-08,1000000.00,4.498435,102.0625
08:00:34,912810UA4,TSRYS5802849,D,S,D,2024-07-08,1000000.00,4.498435,102.0625
08:00:34,912810UA4,TSRYS5802849,D,B,C,2024-07-08,16000000.00,4.49655,102.09375
08:00:34,912810UA4,TSRYS5802849,D,S,T,2024-07-08,2000000.00,4.49655,102.09375
08:00:34,912810UA4,TSRYS5802849,D,B,C,2024-07-08,27000000.00,4.497492,102.078125
08:00:34,912810UA4,TSRYS5802849,D,S,D,2024-07-08,1000000.00,4.49608,102.1015625
08:00:34,912810UA4,TSRYS5802849,D,S,D,2024-07-08,1000000.00,4.49525,102.1153297505
08:00:34,912810UA4,TSRYS5802849,D,S,D,2024-07-08,1000000.00,4.49525,102.1153297505
08:00:34,912810UA4,TSRYS5802849,D,S,D,2024-07-08,1000000.00,4.49525,102.1153297505
08:00:34,912810UA4,TSRYS5802849,D,S,T,2024-07-08,1000000.00,4.494667,102.125
08:00:34,912810UA4,TSRYS5802849,D,S,T,2024-07-08,1000000.00,4.494667,102.125
08:00:34,912810UA4,TSRYS5802849,D,S,T,2024-07-08,1000000.00,4.494667,102.125
08:00:34,912810UA4,TSRYS5802849,D,S,D,2024-07-08,1000000.00,4.494667,102.125
08:00:34,912810UA4,TSRYS5802849,D,S,T,2024-07-08,1000000.00,4.492785,102.15625
08:00:34,912810UA4,TSRYS5802849,D,S,T,2024-07-08,1000000.00,4.492785,102.15625
08:00:34,912810UA4,TSRYS5802849,D,S,T,2024-07-08,1000000.00,4.492785,102.15625
08:00:34,912810UA4,TSRYS5802849,D,S,T,2024-07-08,1000000.00,4.492785,102.15625
08:00:34,912810UA4,TSRYS5802849,D,S,T,2024-07-08,1000000.00,4.492785,102.15625
08:00:34,912810UA4,TSRYS5802849,D,S,T,2024-07-08,1000000.00,4.492785,102.15625
08:00:34,912810UA4,TSRYS5802849,D,S,T,2024-07-08,2000000.00,4.491844,102.171875
08:00:34,912810UA4,TSRYS5802849,D,S,T,2024-07-08,1000000.00,4.491844,102.171875
08:00:34,912810UA4,TSRYS5802849,D,S,T,2024-07-08,1000000.00,4.491844,102.171875
08:00:34,912810UA4,TSRYS5802849,D,S,T,2024-07-08,1000000.00,4.491844,102.171875
08:00:34,912810UA4,TSRYS5802849,D,S,T,2024-07-08,1000000.00,4.491844,102.171875
08:00:34,912810UA4,TSRYS5802849,D,S,T,2024-07-08,1000000.00,4.491844,102.171875
08:00:34,912810UA4,TSRYS5802849,D,S,A,2024-07-08,168000.00,4.491608,102.17578125
08:00:34,912810UA4,TSRYS5802849,D,S,D,2024-07-08,13000000.00,4.490628,102.19206
08:00:34,912810UA4,TSRYS5802849,D,S,A,2024-07-08,480000.00,4.491373,102.1796875
08:00:34,912810UA4,TSRYS5802849,D,S,D,2024-07-08,13000000.00,4.491577,102.1763
08:00:34,912810UA4,TSRYS5802849,D,S,T,2024-07-08,5000000.00,4.495609,102.109375
08:00:34,912810UA4,TSRYS5802849,D,S,D,2024-07-08,8000000.00,4.498464,102.06201
08:00:34,912810UA4,TSRYS5802849,D,S,D,2024-07-08,1000000.00,4.484323,102.296875
08:00:34,912810UA4,TSRYS5802849,D,S,T,2024-07-08,1000000.00,4.484323,102.296875
08:00:34,912810UA4,TSRYS5802849,D,B,C,2024-07-08,3210000.00,4.494432,102.12890625
08:00:34,912810UA4,TSRYS5802849,D,B,C,2024-07-08,3090000.00,4.494902,102.12109375
08:00:34,912810UA4,TSRYS5802849,D,B,C,2024-07-08,3050000.00,4.497492,102.078125
08:00:34,912810UA4,TSRYS5802849,D,S,A,2024-07-08,1000000.00,4.498435,102.0625
08:00:34,912810UA4,TSRYS5802849,D,S,T,2024-07-08,1000000.00,4.499377,102.046875
08:00:34,912810UA4,TSRYS5802849,D,S,D,2024-07-08,1000000.00,4.499377,102.046875
08:00:34,912810UA4,TSRYS5802849,D,S,A,2024-07-08,132000.00,4.499613,102.04296875
08:00:34,912810UA4,TSRYS5802849,D,S,A,2024-07-08,500000.00,4.500791,102.0234375
08:00:34,912810UA4,TSRYS5802849,D,S,C,2024-07-08,15100000.00,4.498906,102.0546875
08:00:34,912810UA4,TSRYS5802849,D,S,T,2024-07-08,1000000.00,4.499377,102.046875
08:00:34,912810UA4,TSRYS5802849,D,S,D,2024-07-08,1000000.00,4.499377,102.046875
08:00:34,912810UA4,TSRYS5802849,D,S,D,2024-07-08,1000000.00,4.504092,101.96875
08:00:34,912810UA4,TSRYS5802849,D,B,A,2024-07-08,5000000.00,4.503612,101.9765625
08:00:34,912810UA4,TSRYS5802849,D,S,A,2024-07-08,500000.00,4.503149,101.984375
08:00:34,912810UA4,TSRYS5802849,D,S,A,2024-07-08,500000.00,4.501498,102.01171875
08:00:34,912810UA4,TSRYS5802849,D,S,D,2024-07-08,1000000.00,4.495609,102.109375
08:00:34,912810UA4,TSRYS5802849,D,S,T,2024-07-08,1000000.00,4.495609,102.109375
08:00:34,912810UA4,TSRYS5802849,D,S,D,2024-07-08,1000000.00,4.495609,102.109375
08:00:34,912810UA4,TSRYS5802849,D,S,T,2024-07-08,1000000.00,4.495609,102.109375
08:00:34,912810UA4,TSRYS5802849,D,B,A,2024-07-08,5000000.00,4.49608,102.1015625
08:00:34,912810UA4,TSRYS5802849,D,S,C,2024-07-08,2410000.00,4.495609,102.109375
08:00:34,912810UA4,TSRYS5802849,D,S,T,2024-07-08,1000000.00,4.490903,102.1875
08:00:34,912810UA4,TSRYS5802849,D,S,D,2024-07-08,9000000.00,4.496895,102.08804
08:00:34,912810UA4,TSRYS5802849,D,S,D,2024-07-08,1000000.00,4.497492,102.078125
08:00:34,912810UA4,TSRYS5802849,D,S,T,2024-07-08,1000000.00,4.501262,102.015625
08:00:34,912810UA4,TSRYS5802849,D,S,D,2024-07-08,1000000.00,4.501262,102.015625
08:00:34,912810UA4,TSRYS5802849,D,S,D,2024-07-08,1000000.00,4.502206,102.0
08:00:34,912810UA4,TSRYS5802849,D,S,D,2024-07-08,1000000.00,4.501262,102.015625
08:00:34,912810UA4,TSRYS5802849,D,S,T,2024-07-08,1000000.00,4.502206,102.0
08:00:34,912810UA4,TSRYS5802849,D,S,D,2024-07-08,9000000.00,4.494385,102.12968
08:00:34,912810UA4,TSRYS5802849,D,S,D,2024-07-08,1000000.00,4.502284,101.9987062102
08:00:34,912810UA4,TSRYS5802849,D,S,D,2024-07-08,1000000.00,4.503149,101.984375
08:00:34,912810UA4,TSRYS5802849,D,B,A,2024-07-08,5000000.00,4.501734,102.0078125
08:00:34,912810UA4,TSRYS5802849,D,S,T,2024-07-08,1000000.00,4.501262,102.015625
08:00:34,912810UA4,TSRYS5802849,D,S,D,2024-07-08,1000000.00,4.501405,102.0132580773
08:00:34,912810UA4,TSRYS5802849,D,S,D,2024-07-08,1000000.00,4.502206,102.0
08:00:34,912810UA4,TSRYS5802849,D,S,D,2024-07-08,1000000.00,4.502206,102.0
08:00:34,912810UA4,TSRYS5802849,D,S,D,2024-07-08,1000000.00,4.503149,101.984375
08:00:34,912810UA4,TSRYS5802849,D,S,D,2024-07-08,1000000.00,4.503149,101.984375
08:00:37,912810UA4,TSRYS5802849,D,S,T,2024-07-08,1000000.00,4.501498,102.01171875
08:00:37,912810UA4,TSRYS5802849,D,S,D,2024-07-08,1000000.00,4.502206,102.0
08:00:37,912810UA4,TSRYS5802849,D,B,A,2024-07-08,13000000.00,4.502206,102.0
08:00:37,912810UA4,TSRYS5802849,D,S,D,2024-07-08,1000000.00,4.501262,102.015625
08:00:37,912810UA4,TSRYS5802849,D,S,T,2024-07-08,1000000.00,4.489022,102.21875
08:00:37,912810UA4,TSRYS5802849,D,S,T,2024-07-08,1000000.00,4.489022,102.21875
08:00:37,912810UA4,TSRYS5802849,D,S,T,2024-07-08,1000000.00,4.489022,102.21875
08:00:37,912810UA4,TSRYS5802849,D,S,T,2024-07-08,1000000.00,4.490903,102.1875
08:00:37,912810UA4,TSRYS5802849,D,S,T,2024-07-08,1000000.00,4.490903,102.1875
08:00:37,912810UA4,TSRYS5802849,D,S,A,2024-07-08,30000.00,4.49582,102.12253541667
08:00:37,912810UA4,TSRYS5802849,D,S,D,2024-07-08,1000000.00,4.492314,102.1640625
08:00:37,912810UA4,TSRYS5802849,D,B,A,2024-07-08,1000000.00,4.488082,102.234375
08:00:37,912810UA4,TSRYS5802849,D,S,T,2024-07-08,1000000.00,4.489022,102.21875
08:00:37,912810UA4,TSRYS5802849,D,S,A,2024-07-08,878000.00,4.487142,102.25
08:00:37,912810UA4,TSRYS5802849,D,S,D,2024-07-08,1000000.00,4.496904,102.087890625
08:00:37,912810UA4,TSRYS5802849,D,S,D,2024-07-08,1000000.00,4.498435,102.0625
08:00:37,912810UA4,TSRYS5802849,D,S,T,2024-07-08,1000000.00,4.489022,102.21875
08:00:37,912810UA4,TSRYS5802849,D,S,T,2024-07-08,1000000.00,4.489022,102.21875
08:00:37,912810UA4,TSRYS5802849,D,S,C,2024-07-08,16000000.00,4.49655,102.09375
08:00:37,912810UA4,TSRYS5802849,D,S,D,2024-07-08,1000000.00,4.492314,102.1640625
08:00:38,912810UA4,TSRYS5802849,D,S,T,2024-07-08,1000000.00,4.489022,102.21875
08:00:38,912810UA4,TSRYS5802849,D,S,D,2024-07-08,4000000.00,4.493443,102.1453125
08:00:38,912810UA4,TSRYS5802849,D,S,D,2024-07-08,30000.00,4.49582,102.10586875
08:00:38,912810UA4,TSRYS5802849,D,S,T,2024-07-08,1000000.00,4.489022,102.21875
08:00:39,912810UA4,TSRYS5802849,D,S,T,2024-07-08,1000000.00,4.488082,102.234375
08:00:39,912810UA4,TSRYS5802849,D,S,T,2024-07-08,1000000.00,4.487142,102.25
08:00:39,912810UA4,TSRYS5802849,D,S,T,2024-07-08,1000000.00,4.487142,102.25
08:00:40,912810UA4,TSRYS5802849,D,S,T,2024-07-08,1000000.00,4.493726,102.140625
08:00:40,912810UA4,TSRYS5802849,D,S,T,2024-07-08,1000000.00,4.493726,102.140625
08:00:40,912810UA4,TSRYS5802849,D,S,T,2024-07-08,1000000.00,4.493726,102.140625
08:00:40,912810UA4,TSRYS5802849,D,S,T,2024-07-08,1000000.00,4.497846,102.072265625
08:00:40,912810UA4,TSRYS5802849,D,S,D,2024-07-08,1000000.00,4.497257,102.08203125
08:00:40,912810UA4,TSRYS5802849,D,S,D,2024-07-08,1000000.00,4.489022,102.21875
08:00:40,912810UA4,TSRYS5802849,D,S,T,2024-07-08,1000000.00,4.498435,102.0625
08:00:40,912810UA4,TSRYS5802849,D,S,T,2024-07-08,4000000.00,4.498435,102.0625
08:00:40,912810UA4,TSRYS5802849,D,S,D,2024-07-08,1000000.00,4.497492,102.078125
08:00:40,912810UA4,TSRYS5802849,D,S,T,2024-07-08,1000000.00,4.498435,102.0625
08:00:40,912810UA4,TSRYS5802849,D,S,T,2024-07-08,2000000.00,4.498435,102.0625
08:00:41,912810UA4,TSRYS5802849,D,S,D,2024-07-08,4000000.00,4.497021,102.0859375
08:00:41,912810UA4,TSRYS5802849,D,S,T,2024-07-08,1000000.00,4.499141,102.05078125
08:00:41,912810UA4,TSRYS5802849,D,S,D,2024-07-08,11000000.00,4.499063,102.052083333
08:00:41,912810UA4,TSRYS5802849,D,S,T,2024-07-08,1000000.00,4.498435,102.0625
08:00:41,912810UA4,TSRYS5802849,D,S,T,2024-07-08,1000000.00,4.499024,102.052734375
08:00:41,912810UA4,TSRYS5802849,D,S,D,2024-07-08,200000.00,4.488552,102.2265625
08:00:41,912810UA4,TSRYS5802849,D,S,T,2024-07-08,1000000.00,4.498788,102.056640625
08:00:41,912810UA4,TSRYS5802849,D,S,C,2024-07-08,5000000.00,4.504328,101.96484375
08:00:41,912810UA4,TSRYS5802849,D,S,A,2024-07-08,1000000.00,4.498906,102.0546875
08:00:42,912810UA4,TSRYS5802849,D,S,D,2024-07-08,1000000.00,4.498435,102.0625
08:00:42,912810UA4,TSRYS5802849,D,S,A,2024-07-08,500000.00,4.490668,102.19140625
08:00:42,912810UA4,TSRYS5802849,D,S,D,2024-07-08,8000000.00,4.494981,102.119791667
08:00:42,912810UA4,TSRYS5802849,D,S,D,2024-07-08,1000000.00,4.487142,102.25
08:00:42,912810UA4,TSRYS5802849,D,S,D,2024-07-08,5000000.00,4.485028,102.28515625
08:00:42,912810UA4,TSRYS5802849,D,S,D,2024-07-08,1000000.00,4.49655,102.09375
08:00:43,912810UA4,TSRYS5802849,D,S,D,2024-07-08,1000000.00,4.49608,102.1015625
08:00:43,912810UA4,TSRYS5802849,D,S,D,2024-07-08,1000000.00,4.495609,102.109375
08:00:43,912810UA4,TSRYS5802849,D,S,D,2024-07-08,1000000.00,4.495609,102.109375
08:00:43,912810UA4,TSRYS5802849,D,S,D,2024-07-08,1000000.00,4.496433,102.095703125
08:00:43,912810UA4,TSRYS5802849,D,S,D,2024-07-08,1000000.00,4.495609,102.109375
08:00:43,912810UA4,TSRYS5802849,D,S,D,2024-07-08,1000000.00,4.495844,102.10546875
08:00:43,912810UA4,TSRYS5802849,D,S,D,2024-07-08,1000000.00,4.495609,102.109375
08:00:43,912810UA4,TSRYS5802849,D,S,D,2024-07-08,1000000.00,4.495609,102.109375
08:00:43,912810UA4,TSRYS5802849,D,S,D,2024-07-08,1000000.00,4.495609,102.109375
08:00:43,912810UA4,TSRYS5802849,D,S,D,2024-07-08,1000000.00,4.495609,102.109375
08:00:43,912810UA4,TSRYS5802849,D,S,D,2024-07-08,1000000.00,4.495609,102.109375
08:00:43,912810UA4,TSRYS5802849,D,S,D,2024-07-08,1000000.00,4.495609,102.109375
08:00:43,912810UA4,TSRYS5802849,D,S,D,2024-07-08,1000000.00,4.49655,102.09375
08:00:43,912810UA4,TSRYS5802849,D,S,D,2024-07-08,1000000.00,4.496668,102.091796875
08:00:43,912810UA4,TSRYS5802849,D,S,D,2024-07-08,1000000.00,4.496786,102.08984375
08:00:43,912810UA4,TSRYS5802849,D,S,D,2024-07-08,2000000.00,4.49655,102.09375
08:00:43,912810UA4,TSRYS5802849,D,S,D,2024-07-08,1000000.00,4.49655,102.09375
08:00:43,912810UA4,TSRYS5802849,D,S,D,2024-07-08,1000000.00,4.49655,102.09375
08:00:43,912810UA4,TSRYS5802849,D,S,D,2024-07-08,1000000.00,4.49655,102.09375
08:00:43,912810UA4,TSRYS5802849,D,S,D,2024-07-08,1000000.00,4.495609,102.109375
08:00:43,912810UA4,TSRYS5802849,D,S,D,2024-07-08,1000000.00,4.495609,102.109375
08:00:43,912810UA4,TSRYS5802849,D,S,D,2024-07-08,1000000.00,4.495609,102.109375
08:00:43,912810UA4,TSRYS5802849,D,S,D,2024-07-08,1000000.00,4.495609,102.109375
08:00:43,912810UA4,TSRYS5802849,D,S,D,2024-07-08,1000000.00,4.495609,102.109375
08:00:43,912810UA4,TSRYS5802849,D,S,D,2024-07-08,1000000.00,4.495609,102.109375
08:00:43,912810UA4,TSRYS5802849,D,S,D,2024-07-08,1000000.00,4.495609,102.109375
08:00:43,912810UA4,TSRYS5802849,D,S,D,2024-07-08,1000000.00,4.497492,102.078125
08:00:44,912810UA4,TSRYS5802849,D,S,D,2024-07-08,1000000.00,4.499377,102.046875
08:00:44,912810UA4,TSRYS5802849,D,S,D,2024-07-08,1000000.00,4.499377,102.046875
08:00:44,912810UA4,TSRYS5802849,D,S,A,2024-07-08,250000.00,4.502206,102.0
08:00:44,912810UA4,TSRYS5802849,D,S,D,2024-07-08,1000000.00,4.50032,102.03125
08:00:44,912810UA4,TSRYS5802849,D,S,D,2024-07-08,1000000.00,4.502206,102.0
08:00:44,912810UA4,TSRYS5802849,D,S,D,2024-07-08,1000000.00,4.502206,102.0
08:00:44,912810UA4,TSRYS5802849,D,S,D,2024-07-08,4000000.00,4.490234,102.19861
08:00:44,912810UA4,TSRYS5802849,D,S,A,2024-07-08,5000000.00,4.491608,102.17578125
08:00:44,912810UA4,TSRYS5802849,D,S,C,2024-07-08,1000000.00,4.499377,102.046875
08:00:44,912810UA4,TSRYS5802849,D,S,C,2024-07-08,1000000.00,4.499377,102.046875
08:00:44,912810UA4,TSRYS5802849,D,S,C,2024-07-08,1000000.00,4.499377,102.046875
08:00:44,912810UA4,TSRYS5802849,D,S,C,2024-07-08,1000000.00,4.499377,102.046875
08:00:44,912810UA4,TSRYS5802849,D,S,C,2024-07-08,1000000.00,4.499377,102.046875
08:00:45,912810UA4,TSRYS5802849,D,S,D,2024-07-08,50000.00,4.50362,101.9765625
08:00:45,912810UA4,TSRYS5802849,D,B,C,2024-07-08,4000000.00,4.497021,102.0859375
08:00:45,912810UA4,TSRYS5802849,D,S,D,2024-07-08,5000000.00,4.504328,101.96484375
08:00:45,912810UA4,TSRYS5802849,D,S,D,2024-07-08,16000000.00,4.499024,102.052734375
08:00:45,912810UA4,TSRYS5802849,D,S,D,2024-07-08,1000000.00,4.501616,102.009765625
08:00:45,912810UA4,TSRYS5802849,D,S,T,2024-07-08,1000000.00,4.499377,102.046875
08:00:45,912810UA4,TSRYS5802849,D,S,T,2024-07-08,1000000.00,4.49655,102.09375
08:00:45,912810UA4,TSRYS5802849,D,S,T,2024-07-08,1000000.00,4.495962,102.103515625
08:00:45,912810UA4,TSRYS5802849,D,S,T,2024-07-08,1000000.00,4.498435,102.0625
08:00:45,912810UA4,TSRYS5802849,D,S,T,2024-07-08,1000000.00,4.498435,102.0625
08:00:45,912810UA4,TSRYS5802849,D,B,A,2024-07-08,10000000.00,4.490197,102.19921875
08:00:46,912810UA4,TSRYS5802849,D,S,D,2024-07-08,1000000.00,4.49655,102.09375
08:00:46,912810UA4,TSRYS5802849,D,S,T,2024-07-08,1000000.00,4.496786,102.08984375
08:00:46,912810UA4,TSRYS5802849,D,S,T,2024-07-08,1000000.00,4.495609,102.109375
08:00:46,912810UA4,TSRYS5802849,D,S,C,2024-07-08,1000000.00,4.499377,102.046875
08:00:46,912810UA4,TSRYS5802849,D,S,C,2024-07-08,1000000.00,4.499377,102.046875
08:00:46,912810UA4,TSRYS5802849,D,S,C,2024-07-08,1000000.00,4.499377,102.046875
08:00:46,912810UA4,TSRYS5802849,D,S,C,2024-07-08,1000000.00,4.499377,102.046875
08:00:46,912810UA4,TSRYS5802849,D,S,D,2024-07-08,1000000.00,4.498435,102.0625
08:00:46,912810UA4,TSRYS5802849,D,S,T,2024-07-08,5000000.00,4.495609,102.109375
08:00:46,912810UA4,TSRYS5802849,D,S,C,2024-07-08,1000000.00,4.499377,102.046875
08:00:46,912810UA4,TSRYS5802849,D,S,T,2024-07-08,1000000.00,4.499495,102.044921875
08:00:46,912810UA4,TSRYS5802849,D,S,T,2024-07-08,1000000.00,4.499495,102.044921875
08:00:46,912810UA4,TSRYS5802849,D,S,T,2024-07-08,1000000.00,4.495609,102.109375
08:00:46,912810UA4,TSRYS5802849,D,S,C,2024-07-08,1000000.00,4.502206,102.0
08:00:46,912810UA4,TSRYS5802849,D,S,T,2024-07-08,1000000.00,4.498906,102.0546875
08:00:46,912810UA4,TSRYS5802849,D,S,T,2024-07-08,1000000.00,4.502206,102.0
08:00:46,912810UA4,TSRYS5802849,D,S,T,2024-07-08,3000000.00,4.502323,101.998046875
08:00:46,912810UA4,TSRYS5802849,D,S,T,2024-07-08,1000000.00,4.502206,102.0
08:00:46,912810UA4,TSRYS5802849,D,S,T,2024-07-08,1000000.00,4.502206,102.0
08:00:46,912810UA4,TSRYS5802849,D,S,T,2024-07-08,1000000.00,4.502206,102.0
08:00:46,912810UA4,TSRYS5802849,D,S,T,2024-07-08,2000000.00,4.501262,102.015625
08:00:46,912810UA4,TSRYS5802849,D,S,D,2024-07-08,1000000.00,4.502677,101.9921875
08:00:47,912810UA4,TSRYS5802849,D,S,T,2024-07-08,1000000.00,4.503503,101.978515625
08:00:47,912810UA4,TSRYS5802849,D,S,T,2024-07-08,1000000.00,4.50032,102.03125
08:00:47,912810UA4,TSRYS5802849,D,S,A,2024-07-08,500000.00,4.496786,102.08984375
08:00:47,912810UA4,TSRYS5802849,D,S,T,2024-07-08,1000000.00,4.495609,102.109375
08:00:47,912810UA4,TSRYS5802849,D,S,T,2024-07-08,2000000.00,4.495609,102.109375
08:00:47,912810UA4,TSRYS5802849,D,S,C,2024-07-08,1000000.00,4.499377,102.046875
08:00:47,912810UA4,TSRYS5802849,D,S,C,2024-07-08,1000000.00,4.499377,102.046875
08:00:47,912810UA4,TSRYS5802849,D,S,D,2024-07-08,1000000.00,4.497492,102.078125
08:00:48,912810UA4,TSRYS5802849,D,S,T,2024-07-08,1000000.00,4.490903,102.1875
08:00:48,912810UA4,TSRYS5802849,D,B,A,2024-07-08,10000000.00,4.489022,102.21875
08:00:48,912810UA4,TSRYS5802849,D,S,T,2024-07-08,1000000.00,4.487142,102.25
08:00:48,912810UA4,TSRYS5802849,D,S,T,2024-07-08,1000000.00,4.487142,102.25
08:00:49,912810UA4,TSRYS5802849,D,S,T,2024-07-08,1000000.00,4.492785,102.15625
08:00:49,912810UA4,TSRYS5802849,D,S,D,2024-07-08,1000000.00,4.490912,102.1875
08:00:49,912810UA4,TSRYS5802849,D,S,T,2024-07-08,1000000.00,4.493726,102.140625
08:00:49,912810UA4,TSRYS5802849,D,S,T,2024-07-08,1000000.00,4.493726,102.140625
08:00:49,912810UA4,TSRYS5802849,D,S,T,2024-07-08,1000000.00,4.495609,102.109375
08:00:49,912810UA4,TSRYS5802849,D,S,T,2024-07-08,1000000.00,4.495138,102.1171875
08:00:49,912810UA4,TSRYS5802849,D,S,T,2024-07-08,1000000.00,4.495609,102.109375
08:00:49,912810UA4,TSRYS5802849,D,S,A,2024-07-08,1300000.00,4.490903,102.1875
08:00:49,912810UA4,TSRYS5802849,D,S,T,2024-07-08,3000000.00,4.498435,102.0625
08:00:49,912810UA4,TSRYS5802849,D,S,T,2024-07-08,1000000.00,4.497492,102.078125
08:00:49,912810UA4,TSRYS5802849,D,S,A,2024-07-08,1439000.00,4.497492,102.078125
08:00:49,912810UA4,TSRYS5802849,D,S,D,2024-07-08,1000000.00,4.497492,102.078125
08:00:49,912810UA4,TSRYS5802849,D,S,T,2024-07-08,1000000.00,4.498435,102.0625
08:00:49,912810UA4,TSRYS5802849,D,S,T,2024-07-08,3000000.00,4.495609,102.109375
08:00:49,912810UA4,TSRYS5802849,D,S,T,2024-07-08,1000000.00,4.498435,102.0625
08:00:49,912810UA4,TSRYS5802849,D,S,T,2024-07-08,1000000.00,4.498435,102.0625
08:00:50,912810UA4,TSRYS5802849,D,S,T,2024-07-08,1000000.00,4.495609,102.109375
08:00:50,912810UA4,TSRYS5802849,D,S,A,2024-07-08,6350000.00,4.492785,102.15625
08:00:50,912810UA4,TSRYS5802849,D,S,T,2024-07-08,1000000.00,4.492785,102.15625
08:00:50,912810UA4,TSRYS5802849,D,S,T,2024-07-08,1000000.00,4.487142,102.25
08:00:50,912810UA4,TSRYS5802849,D,S,D,2024-07-08,1000000.00,4.484323,102.296875
08:00:50,912810UA4,TSRYS5802849,D,S,T,2024-07-08,1000000.00,4.487024,102.251953125
08:00:50,912810UA4,TSRYS5802849,D,S,T,2024-07-08,1000000.00,4.490432,102.1953125
08:00:50,912810UA4,TSRYS5802849,D,S,T,2024-07-08,1000000.00,4.491138,102.18359375
08:00:50,912810UA4,TSRYS5802849,D,S,T,2024-07-08,1000000.00,4.492785,102.15625
08:00:51,912810UA4,TSRYS5802849,D,S,D,2024-07-08,1000000.00,4.495726,102.107421875
08:00:51,912810UA4,TSRYS5802849,D,S,D,2024-07-08,1000000.00,4.495609,102.109375
08:00:51,912810UA4,TSRYS5802849,D,S,D,2024-07-08,1000000.00,4.495609,102.109375
08:00:51,912810UA4,TSRYS5802849,D,S,D,2024-07-08,1000000.00,4.496315,102.09765625
08:00:51,912810UA4,TSRYS5802849,D,S,T,2024-07-08,1000000.00,4.495609,102.109375
08:00:51,912810UA4,TSRYS5802849,D,S,A,2024-07-08,1427600.00,4.482652,102.32421875
08:00:52,912810UA4,TSRYS5802849,D,S,D,2024-07-08,1000000.00,4.495609,102.109375
08:00:52,912810UA4,TSRYS5802849,D,S,D,2024-07-08,1000000.00,4.496197,102.099609375
08:00:52,912810UA4,TSRYS5802849,D,S,D,2024-07-08,1000000.00,4.495609,102.109375
08:00:52,912810UA4,TSRYS5802849,D,S,D,2024-07-08,1000000.00,4.495962,102.103515625
08:00:52,912810UA4,TSRYS5802849,D,S,D,2024-07-08,1000000.00,4.495609,102.109375
08:00:52,912810UA4,TSRYS5802849,D,S,D,2024-07-08,1000000.00,4.495609,102.109375
08:00:52,912810UA4,TSRYS5802849,D,S,D,2024-07-08,1000000.00,4.495609,102.109375
08:00:52,912810UA4,TSRYS5802849,D,S,D,2024-07-08,3000000.00,4.495609,102.109375
08:00:52,912810UA4,TSRYS5802849,D,S,T,2024-07-08,1000000.00,4.495609,102.109375
08:00:52,912810UA4,TSRYS5802849,D,S,D,2024-07-08,1000000.00,4.49655,102.09375
08:00:52,912810UA4,TSRYS5802849,D,S,D,2024-07-08,1000000.00,4.49655,102.09375
08:00:52,912810UA4,TSRYS5802849,D,S,D,2024-07-08,1000000.00,4.49655,102.09375
08:00:52,912810UA4,TSRYS5802849,D,S,T,2024-07-08,1000000.00,4.495609,102.109375
08:00:52,912810UA4,TSRYS5802849,D,S,D,2024-07-08,1000000.00,4.49655,102.09375
08:00:52,912810UA4,TSRYS5802849,D,S,D,2024-07-08,1000000.00,4.49655,102.09375
08:00:52,912810UA4,TSRYS5802849,D,S,D,2024-07-08,1000000.00,4.49655,102.09375
08:00:52,912810UA4,TSRYS5802849,D,S,D,2024-07-08,1000000.00,4.495609,102.109375
08:00:52,912810UA4,TSRYS5802849,D,S,D,2024-07-08,1000000.00,4.497021,102.0859375
08:00:52,912810UA4,TSRYS5802849,D,S,T,2024-07-08,1000000.00,4.495609,102.109375
08:00:52,912810UA4,TSRYS5802849,D,S,D,2024-07-08,1000000.00,4.499377,102.046875
08:00:52,912810UA4,TSRYS5802849,D,S,D,2024-07-08,1000000.00,4.499377,102.046875
08:00:52,912810UA4,TSRYS5802849,D,S,T,2024-07-08,1000000.00,4.495609,102.109375
08:00:52,912810UA4,TSRYS5802849,D,S,D,2024-07-08,1000000.00,4.495609,102.109375
08:00:52,912810UA4,TSRYS5802849,D,S,D,2024-07-08,1000000.00,4.495609,102.109375
08:00:52,912810UA4,TSRYS5802849,D,S,D,2024-07-08,1000000.00,4.495609,102.109375
08:00:52,912810UA4,TSRYS5802849,D,S,D,2024-07-08,4000000.00,4.495609,102.109375
08:00:52,912810UA4,TSRYS5802849,D,S,D,2024-07-08,1000000.00,4.495609,102.109375
08:00:52,912810UA4,TSRYS5802849,D,S,D,2024-07-08,1000000.00,4.49655,102.09375
08:00:53,912810UA4,TSRYS5802849,D,S,D,2024-07-08,1000000.00,4.502206,102.0
08:00:53,912810UA4,TSRYS5802849,D,S,D,2024-07-08,1000000.00,4.502206,102.0
08:00:53,912810UA4,TSRYS5802849,D,S,T,2024-07-08,2000000.00,4.492785,102.15625
08:00:53,912810UA4,TSRYS5802849,D,S,T,2024-07-08,1000000.00,4.492785,102.15625
08:00:53,912810UA4,TSRYS5802849,D,S,T,2024-07-08,1000000.00,4.489022,102.21875
08:00:53,912810UA4,TSRYS5802849,D,S,D,2024-07-08,125000.00,4.508813,101.890625
08:00:53,912810UA4,TSRYS5802849,D,S,T,2024-07-08,1000000.00,4.495609,102.109375
08:00:54,912810UA4,TSRYS5802849,D,S,T,2024-07-08,1000000.00,4.492785,102.15625
08:00:54,912810UA4,TSRYS5802849,D,S,T,2024-07-08,1000000.00,4.489022,102.21875
08:00:54,912810UA4,TSRYS5802849,D,S,D,2024-07-08,1000000.00,4.501616,102.009765625
08:00:54,912810UA4,TSRYS5802849,D,S,D,2024-07-08,1000000.00,4.501616,102.009765625
08:00:54,912810UA4,TSRYS5802849,D,S,T,2024-07-08,1000000.00,4.495609,102.109375
08:00:54,912810UA4,TSRYS5802849,D,S,T,2024-07-08,1000000.00,4.495609,102.109375
08:00:54,912810UA4,TSRYS5802849,D,S,D,2024-07-08,500000.00,4.49302,102.15234375
08:00:54,912810UA4,TSRYS5802849,D,S,T,2024-07-08,3000000.00,4.495609,102.109375
08:00:54,912810UA4,TSRYS5802849,D,S,T,2024-07-08,1000000.00,4.495609,102.109375
08:00:54,912810UA4,TSRYS5802849,D,S,T,2024-07-08,1000000.00,4.495609,102.109375
08:00:55,912810UA4,TSRYS5802849,D,S,T,2024-07-08,1000000.00,4.495609,102.109375
08:00:55,912810UA4,TSRYS5802849,D,S,T,2024-07-08,1000000.00,4.500791,102.0234375
08:00:55,912810UA4,TSRYS5802849,D,S,T,2024-07-08,1000000.00,4.50032,102.03125
08:00:55,912810UA4,TSRYS5802849,D,S,T,2024-07-08,1000000.00,4.495609,102.109375
08:00:55,912810UA4,TSRYS5802849,D,S,T,2024-07-08,1000000.00,4.495609,102.109375
08:00:55,912810UA4,TSRYS5802849,D,S,T,2024-07-08,1000000.00,4.495609,102.109375
08:00:55,912810UA4,TSRYS5802849,D,S,T,2024-07-08,1000000.00,4.493726,102.140625
08:00:55,912810UA4,TSRYS5802849,D,S,T,2024-07-08,1000000.00,4.502206,102.0
08:00:55,912810UA4,TSRYS5802849,D,S,T,2024-07-08,1000000.00,4.502206,102.0
08:00:55,912810UA4,TSRYS5802849,D,S,T,2024-07-08,1000000.00,4.502206,102.0
08:00:55,912810UA4,TSRYS5802849,D,S,T,2024-07-08,1000000.00,4.502206,102.0
08:00:55,912810UA4,TSRYS5802849,D,S,T,2024-07-08,1000000.00,4.502206,102.0
08:00:55,912810UA4,TSRYS5802849,D,S,T,2024-07-08,1000000.00,4.495609,102.109375
08:00:55,912810UA4,TSRYS5802849,D,S,T,2024-07-08,1000000.00,4.502206,102.0
08:00:55,912810UA4,TSRYS5802849,D,S,D,2024-07-08,1000000.00,4.502441,101.99609375
08:00:55,912810UA4,TSRYS5802849,D,S,T,2024-07-08,1000000.00,4.500555,102.02734375
08:00:56,912810UA4,TSRYS5802849,D,S,T,2024-07-08,1000000.00,4.495609,102.109375
08:00:56,912810UA4,TSRYS5802849,D,S,D,2024-07-08,1000000.00,4.491844,102.171875
08:00:56,912810UA4,TSRYS5802849,D,S,T,2024-07-08,1000000.00,4.492785,102.15625
08:00:56,912810UA4,TSRYS5802849,D,S,T,2024-07-08,1000000.00,4.492549,102.16015625
08:00:56,912810UA4,TSRYS5802849,D,S,T,2024-07-08,1000000.00,4.495609,102.109375
08:00:57,912810UA4,TSRYS5802849,D,S,T,2024-07-08,1000000.00,4.492785,102.15625
08:00:57,912810UA4,TSRYS5802849,D,S,T,2024-07-08,1000000.00,4.492785,102.15625
08:00:58,912810UA4,TSRYS5802849,D,S,T,2024-07-08,1000000.00,4.492785,102.15625
08:00:58,912810UA4,TSRYS5802849,D,S,T,2024-07-08,1000000.00,4.492785,102.15625
08:00:58,912810UA4,TSRYS5802849,D,S,T,2024-07-08,1000000.00,4.492785,102.15625
08:00:58,912810UA4,TSRYS5802849,D,S,T,2024-07-08,1000000.00,4.492785,102.15625
08:00:58,912810UA4,TSRYS5802849,D,S,T,2024-07-08,1000000.00,4.495609,102.109375
08:00:58,912810UA4,TSRYS5802849,D,S,T,2024-07-08,1000000.00,4.492785,102.15625
08:00:58,912810UA4,TSRYS5802849,D,S,D,2024-07-08,1000000.00,4.495609,102.109375
08:00:58,912810UA4,TSRYS5802849,D,S,T,2024-07-08,1000000.00,4.495609,102.109375
08:00:58,912810UA4,TSRYS5802849,D,S,T,2024-07-08,1000000.00,4.493726,102.140625
08:00:58,912810UA4,TSRYS5802849,D,S,D,2024-07-08,1000000.00,4.489962,102.203125
08:00:59,912810UA4,TSRYS5802849,D,S,T,2024-07-08,1000000.00,4.492785,102.15625
08:00:59,912810UA4,TSRYS5802849,D,S,T,2024-07-08,1000000.00,4.492785,102.15625
08:00:59,912810UA4,TSRYS5802849,D,S,T,2024-07-08,1000000.00,4.492785,102.15625
08:00:59,912810UA4,TSRYS5802849,D,S,T,2024-07-08,3000000.00,4.492785,102.15625
08:00:59,912810UA4,TSRYS5802849,D,S,T,2024-07-08,1000000.00,4.49302,102.15234375
08:00:59,912810UA4,TSRYS5802849,D,S,T,2024-07-08,1000000.00,4.49302,102.15234375
08:00:59,912810UA4,TSRYS5802849,D,S,T,2024-07-08,1000000.00,4.492785,102.15625
08:00:59,912810UA4,TSRYS5802849,D,S,T,2024-07-08,1000000.00,4.492785,102.15625
08:00:59,912810UA4,TSRYS5802849,D,S,T,2024-07-08,1000000.00,4.49302,102.15234375
08:00:59,912810UA4,TSRYS5802849,D,S,T,2024-07-08,1000000.00,4.49302,102.15234375
08:00:59,912810UA4,TSRYS5802849,D,S,T,2024-07-08,1000000.00,4.492785,102.15625
08:00:59,912810UA4,TSRYS5802849,D,S,T,2024-07-08,1000000.00,4.49302,102.15234375
08:00:59,912810UA4,TSRYS5802849,D,S,T,2024-07-08,1000000.00,4.49302,102.15234375
08:00:59,912810UA4,TSRYS5802849,D,S,T,2024-07-08,1000000.00,4.49302,102.15234375
08:00:59,912810UA4,TSRYS5802849,D,S,T,2024-07-08,1000000.00,4.493255,102.1484375
08:00:59,912810UA4,TSRYS5802849,D,S,T,2024-07-08,1000000.00,4.493255,102.1484375
08:00:59,912810UA4,TSRYS5802849,D,S,T,2024-07-08,1000000.00,4.493255,102.1484375
08:00:59,912810UA4,TSRYS5802849,D,S,T,2024-07-08,1000000.00,4.493255,102.1484375
08:00:59,912810UA4,TSRYS5802849,D,S,T,2024-07-08,1000000.00,4.493255,102.1484375
08:00:59,912810UA4,TSRYS5802849,D,S,T,2024-07-08,1000000.00,4.493255,102.1484375
08:00:59,912810UA4,TSRYS5802849,D,S,T,2024-07-08,1000000.00,4.492785,102.15625
08:01:00,912810UA4,TSRYS5802849,D,S,T,2024-07-08,1000000.00,4.492785,102.15625
08:01:00,912810UA4,TSRYS5802849,D,S,D,2024-07-08,1000000.00,4.49655,102.09375
08:01:00,912810UA4,TSRYS5802849,D,S,D,2024-07-08,1000000.00,4.494667,102.125
08:01:00,912810UA4,TSRYS5802849,D,S,D,2024-07-08,1000000.00,4.499377,102.046875
08:01:00,912810UA4,TSRYS5802849,D,S,D,2024-07-08,1000000.00,4.497492,102.078125
08:01:00,912810UA4,TSRYS5802849,D,S,D,2024-07-08,1000000.00,4.499377,102.046875
08:01:00,912810UA4,TSRYS5802849,D,S,D,2024-07-08,1000000.00,4.499377,102.046875
08:01:00,912810UA4,TSRYS5802849,D,S,D,2024-07-08,1000000.00,4.499377,102.046875
08:01:00,912810UA4,TSRYS5802849,D,S,D,2024-07-08,1000000.00,4.499377,102.046875
08:01:00,912810UA4,TSRYS5802849,D,S,D,2024-07-08,1000000.00,4.499377,102.046875
08:01:00,912810UA4,TSRYS5802849,D,S,D,2024-07-08,1000000.00,4.499377,102.046875
08:01:00,912810UA4,TSRYS5802849,D,B,A,2024-07-08,1000000.00,4.499377,102.046875
08:01:00,912810UA4,TSRYS5802849,D,S,D,2024-07-08,1000000.00,4.499377,102.046875
08:01:00,912810UA4,TSRYS5802849,D,S,D,2024-07-08,1000000.00,4.499377,102.046875
08:01:00,912810UA4,TSRYS5802849,D,S,D,2024-07-08,1000000.00,4.497492,102.078125
08:01:00,912810UA4,TSRYS5802849,D,S,D,2024-07-08,1000000.00,4.497492,102.078125
08:01:00,912810UA4,TSRYS5802849,D,S,C,2024-07-08,1000000.00,4.497257,102.08203125
08:01:00,912810UA4,TSRYS5802849,D,S,C,2024-07-08,1000000.00,4.494196,102.1328125
08:01:00,912810UA4,TSRYS5802849,D,S,C,2024-07-08,1000000.00,4.493961,102.13671875
08:01:00,912810UA4,TSRYS5802849,D,S,T,2024-07-08,2000000.00,4.492785,102.15625
08:01:00,912810UA4,TSRYS5802849,D,S,T,2024-07-08,1000000.00,4.496557,102.093648
08:01:00,912810UA4,TSRYS5802849,D,S,C,2024-07-08,1000000.00,4.492785,102.15625
08:01:00,912810UA4,TSRYS5802849,D,S,T,2024-07-08,1000000.00,4.496557,102.093648
08:01:00,912810UA4,TSRYS5802849,D,S,D,2024-07-08,1000000.00,4.497021,102.0859375
08:01:00,912810UA4,TSRYS5802849,D,S,C,2024-07-08,1000000.00,4.494196,102.1328125
08:01:00,912810UA4,TSRYS5802849,D,S,T,2024-07-08,1000000.00,4.492785,102.15625
08:01:00,912810UA4,TSRYS5802849,D,B,C,2024-07-08,1000000.00,4.492785,102.15625
08:01:00,912810UA4,TSRYS5802849,D,B,C,2024-07-08,1000000.00,4.488082,102.234375
08:01:00,912810UA4,TSRYS5802849,D,S,T,2024-07-08,1000000.00,4.496557,102.093648
08:01:00,912810UA4,TSRYS5802849,D,B,C,2024-07-08,15000000.00,4.543455,101.32
08:01:00,912810UA4,TSRYS5802849,D,S,D,2024-07-08,1000000.00,4.491844,102.171875
08:01:00,912810UA4,TSRYS5802849,D,B,C,2024-07-08,1000000.00,4.491844,102.171875
08:01:00,912810UA4,TSRYS5802849,D,S,T,2024-07-08,1000000.00,4.496557,102.093648
08:01:00,912810UA4,TSRYS5802849,D,B,C,2024-07-08,1000000.00,4.497021,102.0859375
08:01:00,912810UA4,TSRYS5802849,D,S,D,2024-07-08,1000000.00,4.489962,102.203125
08:01:00,912810UA4,TSRYS5802849,D,S,C,2024-07-08,1000000.00,4.488082,102.234375
08:01:00,912810UA4,TSRYS5802849,D,S,D,2024-07-08,1000000.00,4.489962,102.203125
08:01:00,912810UA4,TSRYS5802849,D,S,T,2024-07-08,1000000.00,4.496557,102.093648
08:01:00,912810UA4,TSRYS5802849,D,B,C,2024-07-08,1000000.00,4.489962,102.203125
08:01:00,912810UA4,TSRYS5802849,D,S,T,2024-07-08,1000000.00,4.493726,102.140625
08:01:00,912810UA4,TSRYS5802849,D,B,C,2024-07-08,1000000.00,4.489962,102.203125
08:01:00,912810UA4,TSRYS5802849,D,S,D,2024-07-08,1000000.00,4.489962,102.203125
08:01:00,912810UA4,TSRYS5802849,D,S,T,2024-07-08,1000000.00,4.496557,102.093648
08:01:00,912810UA4,TSRYS5802849,D,S,D,2024-07-08,1000000.00,4.491844,102.171875
08:01:00,912810UA4,TSRYS5802849,D,S,D,2024-07-08,1000000.00,4.489492,102.2109375
08:01:00,912810UA4,TSRYS5802849,D,S,T,2024-07-08,1000000.00,4.496557,102.093648
08:01:00,912810UA4,TSRYS5802849,D,B,C,2024-07-08,1000000.00,4.491844,102.171875
08:01:00,912810UA4,TSRYS5802849,D,B,C,2024-07-08,1000000.00,4.489492,102.2109375
08:01:00,912810UA4,TSRYS5802849,D,S,D,2024-07-08,1000000.00,4.491844,102.171875
08:01:00,912810UA4,TSRYS5802849,D,B,C,2024-07-08,1000000.00,4.489022,102.21875
08:01:00,912810UA4,TSRYS5802849,D,B,C,2024-07-08,1000000.00,4.489962,102.203125
08:01:00,912810UA4,TSRYS5802849,D,S,C,2024-07-08,1000000.00,4.489022,102.21875
08:01:00,912810UA4,TSRYS5802849,D,B,C,2024-07-08,1000000.00,4.486907,102.25390625
08:01:00,912810UA4,TSRYS5802849,D,S,D,2024-07-08,1000000.00,4.489962,102.203125
08:01:00,912810UA4,TSRYS5802849,D,S,D,2024-07-08,2400000.00,4.496786,102.08984375
08:01:00,912810UA4,TSRYS5802849,D,B,C,2024-07-08,2400000.00,4.496786,102.08984375
08:01:00,912810UA4,TSRYS5802849,D,S,D,2024-07-08,1000000.00,4.498199,102.06640625
08:01:00,912810UA4,TSRYS5802849,D,S,D,2024-07-08,1000000.00,4.490668,102.19140625
08:01:00,912810UA4,TSRYS5802849,D,B,C,2024-07-08,1000000.00,4.490668,102.19140625
08:01:00,912810UA4,TSRYS5802849,D,S,D,2024-07-08,1000000.00,4.486907,102.25390625
08:01:00,912810UA4,TSRYS5802849,D,S,D,2024-07-08,1000000.00,4.490668,102.19140625
08:01:00,912810UA4,TSRYS5802849,D,B,C,2024-07-08,1000000.00,4.490668,102.19140625
08:01:00,912810UA4,TSRYS5802849,D,S,D,2024-07-08,1000000.00,4.497492,102.078125
08:01:00,912810UA4,TSRYS5802849,D,S,D,2024-07-08,1000000.00,4.497492,102.078125
08:01:00,912810UA4,TSRYS5802849,D,B,C,2024-07-08,1000000.00,4.497492,102.078125
08:01:00,912810UA4,TSRYS5802849,D,S,D,2024-07-08,1000000.00,4.498199,102.06640625
08:01:00,912810UA4,TSRYS5802849,D,B,C,2024-07-08,1000000.00,4.497492,102.078125
08:01:00,912810UA4,TSRYS5802849,D,B,C,2024-07-08,1000000.00,4.487847,102.23828125
08:01:00,912810UA4,TSRYS5802849,D,B,C,2024-07-08,1000000.00,4.491138,102.18359375
08:01:00,912810UA4,TSRYS5802849,D,S,D,2024-07-08,1000000.00,4.491138,102.18359375
08:01:00,912810UA4,TSRYS5802849,D,S,D,2024-07-08,1000000.00,4.487847,102.23828125
08:01:00,912810UA4,TSRYS5802849,D,S,D,2024-07-08,1000000.00,4.489962,102.203125
08:01:00,912810UA4,TSRYS5802849,D,B,C,2024-07-08,1000000.00,4.498199,102.06640625
08:01:00,912810UA4,TSRYS5802849,D,B,C,2024-07-08,1000000.00,4.489962,102.203125
08:01:00,912810UA4,TSRYS5802849,D,S,D,2024-07-08,1000000.00,4.499848,102.0390625
08:01:00,912810UA4,TSRYS5802849,D,S,C,2024-07-08,1000000.00,4.488787,102.22265625
08:01:00,912810UA4,TSRYS5802849,D,S,D,2024-07-08,1000000.00,4.497021,102.0859375
08:01:00,912810UA4,TSRYS5802849,D,S,T,2024-07-08,1000000.00,4.492785,102.15625
08:01:00,912810UA4,TSRYS5802849,D,S,T,2024-07-08,1000000.00,4.492785,102.15625
08:01:00,912810UA4,TSRYS5802849,D,B,C,2024-07-08,1000000.00,4.497021,102.0859375
08:01:00,912810UA4,TSRYS5802849,D,S,C,2024-07-08,1000000.00,4.497728,102.07421875
08:01:01,912810UA4,TSRYS5802849,D,S,D,2024-07-08,1000000.00,4.489727,102.20703125
08:01:01,912810UA4,TSRYS5802849,D,B,C,2024-07-08,1000000.00,4.499848,102.0390625
08:01:01,912810UA4,TSRYS5802849,D,B,C,2024-07-08,1000000.00,4.497728,102.07421875
08:01:01,912810UA4,TSRYS5802849,D,B,C,2024-07-08,1000000.00,4.499377,102.046875
08:01:01,912810UA4,TSRYS5802849,D,S,D,2024-07-08,1000000.00,4.49655,102.09375
08:01:01,912810UA4,TSRYS5802849,D,S,D,2024-07-08,1000000.00,4.497492,102.078125
08:01:01,912810UA4,TSRYS5802849,D,S,T,2024-07-08,1000000.00,4.492785,102.15625
08:01:01,912810UA4,TSRYS5802849,D,S,D,2024-07-08,1000000.00,4.499377,102.046875
08:01:01,912810UA4,TSRYS5802849,D,S,D,2024-07-08,1000000.00,4.484323,102.296875
08:01:01,912810UA4,TSRYS5802849,D,B,C,2024-07-08,1000000.00,4.498435,102.0625
08:01:01,912810UA4,TSRYS5802849,D,B,C,2024-07-08,1000000.00,4.49655,102.09375
08:01:01,912810UA4,TSRYS5802849,D,S,D,2024-07-08,1000000.00,4.497492,102.078125
08:01:01,912810UA4,TSRYS5802849,D,S,D,2024-07-08,1000000.00,4.497492,102.078125
08:01:01,912810UA4,TSRYS5802849,D,S,D,2024-07-08,1000000.00,4.497492,102.078125
08:01:01,912810UA4,TSRYS5802849,D,B,C,2024-07-08,1000000.00,4.497492,102.078125
08:01:01,912810UA4,TSRYS5802849,D,S,D,2024-07-08,1000000.00,4.498435,102.0625
08:01:01,912810UA4,TSRYS5802849,D,B,C,2024-07-08,1000000.00,4.499141,102.05078125
08:01:01,912810UA4,TSRYS5802849,D,S,C,2024-07-08,1000000.00,4.499141,102.05078125
08:01:01,912810UA4,TSRYS5802849,D,B,C,2024-07-08,1000000.00,4.505508,101.9453125
08:01:01,912810UA4,TSRYS5802849,D,S,C,2024-07-08,1000000.00,4.505508,101.9453125
08:01:01,912810UA4,TSRYS5802849,D,S,D,2024-07-08,1000000.00,4.493255,102.1484375
08:01:01,912810UA4,TSRYS5802849,D,B,C,2024-07-08,1000000.00,4.493255,102.1484375
08:01:01,912810UA4,TSRYS5802849,D,B,C,2024-07-08,1000000.00,4.493255,102.1484375
08:01:01,912810UA4,TSRYS5802849,D,S,T,2024-07-08,1000000.00,4.492785,102.15625
08:01:01,912810UA4,TSRYS5802849,D,B,C,2024-07-08,1000000.00,4.494902,102.12109375
08:01:01,912810UA4,TSRYS5802849,D,S,D,2024-07-08,1000000.00,4.494902,102.12109375
08:01:01,912810UA4,TSRYS5802849,D,S,D,2024-07-08,1000000.00,4.498199,102.06640625
08:01:01,912810UA4,TSRYS5802849,D,S,D,2024-07-08,1000000.00,4.491138,102.18359375
08:01:01,912810UA4,TSRYS5802849,D,B,C,2024-07-08,1000000.00,4.496315,102.09765625
08:01:01,912810UA4,TSRYS5802849,D,S,D,2024-07-08,1000000.00,4.493255,102.1484375
08:01:01,912810UA4,TSRYS5802849,D,S,D,2024-07-08,1000000.00,4.496315,102.09765625
08:01:01,912810UA4,TSRYS5802849,D,S,C,2024-07-08,1000000.00,4.49608,102.1015625
08:01:01,912810UA4,TSRYS5802849,D,S,D,2024-07-08,1000000.00,4.497492,102.078125
08:01:02,912810UA4,TSRYS5802849,D,S,T,2024-07-08,1000000.00,4.492785,102.15625
08:01:02,912810UA4,TSRYS5802849,D,S,D,2024-07-08,1000000.00,4.498435,102.0625
08:01:02,912810UA4,TSRYS5802849,D,S,D,2024-07-08,1000000.00,4.489727,102.20703125
08:01:02,912810UA4,TSRYS5802849,D,S,D,2024-07-08,1000000.00,4.498435,102.0625
08:01:02,912810UA4,TSRYS5802849,D,B,A,2024-07-08,1000000.00,4.499377,102.046875
08:01:02,912810UA4,TSRYS5802849,D,S,C,2024-07-08,50MM+,4.495609,102.109375
08:01:03,912810UA4,TSRYS5802849,D,S,D,2024-07-08,1000000.00,4.498906,102.0546875
08:01:03,912810UA4,TSRYS5802849,D,S,C,2024-07-08,950000.00,4.500084,102.03515625
08:01:03,912810UA4,TSRYS5802849,D,B,A,2024-07-08,1000000.00,4.499377,102.046875
08:01:04,912810UA4,TSRYS5802849,D,S,D,2024-07-08,1000000.00,4.497021,102.0859375
08:01:04,912810UA4,TSRYS5802849,D,B,A,2024-07-08,1000000.00,4.499377,102.046875
08:01:04,912810UA4,TSRYS5802849,D,S,T,2024-07-08,1000000.00,4.49867,102.05859375
08:01:04,912810UA4,TSRYS5802849,D,B,A,2024-07-08,1000000.00,4.499377,102.046875
08:01:04,912810UA4,TSRYS5802849,D,S,T,2024-07-08,1000000.00,4.498435,102.0625
08:01:04,912810UA4,TSRYS5802849,D,S,D,2024-07-08,1000000.00,4.497492,102.078125
08:01:05,912810UA4,TSRYS5802849,D,S,D,2024-07-08,1000000.00,4.49655,102.09375
08:01:05,912810UA4,TSRYS5802849,D,S,T,2024-07-08,1000000.00,4.495609,102.109375
08:01:05,912810UA4,TSRYS5802849,D,S,D,2024-07-08,500000.00,4.498199,102.06640625
08:01:05,912810UA4,TSRYS5802849,D,S,T,2024-07-08,1000000.00,4.495609,102.109375
08:01:05,912810UA4,TSRYS5802849,D,S,D,2024-07-08,1000000.00,4.495609,102.109375
08:01:05,912810UA4,TSRYS5802849,D,B,A,2024-07-08,500000.00,4.498199,102.06640625
08:01:05,912810UA4,TSRYS5802849,D,S,T,2024-07-08,1000000.00,4.492785,102.15625
08:01:05,912810UA4,TSRYS5802849,D,S,T,2024-07-08,1000000.00,4.492785,102.15625
08:01:06,912810UA4,TSRYS5802849,D,S,T,2024-07-08,1000000.00,4.500202,102.033203125
08:01:06,912810UA4,TSRYS5802849,D,S,D,2024-07-08,1000000.00,4.484323,102.296875
08:01:06,912810UA4,TSRYS5802849,D,B,C,2024-07-08,27000000.00,4.499377,102.046875
08:01:06,912810UA4,TSRYS5802849,D,S,T,2024-07-08,1000000.00,4.492785,102.15625
08:01:06,912810UA4,TSRYS5802849,D,S,D,2024-07-08,1000000.00,4.492785,102.15625
08:01:06,912810UA4,TSRYS5802849,D,S,T,2024-07-08,1000000.00,4.492785,102.15625
08:01:06,912810UA4,TSRYS5802849,D,S,T,2024-07-08,1000000.00,4.492785,102.15625
08:01:07,912810UA4,TSRYS5802849,D,B,A,2024-07-08,1000000.00,4.485263,102.28125
08:01:07,912810UA4,TSRYS5802849,D,S,T,2024-07-08,1000000.00,4.494902,102.12109375
08:01:07,912810UA4,TSRYS5802849,D,S,T,2024-07-08,1000000.00,4.494902,102.12109375
08:01:07,912810UA4,TSRYS5802849,D,S,T,2024-07-08,1000000.00,4.494902,102.12109375
08:01:07,912810UA4,TSRYS5802849,D,S,T,2024-07-08,1000000.00,4.494902,102.12109375
08:01:07,912810UA4,TSRYS5802849,D,S,T,2024-07-08,1000000.00,4.494902,102.12109375
08:01:07,912810UA4,TSRYS5802849,D,S,T,2024-07-08,1000000.00,4.494902,102.12109375
08:01:08,912810UA4,TSRYS5802849,D,S,T,2024-07-08,1000000.00,4.494902,102.12109375
08:01:08,912810UA4,TSRYS5802849,D,S,T,2024-07-08,1000000.00,4.494673,102.124898
08:01:08,912810UA4,TSRYS5802849,D,S,T,2024-07-08,1000000.00,4.494673,102.124898
08:01:08,912810UA4,TSRYS5802849,D,S,T,2024-07-08,1000000.00,4.494673,102.124898
08:01:08,912810UA4,TSRYS5802849,D,S,T,2024-07-08,1000000.00,4.494673,102.124898
08:01:08,912810UA4,TSRYS5802849,D,S,T,2024-07-08,1000000.00,4.494673,102.124898
08:01:08,912810UA4,TSRYS5802849,D,S,T,2024-07-08,1000000.00,4.494673,102.124898
08:01:08,912810UA4,TSRYS5802849,D,S,T,2024-07-08,1000000.00,4.494673,102.124898
08:01:08,912810UA4,TSRYS5802849,D,S,T,2024-07-08,1000000.00,4.493726,102.140625
08:01:08,912810UA4,TSRYS5802849,D,S,T,2024-07-08,1000000.00,4.493255,102.1484375
08:01:08,912810UA4,TSRYS5802849,D,S,T,2024-07-08,1000000.00,4.493255,102.1484375
08:01:08,912810UA4,TSRYS5802849,D,S,T,2024-07-08,1000000.00,4.49349,102.14453125
08:01:08,912810UA4,TSRYS5802849,D,S,T,2024-07-08,1000000.00,4.49349,102.14453125
08:01:08,912810UA4,TSRYS5802849,D,S,T,2024-07-08,1000000.00,4.49349,102.14453125
08:01:08,912810UA4,TSRYS5802849,D,S,T,2024-07-08,1000000.00,4.49349,102.14453125
08:01:08,912810UA4,TSRYS5802849,D,S,T,2024-07-08,1000000.00,4.50032,102.03125
08:01:08,912810UA4,TSRYS5802849,D,S,T,2024-07-08,1000000.00,4.49349,102.14453125
08:01:08,912810UA4,TSRYS5802849,D,S,T,2024-07-08,1000000.00,4.493726,102.140625
08:01:08,912810UA4,TSRYS5802849,D,S,T,2024-07-08,1000000.00,4.493726,102.140625
08:01:08,912810UA4,TSRYS5802849,D,S,T,2024-07-08,1000000.00,4.493608,102.142578125
08:01:09,912810UA4,TSRYS5802849,D,S,T,2024-07-08,1000000.00,4.492785,102.15625
08:01:09,912810UA4,TSRYS5802849,D,S,T,2024-07-08,1000000.00,4.493726,102.140625
08:01:09,912810UA4,TSRYS5802849,D,S,T,2024-07-08,1000000.00,4.493732,102.140523
08:01:09,912810UA4,TSRYS5802849,D,S,D,2024-07-08,1000000.00,4.498435,102.0625
08:01:10,912810UA4,TSRYS5802849,D,S,D,2024-07-08,1000000.00,4.498435,102.0625
08:01:10,912810UA4,TSRYS5802849,D,S,D,2024-07-08,1000000.00,4.494625,102.1257
08:01:10,912810UA4,TSRYS5802849,D,S,D,2024-07-08,1000000.00,4.496508,102.09445
08:01:10,912810UA4,TSRYS5802849,D,S,D,2024-07-08,3000000.00,4.497489,102.078174
08:01:11,912810UA4,TSRYS5802849,D,S,D,2024-07-08,1000000.00,4.496508,102.09445
08:01:11,912810UA4,TSRYS5802849,D,S,T,2024-07-08,1000000.00,4.500673,102.025390625
08:01:11,912810UA4,TSRYS5802849,D,S,T,2024-07-08,1000000.00,4.491851,102.17175
08:01:14,912810UA4,TSRYS5802849,D,S,D,2024-07-08,1000000.00,4.501027,102.01953125
08:01:14,912810UA4,TSRYS5802849,D,S,T,2024-07-08,1000000.00,4.501262,102.015625
08:01:14,912810UA4,TSRYS5802849,D,S,D,2024-07-08,12000000.00,4.501027,102.01953125
08:01:15,912810UA4,TSRYS5802849,D,S,A,2024-07-08,500000.00,4.492314,102.1640625
08:01:15,912810UA4,TSRYS5802849,D,S,T,2024-07-08,1000000.00,4.486437,102.26171875
08:01:15,912810UA4,TSRYS5802849,D,S,T,2024-07-08,1000000.00,4.486437,102.26171875
08:01:15,912810UA4,TSRYS5802849,D,S,T,2024-07-08,1000000.00,4.486437,102.26171875
08:01:15,912810UA4,TSRYS5802849,D,S,T,2024-07-08,1000000.00,4.492079,102.16796875
08:01:15,912810UA4,TSRYS5802849,D,B,A,2024-07-08,2500000.00,4.492079,102.16796875
08:01:15,912810UA4,TSRYS5802849,D,S,T,2024-07-08,1000000.00,4.493843,102.138671875
08:01:15,912810UA4,TSRYS5802849,D,S,T,2024-07-08,1000000.00,4.492902,102.154296875
08:01:15,912810UA4,TSRYS5802849,D,S,D,2024-07-08,1000000.00,4.495609,102.109375
08:01:15,912810UA4,TSRYS5802849,D,S,D,2024-07-08,1000000.00,4.495609,102.109375
08:01:15,912810UA4,TSRYS5802849,D,S,D,2024-07-08,1000000.00,4.493255,102.1484375
08:01:15,912810UA4,TSRYS5802849,D,S,D,2024-07-08,1000000.00,4.492785,102.15625
08:01:15,912810UA4,TSRYS5802849,D,S,T,2024-07-08,1000000.00,4.49102,102.185546875
08:01:15,912810UA4,TSRYS5802849,D,S,T,2024-07-08,1000000.00,4.492314,102.1640625
08:01:16,912810UA4,TSRYS5802849,D,S,T,2024-07-08,1000000.00,4.49185,102.171773
08:01:16,912810UA4,TSRYS5802849,D,S,T,2024-07-08,1000000.00,4.49185,102.171773
08:01:16,912810UA4,TSRYS5802849,D,S,T,2024-07-08,1000000.00,4.492432,102.162109375
08:01:16,912810UA4,TSRYS5802849,D,S,T,2024-07-08,1000000.00,4.492314,102.1640625
08:01:16,912810UA4,TSRYS5802849,D,B,A,2024-07-08,3015000.00,4.497492,102.078125
08:01:16,912810UA4,TSRYS5802849,D,S,T,2024-07-08,1000000.00,4.497499,102.078023
08:01:16,912810UA4,TSRYS5802849,D,S,T,2024-07-08,1000000.00,4.497375,102.080078125
08:01:16,912810UA4,TSRYS5802849,D,S,T,2024-07-08,1000000.00,4.497375,102.080078125
08:01:16,912810UA4,TSRYS5802849,D,S,D,2024-07-08,1000000.00,4.493255,102.1484375
08:01:17,912810UA4,TSRYS5802849,D,S,A,2024-07-08,3210000.00,4.495609,102.109375
08:01:17,912810UA4,TSRYS5802849,D,S,A,2024-07-08,1500000.00,4.484793,102.2890625
08:01:17,912810UA4,TSRYS5802849,D,S,T,2024-07-08,1000000.00,4.483384,102.3125
08:01:17,912810UA4,TSRYS5802849,D,S,T,2024-07-08,1000000.00,4.489022,102.21875
08:01:17,912810UA4,TSRYS5802849,D,S,T,2024-07-08,1000000.00,4.489022,102.21875
08:01:18,912810UA4,TSRYS5802849,D,S,T,2024-07-08,1000000.00,4.489022,102.21875
08:01:19,912810UA4,TSRYS5802849,D,S,D,2024-07-08,1000000.00,4.497492,102.078125
08:01:19,912810UA4,TSRYS5802849,D,S,D,2024-07-08,1000000.00,4.49655,102.09375
08:01:19,912810UA4,TSRYS5802849,D,S,D,2024-07-08,1000000.00,4.49655,102.09375
08:01:19,912810UA4,TSRYS5802849,D,S,D,2024-07-08,1000000.00,4.498435,102.0625
08:01:19,912810UA4,TSRYS5802849,D,S,A,2024-07-08,90000.00,4.493726,102.140625
08:01:19,912810UA4,TSRYS5802849,D,S,D,2024-07-08,1000000.00,4.49655,102.09375
08:01:19,912810UA4,TSRYS5802849,D,S,D,2024-07-08,1000000.00,4.49655,102.09375
08:01:20,912810UA4,TSRYS5802849,D,B,A,2024-07-08,600000.00,4.50032,102.03125
08:01:20,912810UA4,TSRYS5802849,D,S,A,2024-07-08,2680000.00,4.500084,102.03515625
08:01:20,912810UA4,TSRYS5802849,D,S,D,2024-07-08,1000000.00,4.498435,102.0625
08:01:20,912810UA4,TSRYS5802849,D,S,D,2024-07-08,1000000.00,4.502913,101.98828125
08:01:20,912810UA4,TSRYS5802849,D,S,T,2024-07-08,1000000.00,4.502913,101.98828125
08:01:20,912810UA4,TSRYS5802849,D,S,T,2024-07-08,1000000.00,4.503031,101.986328125
08:01:20,912810UA4,TSRYS5802849,D,S,T,2024-07-08,1000000.00,4.503031,101.986328125
08:01:20,912810UA4,TSRYS5802849,D,S,T,2024-07-08,1000000.00,4.502795,101.990234375
08:01:20,912810UA4,TSRYS5802849,D,S,T,2024-07-08,1000000.00,4.503031,101.986328125
08:01:20,912810UA4,TSRYS5802849,D,S,T,2024-07-08,1000000.00,4.503267,101.982421875
08:01:20,912810UA4,TSRYS5802849,D,S,T,2024-07-08,1000000.00,4.503385,101.98046875
08:01:20,912810UA4,TSRYS5802849,D,S,T,2024-07-08,1000000.00,4.502913,101.98828125
08:01:20,912810UA4,TSRYS5802849,D,S,T,2024-07-08,1000000.00,4.503149,101.984375
08:01:20,912810UA4,TSRYS5802849,D,S,T,2024-07-08,1000000.00,4.503031,101.986328125
08:01:20,912810UA4,TSRYS5802849,D,S,D,2024-07-08,1000000.00,4.502441,101.99609375
08:01:20,912810UA4,TSRYS5802849,D,S,T,2024-07-08,1000000.00,4.503149,101.984375
08:01:21,912810UA4,TSRYS5802849,D,S,T,2024-07-08,1000000.00,4.50362,101.9765625
08:01:21,912810UA4,TSRYS5802849,D,S,A,2024-07-08,500000.00,4.500075,102.03515625
08:01:21,912810UA4,TSRYS5802849,D,S,D,2024-07-08,1000000.00,4.502677,101.9921875
08:01:21,912810UA4,TSRYS5802849,D,S,C,2024-07-08,1000000.00,4.50197,102.00390625
08:01:21,912810UA4,TSRYS5802849,D,S,D,2024-07-08,1000000.00,4.502441,101.99609375
08:01:21,912810UA4,TSRYS5802849,D,S,D,2024-07-08,1000000.00,4.502913,101.98828125
08:01:21,912810UA4,TSRYS5802849,D,S,A,2024-07-08,3000000.00,4.5069,101.922275
08:01:21,912810UA4,TSRYS5802849,D,S,D,2024-07-08,1000000.00,4.498906,102.0546875
08:01:21,912810UA4,TSRYS5802849,D,S,D,2024-07-08,1000000.00,4.501027,102.01953125
08:01:22,912810UA4,TSRYS5802849,D,S,D,2024-07-08,1000000.00,4.490197,102.19921875
08:01:22,912810UA4,TSRYS5802849,D,S,D,2024-07-08,1000000.00,4.490197,102.19921875
08:01:22,912810UA4,TSRYS5802849,D,S,A,2024-07-08,4000000.00,4.498435,102.0625
08:01:22,912810UA4,TSRYS5802849,D,S,D,2024-07-08,1000000.00,4.501262,102.015625
08:01:22,912810UA4,TSRYS5802849,D,S,D,2024-07-08,1000000.00,4.502677,101.9921875
08:01:23,912810UA4,TSRYS5802849,D,B,C,2024-07-08,1000000.00,4.498317,102.06445312
08:01:23,912810UA4,TSRYS5802849,D,B,C,2024-07-08,1000000.00,4.488552,102.2265625
08:01:23,912810UA4,TSRYS5802849,D,S,T,2024-07-08,1000000.00,4.493726,102.140625
08:01:23,912810UA4,TSRYS5802849,D,S,C,2024-07-08,3000000.00,4.497898,102.0714
08:01:24,912810UA4,TSRYS5802849,D,S,D,2024-07-08,1000000.00,4.498906,102.0546875
08:01:24,912810UA4,TSRYS5802849,D,S,D,2024-07-08,2000000.00,4.491071,102.18471
08:01:24,912810UA4,TSRYS5802849,D,B,C,2024-07-08,1000000.00,4.504279,101.96566
08:01:24,912810UA4,TSRYS5802849,D,S,D,2024-07-08,1000000.00,4.501027,102.01953125
08:01:24,912810UA4,TSRYS5802849,D,S,C,2024-07-08,950000.00,4.502206,102.0
08:01:24,912810UA4,TSRYS5802849,D,B,C,2024-07-08,1000000.00,4.49215,102.16679
08:01:24,912810UA4,TSRYS5802849,D,S,T,2024-07-08,1000000.00,4.497492,102.078125
08:01:25,912810UA4,TSRYS5802849,D,S,T,2024-07-08,1000000.00,4.497499,102.078023
08:01:25,912810UA4,TSRYS5802849,D,S,T,2024-07-08,1000000.00,4.497499,102.078023
08:01:25,912810UA4,TSRYS5802849,D,S,T,2024-07-08,1000000.00,4.497499,102.078023
08:01:25,912810UA4,TSRYS5802849,D,S,T,2024-07-08,1000000.00,4.499024,102.05273437
08:01:25,912810UA4,TSRYS5802849,D,S,C,2024-07-08,1000000.00,4.493137,102.15039062
08:01:25,912810UA4,TSRYS5802849,D,S,T,2024-07-08,1000000.00,4.497499,102.078023
08:01:25,912810UA4,TSRYS5802849,D,S,D,2024-07-08,21000000.00,4.489816,102.20556
08:01:25,912810UA4,TSRYS5802849,D,S,D,2024-07-08,5000000.00,4.499613,102.04296875
08:01:25,912810UA4,TSRYS5802849,D,S,A,2024-07-08,88000.00,4.492785,102.15625
08:01:25,912810UA4,TSRYS5802849,D,S,T,2024-07-08,1000000.00,4.501852,102.005859375
08:01:25,912810UA4,TSRYS5802849,D,B,C,2024-07-08,1000000.00,4.527777,101.57795
08:01:25,912810UA4,TSRYS5802849,D,S,C,2024-07-08,1000000.00,4.527777,101.578125
08:01:25,912810UA4,TSRYS5802849,D,S,T,2024-07-08,1000000.00,4.498435,102.0625
08:01:25,912810UA4,TSRYS5802849,D,S,T,2024-07-08,1000000.00,4.497492,102.078125
08:01:25,912810UA4,TSRYS5802849,D,S,T,2024-07-08,1000000.00,4.495609,102.109375
08:01:25,912810UA4,TSRYS5802849,D,S,T,2024-07-08,1000000.00,4.494667,102.125
08:01:25,912810UA4,TSRYS5802849,D,S,T,2024-07-08,1000000.00,4.493726,102.140625
08:01:26,912810UA4,TSRYS5802849,D,B,C,2024-07-08,1000000.00,4.486907,102.25390625
08:01:26,912810UA4,TSRYS5802849,D,S,T,2024-07-08,1000000.00,4.491844,102.171875
08:01:26,912810UA4,TSRYS5802849,D,S,A,2024-07-08,750000.00,4.50032,102.03125
08:01:27,912810UA4,TSRYS5802849,D,S,D,2024-07-08,2000000.00,4.498398,102.0631
08:01:27,912810UA4,TSRYS5802849,D,B,A,2024-07-08,750000.00,4.500084,102.03515625
08:01:27,912810UA4,TSRYS5802849,D,S,T,2024-07-08,1000000.00,4.501262,102.015625
08:01:27,912810UA4,TSRYS5802849,D,S,A,2024-07-08,15000.00,4.499377,102.046875
08:01:27,912810UA4,TSRYS5802849,D,S,D,2024-07-08,301800.00,4.502206,102.0
08:01:27,912810UA4,TSRYS5802849,D,S,D,2024-07-08,24000000.00,4.490134,102.20027
08:01:27,912810UA4,TSRYS5802849,D,S,T,2024-07-08,1000000.00,4.498199,102.06640625
08:01:27,912810UA4,TSRYS5802849,D,S,T,2024-07-08,1000000.00,4.498435,102.0625
08:01:27,912810UA4,TSRYS5802849,D,S,T,2024-07-08,1000000.00,4.499377,102.046875
08:01:27,912810UA4,TSRYS5802849,D,S,D,2024-07-08,1000000.00,4.501263,102.01562
08:01:27,912810UA4,TSRYS5802849,D,S,D,2024-07-08,1000000.00,4.498435,102.0625
08:01:27,912810UA4,TSRYS5802849,D,S,D,2024-07-08,1000000.00,4.497257,102.08203125
08:01:28,912810UA4,TSRYS5802849,D,S,C,2024-07-08,1000000.00,4.497492,102.078125
08:01:28,912810UA4,TSRYS5802849,D,S,T,2024-07-08,1000000.00,4.497501,102.077975
08:01:28,912810UA4,TSRYS5802849,D,S,T,2024-07-08,1000000.00,4.497501,102.077975
08:01:28,912810UA4,TSRYS5802849,D,S,T,2024-07-08,1000000.00,4.497501,102.077975
08:01:28,912810UA4,TSRYS5802849,D,S,T,2024-07-08,1000000.00,4.497501,102.077975
08:01:28,912810UA4,TSRYS5802849,D,S,C,2024-07-08,1000000.00,4.50421,101.96679687
08:01:28,912810UA4,TSRYS5802849,D,B,C,2024-07-08,1000000.00,4.491491,102.17773437
08:01:28,912810UA4,TSRYS5802849,D,S,T,2024-07-08,1000000.00,4.497501,102.077975
08:01:28,912810UA4,TSRYS5802849,D,S,T,2024-07-08,1000000.00,4.497501,102.077975
08:01:28,912810UA4,TSRYS5802849,D,S,T,2024-07-08,1000000.00,4.497501,102.077975
08:01:28,912810UA4,TSRYS5802849,D,S,T,2024-07-08,1000000.00,4.497492,102.078125
08:01:28,912810UA4,TSRYS5802849,D,S,T,2024-07-08,1000000.00,4.497492,102.078125
08:01:28,912810UA4,TSRYS5802849,D,S,T,2024-07-08,1000000.00,4.498435,102.0625
08:01:28,912810UA4,TSRYS5802849,D,S,T,2024-07-08,1000000.00,4.498199,102.06640625
08:01:28,912810UA4,TSRYS5802849,D,S,T,2024-07-08,1000000.00,4.497492,102.078125
08:01:28,912810UA4,TSRYS5802849,D,S,T,2024-07-08,1000000.00,4.497492,102.078125
08:01:28,912810UA4,TSRYS5802849,D,S,T,2024-07-08,1000000.00,4.497492,102.078125
08:01:29,912810UA4,TSRYS5802849,D,S,T,2024-07-08,1000000.00,4.497492,102.078125
08:01:29,912810UA4,TSRYS5802849,D,B,A,2024-07-08,1127200.00,4.491608,102.17578125
08:01:29,912810UA4,TSRYS5802849,D,S,D,2024-07-08,1000000.00,4.492785,102.15625
08:01:29,912810UA4,TSRYS5802849,D,S,D,2024-07-08,1000000.00,4.495609,102.109375
08:01:29,912810UA4,TSRYS5802849,D,S,D,2024-07-08,1000000.00,4.493961,102.13671875
08:01:29,912810UA4,TSRYS5802849,D,S,D,2024-07-08,1000000.00,4.494196,102.1328125
08:01:29,912810UA4,TSRYS5802849,D,S,D,2024-07-08,1000000.00,4.494196,102.1328125
08:01:29,912810UA4,TSRYS5802849,D,S,D,2024-07-08,1000000.00,4.48961,102.20898437
08:01:29,912810UA4,TSRYS5802849,D,S,T,2024-07-08,1000000.00,4.498435,102.0625
08:01:29,912810UA4,TSRYS5802849,D,S,T,2024-07-08,1000000.00,4.498435,102.0625
08:01:29,912810UA4,TSRYS5802849,D,S,T,2024-07-08,1000000.00,4.504092,101.96875
08:01:29,912810UA4,TSRYS5802849,D,S,T,2024-07-08,1000000.00,4.504092,101.96875
08:01:29,912810UA4,TSRYS5802849,D,S,T,2024-07-08,1000000.00,4.497492,102.078125
08:01:29,912810UA4,TSRYS5802849,D,S,T,2024-07-08,1000000.00,4.493726,102.140625
08:01:29,912810UA4,TSRYS5802849,D,S,T,2024-07-08,1000000.00,4.494667,102.125
08:01:29,912810UA4,TSRYS5802849,D,S,T,2024-07-08,1000000.00,4.503149,101.984375
08:01:29,912810UA4,TSRYS5802849,D,S,T,2024-07-08,1000000.00,4.501262,102.015625
08:01:29,912810UA4,TSRYS5802849,D,S,D,2024-07-08,1000000.00,4.494196,102.1328125
08:01:29,912810UA4,TSRYS5802849,D,S,T,2024-07-08,1000000.00,4.494676,102.12485
08:01:30,912810UA4,TSRYS5802849,D,S,T,2024-07-08,1000000.00,4.498441,102.062398
08:01:30,912810UA4,TSRYS5802849,D,S,T,2024-07-08,1000000.00,4.498441,102.062398
08:01:30,912810UA4,TSRYS5802849,D,S,T,2024-07-08,1000000.00,4.498441,102.062398
08:01:30,912810UA4,TSRYS5802849,D,S,T,2024-07-08,1000000.00,4.498441,102.062398
08:01:30,912810UA4,TSRYS5802849,D,S,T,2024-07-08,1000000.00,4.498441,102.062398
08:01:30,912810UA4,TSRYS5802849,D,S,T,2024-07-08,1000000.00,4.498441,102.062398
08:01:30,912810UA4,TSRYS5802849,D,S,T,2024-07-08,1000000.00,4.498441,102.062398
08:01:30,912810UA4,TSRYS5802849,D,S,T,2024-07-08,1000000.00,4.498441,102.062398
08:01:30,912810UA4,TSRYS5802849,D,S,T,2024-07-08,1000000.00,4.498441,102.062398
08:01:30,912810UA4,TSRYS5802849,D,S,T,2024-07-08,1000000.00,4.498441,102.062398
08:01:30,912810UA4,TSRYS5802849,D,B,C,2024-07-08,1000000.00,4.487964,102.23632812
08:01:30,912810UA4,TSRYS5802849,D,S,T,2024-07-08,1000000.00,4.498441,102.062398
08:01:30,912810UA4,TSRYS5802849,D,S,T,2024-07-08,1000000.00,4.498441,102.062398
08:01:30,912810UA4,TSRYS5802849,D,S,T,2024-07-08,1000000.00,4.498441,102.062398
08:01:30,912810UA4,TSRYS5802849,D,S,T,2024-07-08,1000000.00,4.498441,102.062398
08:01:30,912810UA4,TSRYS5802849,D,S,T,2024-07-08,1000000.00,4.498441,102.062398
08:01:30,912810UA4,TSRYS5802849,D,S,T,2024-07-08,1000000.00,4.497492,102.078125
08:01:30,912810UA4,TSRYS5802849,D,S,T,2024-07-08,1000000.00,4.497499,102.078023
08:01:30,912810UA4,TSRYS5802849,D,S,C,2024-07-08,3000000.00,4.49608,102.1015625
08:01:30,912810UA4,TSRYS5802849,D,S,T,2024-07-08,1000000.00,4.497499,102.078023
08:01:30,912810UA4,TSRYS5802849,D,S,T,2024-07-08,1000000.00,4.497499,102.078023
08:01:30,912810UA4,TSRYS5802849,D,B,C,2024-07-08,3000000.00,4.49655,102.09375
