tradeTime,cusip,issueSymbolIdentifier,priceType,reportingSideCode,contraPartyTypeCode,tradeDate,reportedTradeVolume,lastSaleYield,lastSalePrice
08:00:03,912810UA4,TSRYS5802849,D,S,T,2024-05-29,1000000.00,4.656359,99.494140625
08:00:03,912810UA4,TSRYS5802849,D,S,D,2024-05-29,1000000.00,4.656237,99.49609375
08:00:03,912810UA4,TSRYS5802849,D,S,T,2024-05-29,1000000.00,4.655139,99.513671875
08:00:03,912810UA4,TSRYS5802849,D,S,T,2024-05-29,1000000.00,4.669677,99.28125
08:00:03,912810UA4,TSRYS5802849,D,S,T,2024-05-29,1000000.00,4.668821,99.294921875
08:00:03,912810UA4,TSRYS5802849,D,S,D,2024-05-29,1000000.00,4.668454,99.30078125
08:00:03,912810UA4,TSRYS5802849,D,S,D,2024-05-29,1000000.00,4.668454,99.30078125
08:00:03,912810UA4,TSRYS5802849,D,S,T,2024-05-29,1000000.00,4.66772,99.3125
08:00:03,912810UA4,TSRYS5802849,D,S,T,2024-05-29,1000000.00,4.677639,99.154296875
08:00:03,912810UA4,TSRYS5802849,D,S,T,2024-05-29,1000000.00,4.677639,99.154296875
08:00:03,912810UA4,TSRYS5802849,D,S,T,2024-05-29,1000000.00,4.677517,99.15625
08:00:03,912810UA4,TSRYS5802849,D,S,T,2024-05-29,1000000.00,4.674943,99.197265625
08:00:03,912810UA4,TSRYS5802849,D,S,D,2024-05-29,1000000.00,4.671636,99.25
08:00:03,912810UA4,TSRYS5802849,D,S,D,2024-05-29,1000000.00,4.671636,99.25
08:00:03,912810UA4,TSRYS5802849,D,S,D,2024-05-29,1000000.00,4.671636,99.25
08:00:03,912810UA4,TSRYS5802849,D,S,T,2024-05-29,1000000.00,4.671758,99.248046875
08:00:03,912810UA4,TSRYS5802849,D,S,T,2024-05-29,1000000.00,4.669677,99.28125
08:00:03,912810UA4,TSRYS5802849,D,S,T,2024-05-29,1000000.00,4.674943,99.197265625
08:00:03,912810UA4,TSRYS5802849,D,S,T,2024-05-29,1000000.00,4.674943,99.197265625
08:00:03,912810UA4,TSRYS5802849,D,S,T,2024-05-29,1000000.00,4.674943,99.197265625
08:00:07,912810UA4,TSRYS5802849,D,B,C,2024-05-29,1000000.00,4.677271,99.16015625
08:00:07,912810UA4,TSRYS5802849,D,B,C,2024-05-29,2000000.00,4.679111,99.130859375
08:00:07,912810UA4,TSRYS5802849,D,S,T,2024-05-29,2000000.00,4.678497,99.140625
08:00:07,912810UA4,TSRYS5802849,D,B,C,2024-05-29,1000000.00,4.678865,99.134765625
08:00:07,912810UA4,TSRYS5802849,D,B,C,2024-05-29,1000000.00,4.678865,99.134765625
08:00:07,912810UA4,TSRYS5802849,D,B,C,2024-05-29,1000000.00,4.678865,99.134765625
08:00:07,912810UA4,TSRYS5802849,D,B,C,2024-05-29,1000000.00,4.678865,99.134765625
08:00:07,912810UA4,TSRYS5802849,D,B,C,2024-05-29,1000000.00,4.678865,99.134765625
08:00:07,912810UA4,TSRYS5802849,D,B,C,2024-05-29,1000000.00,4.678865,99.134765625
08:00:07,912810UA4,TSRYS5802849,D,B,C,2024-05-29,1000000.00,4.678865,99.134765625
08:00:07,912810UA4,TSRYS5802849,D,S,D,2024-05-29,1000000.00,4.682546,99.076171875
08:00:07,912810UA4,TSRYS5802849,D,S,D,2024-05-29,1000000.00,4.682669,99.07421875
08:00:07,912810UA4,TSRYS5802849,D,B,C,2024-05-29,1000000.00,4.683037,99.068359375
08:00:07,912810UA4,TSRYS5802849,D,B,C,2024-05-29,1000000.00,4.683037,99.068359375
08:00:07,912810UA4,TSRYS5802849,D,S,T,2024-05-29,1000000.00,4.680951,99.1015625
08:00:07,912810UA4,TSRYS5802849,D,S,T,2024-05-29,1000000.00,4.680951,99.1015625
08:00:07,912810UA4,TSRYS5802849,D,S,T,2024-05-29,1000000.00,4.680951,99.1015625
08:00:07,912810UA4,TSRYS5802849,D,S,T,2024-05-29,1000000.00,4.681073,99.099609375
08:00:07,912810UA4,TSRYS5802849,D,S,T,2024-05-29,1000000.00,4.680705,99.10546875
08:00:07,912810UA4,TSRYS5802849,D,B,C,2024-05-29,1000000.00,4.678865,99.134765625
08:00:07,912810UA4,TSRYS5802849,D,B,C,2024-05-29,1000000.00,4.678865,99.134765625
08:00:07,912810UA4,TSRYS5802849,D,S,D,2024-05-29,1000000.00,4.678497,99.140625
08:00:07,912810UA4,TSRYS5802849,D,S,D,2024-05-29,1000000.00,4.68046,99.109375
08:00:07,912810UA4,TSRYS5802849,D,S,D,2024-05-29,1000000.00,4.680583,99.107421875
08:00:07,912810UA4,TSRYS5802849,D,S,D,2024-05-29,1000000.00,4.680583,99.107421875
08:00:07,912810UA4,TSRYS5802849,D,S,T,2024-05-29,1000000.00,4.681196,99.09765625
08:00:07,912810UA4,TSRYS5802849,D,S,T,2024-05-29,1000000.00,4.681196,99.09765625
08:00:07,912810UA4,TSRYS5802849,D,S,D,2024-05-29,1000000.00,4.680215,99.11328125
08:00:07,912810UA4,TSRYS5802849,D,B,C,2024-05-29,1000000.00,4.680583,99.107421875
08:00:07,912810UA4,TSRYS5802849,D,S,T,2024-05-29,1000000.00,4.679969,99.1171875
08:00:07,912810UA4,TSRYS5802849,D,B,C,2024-05-29,1000000.00,4.680583,99.107421875
08:00:07,912810UA4,TSRYS5802849,D,B,C,2024-05-29,1000000.00,4.680583,99.107421875
08:00:07,912810UA4,TSRYS5802849,D,B,C,2024-05-29,1000000.00,4.680583,99.107421875
08:00:07,912810UA4,TSRYS5802849,D,B,C,2024-05-29,1000000.00,4.681319,99.095703125
08:00:07,912810UA4,TSRYS5802849,D,S,T,2024-05-29,1000000.00,4.681073,99.099609375
08:00:07,912810UA4,TSRYS5802849,D,S,T,2024-05-29,1000000.00,4.678865,99.134765625
08:00:07,912810UA4,TSRYS5802849,D,B,C,2024-05-29,1000000.00,4.678865,99.134765625
08:00:07,912810UA4,TSRYS5802849,D,S,T,2024-05-29,1000000.00,4.678497,99.140625
08:00:07,912810UA4,TSRYS5802849,D,B,C,2024-05-29,1000000.00,4.678865,99.134765625
08:00:07,912810UA4,TSRYS5802849,D,S,T,2024-05-29,1000000.00,4.678497,99.140625
08:00:07,912810UA4,TSRYS5802849,D,S,D,2024-05-29,1000000.00,4.677517,99.15625
08:00:07,912810UA4,TSRYS5802849,D,S,A,2024-05-29,50000.00,4.688319,98.994375
08:00:07,912810UA4,TSRYS5802849,D,B,C,2024-05-29,1000000.00,4.685247,99.033203125
08:00:07,912810UA4,TSRYS5802849,D,B,C,2024-05-29,1000000.00,4.683651,99.05859375
08:00:07,912810UA4,TSRYS5802849,D,S,D,2024-05-29,1000000.00,4.683405,99.0625
08:00:07,912810UA4,TSRYS5802849,D,B,C,2024-05-29,1000000.00,4.684265,99.048828125
08:00:07,912810UA4,TSRYS5802849,D,B,C,2024-05-29,1000000.00,4.683896,99.0546875
08:00:07,912810UA4,TSRYS5802849,D,B,C,2024-05-29,1000000.00,4.683774,99.056640625
08:00:07,912810UA4,TSRYS5802849,D,B,C,2024-05-29,1000000.00,4.683774,99.056640625
08:00:07,912810UA4,TSRYS5802849,D,B,C,2024-05-29,1000000.00,4.683774,99.056640625
08:00:07,912810UA4,TSRYS5802849,D,S,T,2024-05-29,1000000.00,4.69004,98.95703125
08:00:07,912810UA4,TSRYS5802849,D,S,D,2024-05-29,1000000.00,4.690409,98.951171875
08:00:07,912810UA4,TSRYS5802849,D,S,D,2024-05-29,1000000.00,4.690409,98.951171875
08:00:07,912810UA4,TSRYS5802849,D,S,D,2024-05-29,1000000.00,4.689671,98.962890625
08:00:07,912810UA4,TSRYS5802849,D,S,D,2024-05-29,1000000.00,4.689548,98.96484375
08:00:07,912810UA4,TSRYS5802849,D,S,D,2024-05-29,1000000.00,4.689548,98.96484375
08:00:07,912810UA4,TSRYS5802849,D,S,D,2024-05-29,1000000.00,4.689548,98.96484375
08:00:07,912810UA4,TSRYS5802849,D,S,D,2024-05-29,1000000.00,4.689548,98.96484375
08:00:07,912810UA4,TSRYS5802849,D,S,D,2024-05-29,1000000.00,4.689794,98.9609375
08:00:07,912810UA4,TSRYS5802849,D,S,D,2024-05-29,1000000.00,4.690655,98.947265625
08:00:07,912810UA4,TSRYS5802849,D,S,D,2024-05-29,1000000.00,4.690655,98.947265625
08:00:07,912810UA4,TSRYS5802849,D,B,C,2024-05-29,1000000.00,4.688073,98.98828125
08:00:07,912810UA4,TSRYS5802849,D,B,C,2024-05-29,1000000.00,4.687581,98.99609375
08:00:07,912810UA4,TSRYS5802849,D,S,T,2024-05-29,1000000.00,4.687336,99.0
08:00:07,912810UA4,TSRYS5802849,D,B,C,2024-05-29,1000000.00,4.690163,98.955078125
08:00:07,912810UA4,TSRYS5802849,D,B,C,2024-05-29,1000000.00,4.690163,98.955078125
08:00:07,912810UA4,TSRYS5802849,D,S,T,2024-05-29,1000000.00,4.68537,99.03125
08:00:07,912810UA4,TSRYS5802849,D,S,D,2024-05-29,1000000.00,4.690655,98.947265625
08:00:07,912810UA4,TSRYS5802849,D,S,D,2024-05-29,1000000.00,4.685861,99.0234375
08:00:07,912810UA4,TSRYS5802849,D,S,T,2024-05-29,1000000.00,4.676536,99.171875
08:00:07,912810UA4,TSRYS5802849,D,S,T,2024-05-29,1000000.00,4.677517,99.15625
08:00:07,912810UA4,TSRYS5802849,D,B,C,2024-05-29,1000000.00,4.678007,99.1484375
08:00:07,912810UA4,TSRYS5802849,D,S,T,2024-05-29,1000000.00,4.677517,99.15625
08:00:07,912810UA4,TSRYS5802849,D,B,C,2024-05-29,1000000.00,4.678007,99.1484375
08:00:07,912810UA4,TSRYS5802849,D,B,C,2024-05-29,1000000.00,4.678007,99.1484375
08:00:07,912810UA4,TSRYS5802849,D,B,C,2024-05-29,1000000.00,4.681687,99.08984375
08:00:07,912810UA4,TSRYS5802849,D,B,C,2024-05-29,1000000.00,4.684142,99.05078125
08:00:07,912810UA4,TSRYS5802849,D,B,C,2024-05-29,1000000.00,4.681687,99.08984375
08:00:07,912810UA4,TSRYS5802849,D,B,C,2024-05-29,1000000.00,4.681687,99.08984375
08:00:07,912810UA4,TSRYS5802849,D,S,T,2024-05-29,1000000.00,4.681442,99.09375
08:00:07,912810UA4,TSRYS5802849,D,B,C,2024-05-29,1000000.00,4.681196,99.09765625
08:00:07,912810UA4,TSRYS5802849,D,B,C,2024-05-29,1000000.00,4.681196,99.09765625
08:00:07,912810UA4,TSRYS5802849,D,B,C,2024-05-29,1000000.00,4.684142,99.05078125
08:00:07,912810UA4,TSRYS5802849,D,S,T,2024-05-29,1000000.00,4.683896,99.0546875
08:00:07,912810UA4,TSRYS5802849,D,S,D,2024-05-29,1000000.00,4.687213,99.001953125
08:00:07,912810UA4,TSRYS5802849,D,S,D,2024-05-29,1000000.00,4.687213,99.001953125
08:00:07,912810UA4,TSRYS5802849,D,S,D,2024-05-29,1000000.00,4.687213,99.001953125
08:00:07,912810UA4,TSRYS5802849,D,S,D,2024-05-29,1000000.00,4.68623,99.017578125
08:00:07,912810UA4,TSRYS5802849,D,S,D,2024-05-29,1000000.00,4.685984,99.021484375
08:00:07,912810UA4,TSRYS5802849,D,S,D,2024-05-29,1000000.00,4.685739,99.025390625
08:00:07,912810UA4,TSRYS5802849,D,S,T,2024-05-29,1000000.00,4.683774,99.056640625
08:00:07,912810UA4,TSRYS5802849,D,S,D,2024-05-29,1000000.00,4.685002,99.037109375
08:00:07,912810UA4,TSRYS5802849,D,S,D,2024-05-29,1000000.00,4.685739,99.025390625
08:00:07,912810UA4,TSRYS5802849,D,S,D,2024-05-29,1000000.00,4.683896,99.0546875
08:00:07,912810UA4,TSRYS5802849,D,S,D,2024-05-29,1000000.00,4.683896,99.0546875
08:00:07,912810UA4,TSRYS5802849,D,S,D,2024-05-29,1000000.00,4.683896,99.0546875
08:00:07,912810UA4,TSRYS5802849,D,S,D,2024-05-29,1000000.00,4.683896,99.0546875
08:00:07,912810UA4,TSRYS5802849,D,S,D,2024-05-29,1000000.00,4.684879,99.0390625
08:00:07,912810UA4,TSRYS5802849,D,S,D,2024-05-29,1000000.00,4.684879,99.0390625
08:00:07,912810UA4,TSRYS5802849,D,S,D,2024-05-29,1000000.00,4.684879,99.0390625
08:00:07,912810UA4,TSRYS5802849,D,S,D,2024-05-29,1000000.00,4.684633,99.04296875
08:00:07,912810UA4,TSRYS5802849,D,S,T,2024-05-29,1000000.00,4.68451,99.044921875
08:00:07,912810UA4,TSRYS5802849,D,B,C,2024-05-29,1000000.00,4.689179,98.970703125
08:00:07,912810UA4,TSRYS5802849,D,B,C,2024-05-29,1000000.00,4.689302,98.96875
08:00:07,912810UA4,TSRYS5802849,D,B,C,2024-05-29,1000000.00,4.689302,98.96875
08:00:07,912810UA4,TSRYS5802849,D,S,T,2024-05-29,1000000.00,4.686598,99.01171875
08:00:07,912810UA4,TSRYS5802849,D,S,T,2024-05-29,1000000.00,4.686598,99.01171875
08:00:07,912810UA4,TSRYS5802849,D,S,D,2024-05-29,1000000.00,4.682669,99.07421875
08:00:07,912810UA4,TSRYS5802849,D,S,D,2024-05-29,1000000.00,4.682669,99.07421875
08:00:07,912810UA4,TSRYS5802849,D,S,D,2024-05-29,1000000.00,4.689548,98.96484375
08:00:07,912810UA4,TSRYS5802849,D,S,T,2024-05-29,1000000.00,4.687581,98.99609375
08:00:07,912810UA4,TSRYS5802849,D,S,T,2024-05-29,1000000.00,4.687827,98.9921875
08:00:07,912810UA4,TSRYS5802849,D,S,T,2024-05-29,1000000.00,4.687827,98.9921875
08:00:07,912810UA4,TSRYS5802849,D,S,T,2024-05-29,1000000.00,4.687581,98.99609375
08:00:07,912810UA4,TSRYS5802849,D,S,T,2024-05-29,1000000.00,4.689056,98.97265625
08:00:07,912810UA4,TSRYS5802849,D,S,T,2024-05-29,1000000.00,4.689056,98.97265625
08:00:07,912810UA4,TSRYS5802849,D,S,T,2024-05-29,1000000.00,4.679479,99.125
08:00:07,912810UA4,TSRYS5802849,D,S,T,2024-05-29,1000000.00,4.682423,99.078125
08:00:07,912810UA4,TSRYS5802849,D,S,T,2024-05-29,1000000.00,4.678497,99.140625
08:00:07,912810UA4,TSRYS5802849,D,S,T,2024-05-29,1000000.00,4.68046,99.109375
08:00:07,912810UA4,TSRYS5802849,D,S,T,2024-05-29,1000000.00,4.676536,99.171875
08:00:07,912810UA4,TSRYS5802849,D,S,T,2024-05-29,1000000.00,4.676536,99.171875
08:00:07,912810UA4,TSRYS5802849,D,S,T,2024-05-29,1000000.00,4.676536,99.171875
08:00:07,912810UA4,TSRYS5802849,D,S,T,2024-05-29,1000000.00,4.677517,99.15625
08:00:07,912810UA4,TSRYS5802849,D,S,T,2024-05-29,1000000.00,4.684388,99.046875
08:00:07,912810UA4,TSRYS5802849,D,S,T,2024-05-29,1000000.00,4.684388,99.046875
08:00:07,912810UA4,TSRYS5802849,D,S,T,2024-05-29,1000000.00,4.684388,99.046875
08:00:07,912810UA4,TSRYS5802849,D,S,T,2024-05-29,1000000.00,4.68046,99.109375
08:00:07,912810UA4,TSRYS5802849,D,S,T,2024-05-29,1000000.00,4.68046,99.109375
08:00:07,912810UA4,TSRYS5802849,D,S,T,2024-05-29,1000000.00,4.684388,99.046875
08:00:07,912810UA4,TSRYS5802849,D,S,C,2024-05-29,13000.00,4.687827,99.03064903846
08:00:07,912810UA4,TSRYS5802849,D,S,C,2024-05-29,5000.00,4.688294,99.084775
08:00:08,912810UA4,TSRYS5802849,D,S,A,2024-05-29,2000000.00,4.658922,99.453125
08:00:08,912810UA4,TSRYS5802849,D,S,T,2024-05-29,1000000.00,4.689302,98.96875
08:00:09,912810UA4,TSRYS5802849,D,S,D,2024-05-29,1000000.00,4.66846,99.30078125
08:00:10,912810UA4,TSRYS5802849,D,S,D,2024-05-29,4000000.00,4.685124,99.03515625
08:00:10,912810UA4,TSRYS5802849,D,S,D,2024-05-29,2000000.00,4.68537,99.03125
08:00:10,912810UA4,TSRYS5802849,D,S,C,2024-05-29,50MM+,4.6796,99.123067045
08:00:11,912810UA4,TSRYS5802849,D,S,T,2024-05-29,1000000.00,4.661853,99.40625
08:00:11,912810UA4,TSRYS5802849,D,S,T,2024-05-29,1000000.00,4.659899,99.4375
08:00:11,912810UA4,TSRYS5802849,D,S,T,2024-05-29,1000000.00,4.655993,99.5
08:00:11,912810UA4,TSRYS5802849,D,S,T,2024-05-29,1000000.00,4.656603,99.490234375
08:00:11,912810UA4,TSRYS5802849,D,S,T,2024-05-29,1000000.00,4.65453,99.5234375
08:00:12,912810UA4,TSRYS5802849,D,S,T,2024-05-29,1000000.00,4.668699,99.296875
08:00:12,912810UA4,TSRYS5802849,D,S,T,2024-05-29,1000000.00,4.672615,99.234375
08:00:12,912810UA4,TSRYS5802849,D,S,T,2024-05-29,1000000.00,4.672615,99.234375
08:00:12,912810UA4,TSRYS5802849,D,S,T,2024-05-29,1000000.00,4.66772,99.3125
08:00:12,912810UA4,TSRYS5802849,D,S,T,2024-05-29,1000000.00,4.669066,99.291015625
08:00:12,912810UA4,TSRYS5802849,D,S,T,2024-05-29,1000000.00,4.668699,99.296875
08:00:12,912810UA4,TSRYS5802849,D,S,T,2024-05-29,1000000.00,4.669677,99.28125
08:00:12,912810UA4,TSRYS5802849,D,S,T,2024-05-29,1000000.00,4.675555,99.1875
08:00:12,912810UA4,TSRYS5802849,D,S,T,2024-05-29,1000000.00,4.678007,99.1484375
08:00:12,912810UA4,TSRYS5802849,D,S,T,2024-05-29,1000000.00,4.673595,99.21875
08:00:12,912810UA4,TSRYS5802849,D,S,T,2024-05-29,1000000.00,4.678497,99.140625
08:00:12,912810UA4,TSRYS5802849,D,S,D,2024-05-29,1000000.00,4.670167,99.2734375
08:00:12,912810UA4,TSRYS5802849,D,S,T,2024-05-29,1000000.00,4.672615,99.234375
08:00:12,912810UA4,TSRYS5802849,D,S,T,2024-05-29,1000000.00,4.672615,99.234375
08:00:12,912810UA4,TSRYS5802849,D,S,D,2024-05-29,1000000.00,4.675065,99.1953125
08:00:12,912810UA4,TSRYS5802849,D,S,T,2024-05-29,1000000.00,4.674698,99.201171875
08:00:12,912810UA4,TSRYS5802849,D,S,T,2024-05-29,1000000.00,4.675188,99.193359375
08:00:12,912810UA4,TSRYS5802849,D,S,T,2024-05-29,1000000.00,4.675188,99.193359375
08:00:12,912810UA4,TSRYS5802849,D,S,T,2024-05-29,1000000.00,4.677517,99.15625
08:00:12,912810UA4,TSRYS5802849,D,S,T,2024-05-29,1000000.00,4.677517,99.15625
08:00:12,912810UA4,TSRYS5802849,D,S,T,2024-05-29,1000000.00,4.676536,99.171875
08:00:12,912810UA4,TSRYS5802849,D,S,D,2024-05-29,1000000.00,4.680705,99.10546875
08:00:12,912810UA4,TSRYS5802849,D,S,T,2024-05-29,1000000.00,4.680337,99.111328125
08:00:12,912810UA4,TSRYS5802849,D,S,T,2024-05-29,1000000.00,4.680215,99.11328125
08:00:12,912810UA4,TSRYS5802849,D,S,T,2024-05-29,1000000.00,4.680215,99.11328125
08:00:12,912810UA4,TSRYS5802849,D,S,T,2024-05-29,1000000.00,4.680215,99.11328125
08:00:12,912810UA4,TSRYS5802849,D,S,T,2024-05-29,1000000.00,4.680215,99.11328125
08:00:12,912810UA4,TSRYS5802849,D,S,T,2024-05-29,1000000.00,4.680215,99.11328125
08:00:12,912810UA4,TSRYS5802849,D,S,T,2024-05-29,1000000.00,4.680215,99.11328125
08:00:12,912810UA4,TSRYS5802849,D,S,T,2024-05-29,1000000.00,4.681442,99.09375
08:00:12,912810UA4,TSRYS5802849,D,S,D,2024-05-29,1000000.00,4.680951,99.1015625
08:00:12,912810UA4,TSRYS5802849,D,S,T,2024-05-29,1000000.00,4.68046,99.109375
08:00:12,912810UA4,TSRYS5802849,D,S,T,2024-05-29,1000000.00,4.684388,99.046875
08:00:12,912810UA4,TSRYS5802849,D,S,T,2024-05-29,1000000.00,4.684388,99.046875
08:00:12,912810UA4,TSRYS5802849,D,S,T,2024-05-29,1000000.00,4.689917,98.958984375
08:00:12,912810UA4,TSRYS5802849,D,S,T,2024-05-29,1000000.00,4.685493,99.029296875
08:00:12,912810UA4,TSRYS5802849,D,S,T,2024-05-29,1000000.00,4.685493,99.029296875
08:00:12,912810UA4,TSRYS5802849,D,S,T,2024-05-29,1000000.00,4.69004,98.95703125
08:00:12,912810UA4,TSRYS5802849,D,S,T,2024-05-29,1000000.00,4.687336,99.0
08:00:12,912810UA4,TSRYS5802849,D,S,A,2024-05-29,2000000.00,4.656481,99.4921875
08:00:12,912810UA4,TSRYS5802849,D,S,D,2024-05-29,1000000.00,4.68537,99.03125
08:00:12,912810UA4,TSRYS5802849,D,S,T,2024-05-29,1000000.00,4.684388,99.046875
08:00:12,912810UA4,TSRYS5802849,D,S,T,2024-05-29,1000000.00,4.679479,99.125
08:00:12,912810UA4,TSRYS5802849,D,S,T,2024-05-29,1000000.00,4.676536,99.171875
08:00:12,912810UA4,TSRYS5802849,D,S,T,2024-05-29,1000000.00,4.682423,99.078125
08:00:12,912810UA4,TSRYS5802849,D,S,T,2024-05-29,1000000.00,4.681442,99.09375
08:00:12,912810UA4,TSRYS5802849,D,S,T,2024-05-29,1000000.00,4.682423,99.078125
08:00:12,912810UA4,TSRYS5802849,D,S,T,2024-05-29,1000000.00,4.681442,99.09375
08:00:12,912810UA4,TSRYS5802849,D,S,T,2024-05-29,1000000.00,4.682423,99.078125
08:00:12,912810UA4,TSRYS5802849,D,S,T,2024-05-29,1000000.00,4.679479,99.125
08:00:12,912810UA4,TSRYS5802849,D,S,T,2024-05-29,1000000.00,4.689302,98.96875
08:00:12,912810UA4,TSRYS5802849,D,S,D,2024-05-29,1000000.00,4.678988,99.1328125
08:00:12,912810UA4,TSRYS5802849,D,S,T,2024-05-29,1000000.00,4.678497,99.140625
08:00:12,912810UA4,TSRYS5802849,D,S,T,2024-05-29,1000000.00,4.684388,99.046875
08:00:12,912810UA4,TSRYS5802849,D,S,T,2024-05-29,1000000.00,4.684388,99.046875
08:00:12,912810UA4,TSRYS5802849,D,S,D,2024-05-29,1000000.00,4.684879,99.0390625
08:00:12,912810UA4,TSRYS5802849,D,S,T,2024-05-29,1000000.00,4.684879,99.0390625
08:00:12,912810UA4,TSRYS5802849,D,S,T,2024-05-29,1000000.00,4.684879,99.0390625
08:00:12,912810UA4,TSRYS5802849,D,S,D,2024-05-29,1000000.00,4.684879,99.0390625
08:00:12,912810UA4,TSRYS5802849,D,S,T,2024-05-29,1000000.00,4.684879,99.0390625
08:00:12,912810UA4,TSRYS5802849,D,S,T,2024-05-29,1000000.00,4.685616,99.02734375
08:00:12,912810UA4,TSRYS5802849,D,S,T,2024-05-29,1000000.00,4.685616,99.02734375
08:00:12,912810UA4,TSRYS5802849,D,S,T,2024-05-29,1000000.00,4.685616,99.02734375
08:00:13,912810UA4,TSRYS5802849,D,S,T,2024-05-29,1000000.00,4.686353,99.015625
08:00:13,912810UA4,TSRYS5802849,D,S,T,2024-05-29,1000000.00,4.689056,98.97265625
08:00:13,912810UA4,TSRYS5802849,D,S,D,2024-05-29,2000000.00,4.688319,98.984375
08:00:13,912810UA4,TSRYS5802849,D,S,D,2024-05-29,1000000.00,4.688565,98.98046875
08:00:14,912810UA4,TSRYS5802849,D,S,D,2024-05-29,1000000.00,4.681932,99.0859375
08:00:14,912810UA4,TSRYS5802849,D,S,D,2024-05-29,1000000.00,4.683283,99.064453125
08:00:15,912810UA4,TSRYS5802849,D,S,D,2024-05-29,1000000.00,4.685984,99.021484375
08:00:15,912810UA4,TSRYS5802849,D,S,D,2024-05-29,1000000.00,4.68537,99.03125
08:00:15,912810UA4,TSRYS5802849,D,S,D,2024-05-29,1000000.00,4.682546,99.076171875
08:00:15,912810UA4,TSRYS5802849,D,S,D,2024-05-29,1000000.00,4.682423,99.078125
08:00:15,912810UA4,TSRYS5802849,D,S,D,2024-05-29,1000000.00,4.682423,99.078125
08:00:15,912810UA4,TSRYS5802849,D,S,D,2024-05-29,1000000.00,4.654774,99.51953125
08:00:16,912810UA4,TSRYS5802849,D,S,T,2024-05-29,1000000.00,4.689302,98.96875
08:00:18,912810UA4,TSRYS5802849,D,S,D,2024-05-29,1000000.00,4.682423,99.078125
08:00:18,912810UA4,TSRYS5802849,D,S,D,2024-05-29,1000000.00,4.682423,99.078125
08:00:18,912810UA4,TSRYS5802849,D,S,D,2024-05-29,1000000.00,4.682669,99.07421875
08:00:18,912810UA4,TSRYS5802849,D,S,D,2024-05-29,1000000.00,4.686353,99.015625
08:00:19,912810UA4,TSRYS5802849,D,S,D,2024-05-29,1000000.00,4.68537,99.03125
08:00:19,912810UA4,TSRYS5802849,D,B,C,2024-05-29,6000000.00,4.67531,99.19140625
08:00:19,912810UA4,TSRYS5802849,D,S,D,2024-05-29,1000000.00,4.68537,99.03125
08:00:19,912810UA4,TSRYS5802849,D,S,D,2024-05-29,1000000.00,4.68537,99.03125
08:00:19,912810UA4,TSRYS5802849,D,S,D,2024-05-29,1000000.00,4.68537,99.03125
08:00:19,912810UA4,TSRYS5802849,D,S,T,2024-05-29,1000000.00,4.656969,99.484375
08:00:19,912810UA4,TSRYS5802849,D,S,D,2024-05-29,1000000.00,4.682423,99.078125
08:00:19,912810UA4,TSRYS5802849,D,S,D,2024-05-29,1000000.00,4.682423,99.078125
08:00:19,912810UA4,TSRYS5802849,D,S,T,2024-05-29,1000000.00,4.656969,99.484375
08:00:19,912810UA4,TSRYS5802849,D,S,D,2024-05-29,1000000.00,4.68046,99.109375
08:00:19,912810UA4,TSRYS5802849,D,S,D,2024-05-29,1000000.00,4.68046,99.109375
08:00:19,912810UA4,TSRYS5802849,D,S,D,2024-05-29,2000000.00,4.68046,99.109375
08:00:20,912810UA4,TSRYS5802849,D,S,T,2024-05-29,1000000.00,4.656969,99.484375
08:00:20,912810UA4,TSRYS5802849,D,S,T,2024-05-29,1000000.00,4.656969,99.484375
08:00:20,912810UA4,TSRYS5802849,D,S,T,2024-05-29,1000000.00,4.656969,99.484375
08:00:20,912810UA4,TSRYS5802849,D,S,T,2024-05-29,1000000.00,4.656969,99.484375
08:00:21,912810UA4,TSRYS5802849,D,S,T,2024-05-29,1000000.00,4.656969,99.484375
08:00:21,912810UA4,TSRYS5802849,D,S,T,2024-05-29,1000000.00,4.656969,99.484375
08:00:22,912810UA4,TSRYS5802849,D,S,T,2024-05-29,1000000.00,4.656969,99.484375
08:00:22,912810UA4,TSRYS5802849,D,S,T,2024-05-29,1000000.00,4.656969,99.484375
08:00:23,912810UA4,TSRYS5802849,D,S,T,2024-05-29,1000000.00,4.663807,99.375
08:00:23,912810UA4,TSRYS5802849,D,S,T,2024-05-29,1000000.00,4.663807,99.375
08:00:24,912810UA4,TSRYS5802849,D,S,T,2024-05-29,1000000.00,4.663807,99.375
08:00:24,912810UA4,TSRYS5802849,D,S,T,2024-05-29,1000000.00,4.663807,99.375
08:00:24,912810UA4,TSRYS5802849,D,S,T,2024-05-29,1000000.00,4.663807,99.375
08:00:24,912810UA4,TSRYS5802849,D,S,D,2024-05-29,1000000.00,4.688319,98.984375
08:00:24,912810UA4,TSRYS5802849,D,S,D,2024-05-29,1000000.00,4.688319,98.984375
08:00:24,912810UA4,TSRYS5802849,D,S,D,2024-05-29,1000000.00,4.687336,99.0
08:00:24,912810UA4,TSRYS5802849,D,B,C,2024-05-29,1000000.00,4.666986,99.32421875
08:00:24,912810UA4,TSRYS5802849,D,S,D,2024-05-29,1000000.00,4.688319,98.984375
08:00:24,912810UA4,TSRYS5802849,D,S,D,2024-05-29,1000000.00,4.688196,98.986328125
08:00:26,912810UA4,TSRYS5802849,D,S,C,2024-05-29,1000.00,4.668184,99.8050875
08:00:27,912810UA4,TSRYS5802849,D,B,C,2024-05-29,16000000.00,4.657945,99.46875
08:00:29,912810UA4,TSRYS5802849,D,S,D,2024-05-29,1000000.00,4.68046,99.109375
08:00:30,912810UA4,TSRYS5802849,D,S,T,2024-05-29,1000000.00,4.659899,99.4375
08:00:30,912810UA4,TSRYS5802849,D,S,T,2024-05-29,1000000.00,4.658922,99.453125
08:00:30,912810UA4,TSRYS5802849,D,S,T,2024-05-29,1000000.00,4.655993,99.5
08:00:30,912810UA4,TSRYS5802849,D,S,T,2024-05-29,1000000.00,4.655993,99.5
08:00:30,912810UA4,TSRYS5802849,D,S,T,2024-05-29,1000000.00,4.655993,99.5
08:00:30,912810UA4,TSRYS5802849,D,S,T,2024-05-29,1000000.00,4.655993,99.5
08:00:30,912810UA4,TSRYS5802849,D,S,T,2024-05-29,1000000.00,4.655993,99.5
08:00:30,912810UA4,TSRYS5802849,D,S,T,2024-05-29,1000000.00,4.655993,99.5
08:00:30,912810UA4,TSRYS5802849,D,S,T,2024-05-29,1000000.00,4.656969,99.484375
08:00:30,912810UA4,TSRYS5802849,D,S,T,2024-05-29,1000000.00,4.656969,99.484375
08:00:30,912810UA4,TSRYS5802849,D,S,T,2024-05-29,1000000.00,4.656969,99.484375
08:00:30,912810UA4,TSRYS5802849,D,S,T,2024-05-29,1000000.00,4.656969,99.484375
08:00:30,912810UA4,TSRYS5802849,D,S,T,2024-05-29,1000000.00,4.656969,99.484375
08:00:30,912810UA4,TSRYS5802849,D,S,T,2024-05-29,1000000.00,4.657945,99.46875
08:00:30,912810UA4,TSRYS5802849,D,S,T,2024-05-29,1000000.00,4.656481,99.4921875
08:00:30,912810UA4,TSRYS5802849,D,S,T,2024-05-29,1000000.00,4.656359,99.494140625
08:00:30,912810UA4,TSRYS5802849,D,S,T,2024-05-29,1000000.00,4.655017,99.515625
08:00:30,912810UA4,TSRYS5802849,D,S,T,2024-05-29,1000000.00,4.661853,99.40625
08:00:30,912810UA4,TSRYS5802849,D,S,T,2024-05-29,1000000.00,4.661853,99.40625
08:00:30,912810UA4,TSRYS5802849,D,S,T,2024-05-29,1000000.00,4.662586,99.39453125
08:00:30,912810UA4,TSRYS5802849,D,S,T,2024-05-29,1000000.00,4.663807,99.375
08:00:30,912810UA4,TSRYS5802849,D,S,T,2024-05-29,2000000.00,4.663807,99.375
08:00:30,912810UA4,TSRYS5802849,D,S,T,2024-05-29,1000000.00,4.663807,99.375
08:00:30,912810UA4,TSRYS5802849,D,S,T,2024-05-29,1000000.00,4.663807,99.375
08:00:30,912810UA4,TSRYS5802849,D,S,T,2024-05-29,1000000.00,4.66283,99.390625
08:00:30,912810UA4,TSRYS5802849,D,S,T,2024-05-29,1000000.00,4.66283,99.390625
08:00:30,912810UA4,TSRYS5802849,D,S,T,2024-05-29,1000000.00,4.66283,99.390625
08:00:30,912810UA4,TSRYS5802849,D,S,T,2024-05-29,1000000.00,4.663807,99.375
08:00:30,912810UA4,TSRYS5802849,D,S,T,2024-05-29,1000000.00,4.665763,99.34375
08:00:30,912810UA4,TSRYS5802849,D,S,T,2024-05-29,1000000.00,4.665763,99.34375
08:00:30,912810UA4,TSRYS5802849,D,S,T,2024-05-29,1000000.00,4.668699,99.296875
08:00:30,912810UA4,TSRYS5802849,D,S,T,2024-05-29,2000000.00,4.668087,99.306640625
08:00:30,912810UA4,TSRYS5802849,D,S,T,2024-05-29,1000000.00,4.669188,99.2890625
08:00:30,912810UA4,TSRYS5802849,D,S,T,2024-05-29,1000000.00,4.669188,99.2890625
08:00:30,912810UA4,TSRYS5802849,D,S,T,2024-05-29,1000000.00,4.66772,99.3125
08:00:30,912810UA4,TSRYS5802849,D,S,T,2024-05-29,1000000.00,4.669066,99.291015625
08:00:30,912810UA4,TSRYS5802849,D,S,T,2024-05-29,1000000.00,4.668943,99.29296875
08:00:30,912810UA4,TSRYS5802849,D,S,T,2024-05-29,1000000.00,4.670657,99.265625
08:00:30,912810UA4,TSRYS5802849,D,S,T,2024-05-29,1000000.00,4.670657,99.265625
08:00:30,912810UA4,TSRYS5802849,D,S,T,2024-05-29,1000000.00,4.668699,99.296875
08:00:30,912810UA4,TSRYS5802849,D,S,T,2024-05-29,1000000.00,4.666741,99.328125
08:00:30,912810UA4,TSRYS5802849,D,S,T,2024-05-29,1000000.00,4.666741,99.328125
08:00:33,912810UA4,TSRYS5802849,D,S,T,2024-05-29,1000000.00,4.678497,99.140625
08:00:33,912810UA4,TSRYS5802849,D,S,T,2024-05-29,1000000.00,4.678497,99.140625
08:00:33,912810UA4,TSRYS5802849,D,S,T,2024-05-29,1000000.00,4.674575,99.203125
08:00:33,912810UA4,TSRYS5802849,D,S,T,2024-05-29,1000000.00,4.672615,99.234375
08:00:33,912810UA4,TSRYS5802849,D,S,T,2024-05-29,1000000.00,4.672615,99.234375
08:00:33,912810UA4,TSRYS5802849,D,S,T,2024-05-29,1000000.00,4.672615,99.234375
08:00:33,912810UA4,TSRYS5802849,D,S,T,2024-05-29,1000000.00,4.672615,99.234375
08:00:33,912810UA4,TSRYS5802849,D,S,T,2024-05-29,1000000.00,4.672615,99.234375
08:00:33,912810UA4,TSRYS5802849,D,S,T,2024-05-29,1000000.00,4.672615,99.234375
08:00:33,912810UA4,TSRYS5802849,D,S,T,2024-05-29,1000000.00,4.674698,99.201171875
08:00:33,912810UA4,TSRYS5802849,D,S,T,2024-05-29,1000000.00,4.672615,99.234375
08:00:33,912810UA4,TSRYS5802849,D,S,T,2024-05-29,1000000.00,4.675555,99.1875
08:00:33,912810UA4,TSRYS5802849,D,S,T,2024-05-29,1000000.00,4.675555,99.1875
08:00:33,912810UA4,TSRYS5802849,D,S,T,2024-05-29,1000000.00,4.675555,99.1875
08:00:33,912810UA4,TSRYS5802849,D,S,T,2024-05-29,1000000.00,4.677517,99.15625
08:00:33,912810UA4,TSRYS5802849,D,S,T,2024-05-29,1000000.00,4.677517,99.15625
08:00:33,912810UA4,TSRYS5802849,D,S,T,2024-05-29,1000000.00,4.678497,99.140625
08:00:33,912810UA4,TSRYS5802849,D,S,T,2024-05-29,1000000.00,4.675555,99.1875
08:00:33,912810UA4,TSRYS5802849,D,S,T,2024-05-29,1000000.00,4.676291,99.17578125
08:00:33,912810UA4,TSRYS5802849,D,S,T,2024-05-29,1000000.00,4.676291,99.17578125
08:00:33,912810UA4,TSRYS5802849,D,S,T,2024-05-29,1000000.00,4.676291,99.17578125
08:00:33,912810UA4,TSRYS5802849,D,S,T,2024-05-29,1000000.00,4.676291,99.17578125
08:00:33,912810UA4,TSRYS5802849,D,S,T,2024-05-29,1000000.00,4.681442,99.09375
08:00:33,912810UA4,TSRYS5802849,D,S,T,2024-05-29,1000000.00,4.681442,99.09375
08:00:33,912810UA4,TSRYS5802849,D,S,T,2024-05-29,1000000.00,4.682423,99.078125
08:00:33,912810UA4,TSRYS5802849,D,S,T,2024-05-29,1000000.00,4.682423,99.078125
08:00:33,912810UA4,TSRYS5802849,D,S,T,2024-05-29,1000000.00,4.682423,99.078125
08:00:33,912810UA4,TSRYS5802849,D,S,T,2024-05-29,1000000.00,4.682423,99.078125
08:00:33,912810UA4,TSRYS5802849,D,S,T,2024-05-29,1000000.00,4.684388,99.046875
08:00:33,912810UA4,TSRYS5802849,D,S,T,2024-05-29,1000000.00,4.676536,99.171875
08:00:33,912810UA4,TSRYS5802849,D,S,T,2024-05-29,1000000.00,4.678497,99.140625
08:00:33,912810UA4,TSRYS5802849,D,S,T,2024-05-29,1000000.00,4.679479,99.125
08:00:33,912810UA4,TSRYS5802849,D,S,T,2024-05-29,1000000.00,4.681442,99.09375
08:00:33,912810UA4,TSRYS5802849,D,S,T,2024-05-29,1000000.00,4.680828,99.103515625
08:00:33,912810UA4,TSRYS5802849,D,S,T,2024-05-29,1000000.00,4.680828,99.103515625
08:00:33,912810UA4,TSRYS5802849,D,S,T,2024-05-29,1000000.00,4.676046,99.1796875
08:00:33,912810UA4,TSRYS5802849,D,S,T,2024-05-29,1000000.00,4.675801,99.18359375
08:00:33,912810UA4,TSRYS5802849,D,S,T,2024-05-29,1000000.00,4.675923,99.181640625
08:00:33,912810UA4,TSRYS5802849,D,S,T,2024-05-29,1000000.00,4.681442,99.09375
08:00:33,912810UA4,TSRYS5802849,D,S,T,2024-05-29,1000000.00,4.683405,99.0625
08:00:33,912810UA4,TSRYS5802849,D,S,D,2024-05-29,1000000.00,4.678007,99.1484375
08:00:33,912810UA4,TSRYS5802849,D,S,T,2024-05-29,1000000.00,4.683405,99.0625
08:00:33,912810UA4,TSRYS5802849,D,S,T,2024-05-29,1000000.00,4.678497,99.140625
08:00:33,912810UA4,TSRYS5802849,D,S,T,2024-05-29,1000000.00,4.681196,99.09765625
08:00:33,912810UA4,TSRYS5802849,D,S,T,2024-05-29,1000000.00,4.680705,99.10546875
08:00:33,912810UA4,TSRYS5802849,D,S,T,2024-05-29,1000000.00,4.679356,99.126953125
08:00:33,912810UA4,TSRYS5802849,D,S,T,2024-05-29,1000000.00,4.687336,99.0
08:00:33,912810UA4,TSRYS5802849,D,S,T,2024-05-29,1000000.00,4.686353,99.015625
08:00:33,912810UA4,TSRYS5802849,D,S,T,2024-05-29,1000000.00,4.689302,98.96875
08:00:33,912810UA4,TSRYS5802849,D,S,T,2024-05-29,1000000.00,4.690286,98.953125
08:00:33,912810UA4,TSRYS5802849,D,S,T,2024-05-29,1000000.00,4.689917,98.958984375
08:00:33,912810UA4,TSRYS5802849,D,S,T,2024-05-29,1000000.00,4.689794,98.9609375
08:00:33,912810UA4,TSRYS5802849,D,S,T,2024-05-29,1000000.00,4.689671,98.962890625
08:00:33,912810UA4,TSRYS5802849,D,S,T,2024-05-29,1000000.00,4.687336,99.0
08:00:33,912810UA4,TSRYS5802849,D,S,T,2024-05-29,2000000.00,4.687336,99.0
08:00:33,912810UA4,TSRYS5802849,D,S,T,2024-05-29,2000000.00,4.687336,99.0
08:00:33,912810UA4,TSRYS5802849,D,S,T,2024-05-29,1000000.00,4.687336,99.0
08:00:33,912810UA4,TSRYS5802849,D,S,T,2024-05-29,1000000.00,4.686353,99.015625
08:00:33,912810UA4,TSRYS5802849,D,S,T,2024-05-29,1000000.00,4.686353,99.015625
08:00:33,912810UA4,TSRYS5802849,D,S,T,2024-05-29,1000000.00,4.689302,98.96875
08:00:33,912810UA4,TSRYS5802849,D,S,T,2024-05-29,1000000.00,4.688319,98.984375
08:00:33,912810UA4,TSRYS5802849,D,S,T,2024-05-29,1000000.00,4.69127,98.9375
08:00:33,912810UA4,TSRYS5802849,D,S,T,2024-05-29,1000000.00,4.69127,98.9375
08:00:33,912810UA4,TSRYS5802849,D,S,T,2024-05-29,1000000.00,4.69127,98.9375
08:00:34,912810UA4,TSRYS5802849,D,S,T,2024-05-29,1000000.00,4.677884,99.150390625
08:00:34,912810UA4,TSRYS5802849,D,S,T,2024-05-29,1000000.00,4.677762,99.15234375
08:00:34,912810UA4,TSRYS5802849,D,S,T,2024-05-29,1000000.00,4.677639,99.154296875
08:00:34,912810UA4,TSRYS5802849,D,S,T,2024-05-29,1000000.00,4.675555,99.1875
08:00:34,912810UA4,TSRYS5802849,D,S,T,2024-05-29,1000000.00,4.676536,99.171875
08:00:34,912810UA4,TSRYS5802849,D,S,T,2024-05-29,1000000.00,4.676536,99.171875
08:00:34,912810UA4,TSRYS5802849,D,S,T,2024-05-29,1000000.00,4.676536,99.171875
08:00:34,912810UA4,TSRYS5802849,D,S,T,2024-05-29,1000000.00,4.676658,99.169921875
08:00:34,912810UA4,TSRYS5802849,D,S,T,2024-05-29,1000000.00,4.676658,99.169921875
08:00:34,912810UA4,TSRYS5802849,D,S,T,2024-05-29,1000000.00,4.676658,99.169921875
08:00:34,912810UA4,TSRYS5802849,D,S,T,2024-05-29,1000000.00,4.676658,99.169921875
08:00:34,912810UA4,TSRYS5802849,D,S,T,2024-05-29,1000000.00,4.676658,99.169921875
08:00:34,912810UA4,TSRYS5802849,D,S,T,2024-05-29,1000000.00,4.677517,99.15625
08:00:34,912810UA4,TSRYS5802849,D,S,T,2024-05-29,1000000.00,4.677517,99.15625
08:00:34,912810UA4,TSRYS5802849,D,S,T,2024-05-29,1000000.00,4.679479,99.125
08:00:34,912810UA4,TSRYS5802849,D,S,T,2024-05-29,1000000.00,4.679479,99.125
08:00:34,912810UA4,TSRYS5802849,D,S,T,2024-05-29,1000000.00,4.679479,99.125
08:00:34,912810UA4,TSRYS5802849,D,S,T,2024-05-29,1000000.00,4.679479,99.125
08:00:34,912810UA4,TSRYS5802849,D,S,T,2024-05-29,1000000.00,4.678497,99.140625
08:00:34,912810UA4,TSRYS5802849,D,S,T,2024-05-29,1000000.00,4.681442,99.09375
08:00:34,912810UA4,TSRYS5802849,D,S,T,2024-05-29,1000000.00,4.681442,99.09375
08:00:34,912810UA4,TSRYS5802849,D,S,T,2024-05-29,1000000.00,4.684388,99.046875
08:00:34,912810UA4,TSRYS5802849,D,S,T,2024-05-29,1000000.00,4.684388,99.046875
08:00:34,912810UA4,TSRYS5802849,D,S,T,2024-05-29,1000000.00,4.68537,99.03125
08:00:34,912810UA4,TSRYS5802849,D,S,T,2024-05-29,1000000.00,4.68537,99.03125
08:00:34,912810UA4,TSRYS5802849,D,S,T,2024-05-29,1000000.00,4.68537,99.03125
08:00:34,912810UA4,TSRYS5802849,D,S,T,2024-05-29,1000000.00,4.682423,99.078125
08:00:34,912810UA4,TSRYS5802849,D,S,T,2024-05-29,1000000.00,4.684388,99.046875
08:00:34,912810UA4,TSRYS5802849,D,S,T,2024-05-29,1000000.00,4.683405,99.0625
08:00:34,912810UA4,TSRYS5802849,D,S,T,2024-05-29,1000000.00,4.683405,99.0625
08:00:34,912810UA4,TSRYS5802849,D,S,T,2024-05-29,1000000.00,4.683405,99.0625
08:00:34,912810UA4,TSRYS5802849,D,S,T,2024-05-29,1000000.00,4.683405,99.0625
08:00:34,912810UA4,TSRYS5802849,D,S,T,2024-05-29,1000000.00,4.682423,99.078125
08:00:34,912810UA4,TSRYS5802849,D,S,T,2024-05-29,1000000.00,4.683405,99.0625
08:00:34,912810UA4,TSRYS5802849,D,S,T,2024-05-29,1000000.00,4.683405,99.0625
08:00:34,912810UA4,TSRYS5802849,D,S,T,2024-05-29,1000000.00,4.683405,99.0625
08:00:34,912810UA4,TSRYS5802849,D,S,T,2024-05-29,1000000.00,4.683405,99.0625
08:00:34,912810UA4,TSRYS5802849,D,S,T,2024-05-29,1000000.00,4.684388,99.046875
08:00:34,912810UA4,TSRYS5802849,D,S,T,2024-05-29,1000000.00,4.684388,99.046875
08:00:34,912810UA4,TSRYS5802849,D,S,T,2024-05-29,1000000.00,4.684388,99.046875
08:00:34,912810UA4,TSRYS5802849,D,S,T,2024-05-29,1000000.00,4.68046,99.109375
08:00:34,912810UA4,TSRYS5802849,D,S,T,2024-05-29,1000000.00,4.68046,99.109375
08:00:34,912810UA4,TSRYS5802849,D,S,T,2024-05-29,1000000.00,4.68046,99.109375
08:00:34,912810UA4,TSRYS5802849,D,S,T,2024-05-29,1000000.00,4.68046,99.109375
08:00:34,912810UA4,TSRYS5802849,D,S,T,2024-05-29,1000000.00,4.68046,99.109375
08:00:34,912810UA4,TSRYS5802849,D,S,T,2024-05-29,1000000.00,4.68046,99.109375
08:00:34,912810UA4,TSRYS5802849,D,S,T,2024-05-29,1000000.00,4.68046,99.109375
08:00:34,912810UA4,TSRYS5802849,D,S,T,2024-05-29,1000000.00,4.68046,99.109375
08:00:34,912810UA4,TSRYS5802849,D,S,T,2024-05-29,1000000.00,4.68046,99.109375
08:00:34,912810UA4,TSRYS5802849,D,S,T,2024-05-29,1000000.00,4.679479,99.125
08:00:34,912810UA4,TSRYS5802849,D,S,T,2024-05-29,1000000.00,4.68046,99.109375
08:00:34,912810UA4,TSRYS5802849,D,S,T,2024-05-29,1000000.00,4.68046,99.109375
08:00:34,912810UA4,TSRYS5802849,D,S,T,2024-05-29,1000000.00,4.683405,99.0625
08:00:34,912810UA4,TSRYS5802849,D,S,T,2024-05-29,1000000.00,4.68046,99.109375
08:00:34,912810UA4,TSRYS5802849,D,S,T,2024-05-29,1000000.00,4.68046,99.109375
08:00:34,912810UA4,TSRYS5802849,D,S,T,2024-05-29,1000000.00,4.68046,99.109375
08:00:34,912810UA4,TSRYS5802849,D,S,T,2024-05-29,1000000.00,4.681442,99.09375
08:00:34,912810UA4,TSRYS5802849,D,S,T,2024-05-29,1000000.00,4.683405,99.0625
08:00:34,912810UA4,TSRYS5802849,D,S,T,2024-05-29,1000000.00,4.679479,99.125
08:00:34,912810UA4,TSRYS5802849,D,S,T,2024-05-29,1000000.00,4.679479,99.125
08:00:34,912810UA4,TSRYS5802849,D,S,T,2024-05-29,1000000.00,4.679479,99.125
08:00:34,912810UA4,TSRYS5802849,D,S,T,2024-05-29,1000000.00,4.679479,99.125
08:00:34,912810UA4,TSRYS5802849,D,S,T,2024-05-29,1000000.00,4.679479,99.125
08:00:34,912810UA4,TSRYS5802849,D,S,T,2024-05-29,1000000.00,4.679479,99.125
08:00:34,912810UA4,TSRYS5802849,D,S,T,2024-05-29,1000000.00,4.678865,99.134765625
08:00:34,912810UA4,TSRYS5802849,D,S,T,2024-05-29,1000000.00,4.678743,99.13671875
08:00:34,912810UA4,TSRYS5802849,D,S,T,2024-05-29,1000000.00,4.67862,99.138671875
08:00:34,912810UA4,TSRYS5802849,D,S,T,2024-05-29,1000000.00,4.678497,99.140625
08:00:34,912810UA4,TSRYS5802849,D,S,T,2024-05-29,1000000.00,4.68046,99.109375
08:00:34,912810UA4,TSRYS5802849,D,S,T,2024-05-29,1000000.00,4.679479,99.125
08:00:34,912810UA4,TSRYS5802849,D,S,T,2024-05-29,1000000.00,4.679479,99.125
08:00:34,912810UA4,TSRYS5802849,D,S,T,2024-05-29,1000000.00,4.679601,99.123046875
08:00:34,912810UA4,TSRYS5802849,D,S,T,2024-05-29,1000000.00,4.679479,99.125
08:00:34,912810UA4,TSRYS5802849,D,S,T,2024-05-29,1000000.00,4.681319,99.095703125
08:00:34,912810UA4,TSRYS5802849,D,S,T,2024-05-29,1000000.00,4.681319,99.095703125
08:00:34,912810UA4,TSRYS5802849,D,S,T,2024-05-29,1000000.00,4.681442,99.09375
08:00:34,912810UA4,TSRYS5802849,D,S,T,2024-05-29,1000000.00,4.68537,99.03125
08:00:34,912810UA4,TSRYS5802849,D,S,T,2024-05-29,1000000.00,4.68537,99.03125
08:00:34,912810UA4,TSRYS5802849,D,S,T,2024-05-29,1000000.00,4.687336,99.0
08:00:34,912810UA4,TSRYS5802849,D,S,T,2024-05-29,1000000.00,4.688319,98.984375
08:00:34,912810UA4,TSRYS5802849,D,S,T,2024-05-29,1000000.00,4.687336,99.0
08:00:34,912810UA4,TSRYS5802849,D,S,T,2024-05-29,1000000.00,4.687336,99.0
08:00:34,912810UA4,TSRYS5802849,D,S,T,2024-05-29,1000000.00,4.684388,99.046875
08:00:34,912810UA4,TSRYS5802849,D,S,T,2024-05-29,1000000.00,4.684388,99.046875
08:00:34,912810UA4,TSRYS5802849,D,S,T,2024-05-29,1000000.00,4.687336,99.0
08:00:34,912810UA4,TSRYS5802849,D,S,T,2024-05-29,1000000.00,4.684633,99.04296875
08:00:34,912810UA4,TSRYS5802849,D,S,T,2024-05-29,1000000.00,4.68451,99.044921875
08:00:34,912810UA4,TSRYS5802849,D,S,T,2024-05-29,1000000.00,4.684388,99.046875
08:00:34,912810UA4,TSRYS5802849,D,S,T,2024-05-29,1000000.00,4.684388,99.046875
08:00:34,912810UA4,TSRYS5802849,D,S,T,2024-05-29,1000000.00,4.684388,99.046875
08:00:34,912810UA4,TSRYS5802849,D,S,T,2024-05-29,1000000.00,4.684388,99.046875
08:00:34,912810UA4,TSRYS5802849,D,S,T,2024-05-29,1000000.00,4.68537,99.03125
08:00:34,912810UA4,TSRYS5802849,D,S,T,2024-05-29,1000000.00,4.68537,99.03125
08:00:34,912810UA4,TSRYS5802849,D,S,T,2024-05-29,1000000.00,4.682423,99.078125
08:00:34,912810UA4,TSRYS5802849,D,S,T,2024-05-29,1000000.00,4.67862,99.138671875
08:00:34,912810UA4,TSRYS5802849,D,S,T,2024-05-29,1000000.00,4.678497,99.140625
08:00:34,912810UA4,TSRYS5802849,D,S,T,2024-05-29,1000000.00,4.67813,99.146484375
08:00:34,912810UA4,TSRYS5802849,D,S,T,2024-05-29,1000000.00,4.67813,99.146484375
08:00:34,912810UA4,TSRYS5802849,D,S,T,2024-05-29,1000000.00,4.67813,99.146484375
08:00:34,912810UA4,TSRYS5802849,D,S,T,2024-05-29,1000000.00,4.67813,99.146484375
08:00:34,912810UA4,TSRYS5802849,D,S,T,2024-05-29,1000000.00,4.67813,99.146484375
08:00:34,912810UA4,TSRYS5802849,D,S,T,2024-05-29,1000000.00,4.68046,99.109375
08:00:34,912810UA4,TSRYS5802849,D,S,T,2024-05-29,1000000.00,4.683896,99.0546875
08:00:34,912810UA4,TSRYS5802849,D,S,T,2024-05-29,1000000.00,4.685861,99.0234375
08:00:34,912810UA4,TSRYS5802849,D,S,T,2024-05-29,1000000.00,4.685861,99.0234375
08:00:34,912810UA4,TSRYS5802849,D,S,T,2024-05-29,1000000.00,4.684879,99.0390625
08:00:34,912810UA4,TSRYS5802849,D,S,T,2024-05-29,1000000.00,4.684633,99.04296875
08:00:34,912810UA4,TSRYS5802849,D,S,T,2024-05-29,1000000.00,4.688319,98.984375
08:00:34,912810UA4,TSRYS5802849,D,S,T,2024-05-29,1000000.00,4.688319,98.984375
08:00:34,912810UA4,TSRYS5802849,D,S,T,2024-05-29,1000000.00,4.689302,98.96875
08:00:34,912810UA4,TSRYS5802849,D,S,T,2024-05-29,1000000.00,4.689302,98.96875
08:00:34,912810UA4,TSRYS5802849,D,S,T,2024-05-29,1000000.00,4.687336,99.0
08:00:34,912810UA4,TSRYS5802849,D,S,T,2024-05-29,1000000.00,4.687336,99.0
08:00:34,912810UA4,TSRYS5802849,D,S,T,2024-05-29,1000000.00,4.684879,99.0390625
08:00:34,912810UA4,TSRYS5802849,D,S,T,2024-05-29,1000000.00,4.686353,99.015625
08:00:34,912810UA4,TSRYS5802849,D,S,T,2024-05-29,1000000.00,4.684633,99.04296875
08:00:34,912810UA4,TSRYS5802849,D,S,T,2024-05-29,1000000.00,4.684633,99.04296875
08:00:34,912810UA4,TSRYS5802849,D,S,T,2024-05-29,1000000.00,4.684019,99.052734375
08:00:34,912810UA4,TSRYS5802849,D,S,T,2024-05-29,1000000.00,4.683896,99.0546875
08:00:34,912810UA4,TSRYS5802849,D,S,T,2024-05-29,1000000.00,4.683651,99.05859375
08:00:34,912810UA4,TSRYS5802849,D,S,T,2024-05-29,1000000.00,4.684633,99.04296875
08:00:34,912810UA4,TSRYS5802849,D,S,T,2024-05-29,1000000.00,4.684388,99.046875
08:00:34,912810UA4,TSRYS5802849,D,S,T,2024-05-29,1000000.00,4.682669,99.07421875
08:00:34,912810UA4,TSRYS5802849,D,S,T,2024-05-29,1000000.00,4.682423,99.078125
08:00:34,912810UA4,TSRYS5802849,D,S,T,2024-05-29,1000000.00,4.683405,99.0625
08:00:34,912810UA4,TSRYS5802849,D,S,T,2024-05-29,1000000.00,4.684388,99.046875
08:00:34,912810UA4,TSRYS5802849,D,S,T,2024-05-29,1000000.00,4.681442,99.09375
08:00:34,912810UA4,TSRYS5802849,D,S,T,2024-05-29,1000000.00,4.681442,99.09375
08:00:34,912810UA4,TSRYS5802849,D,S,T,2024-05-29,1000000.00,4.679847,99.119140625
08:00:34,912810UA4,TSRYS5802849,D,S,T,2024-05-29,1000000.00,4.679479,99.125
08:00:34,912810UA4,TSRYS5802849,D,S,T,2024-05-29,1000000.00,4.68046,99.109375
08:00:34,912810UA4,TSRYS5802849,D,S,T,2024-05-29,1000000.00,4.68046,99.109375
08:00:34,912810UA4,TSRYS5802849,D,S,T,2024-05-29,1000000.00,4.68046,99.109375
08:00:34,912810UA4,TSRYS5802849,D,S,T,2024-05-29,1000000.00,4.68046,99.109375
08:00:34,912810UA4,TSRYS5802849,D,S,T,2024-05-29,1000000.00,4.682423,99.078125
08:00:34,912810UA4,TSRYS5802849,D,S,T,2024-05-29,1000000.00,4.683405,99.0625
08:00:34,912810UA4,TSRYS5802849,D,S,T,2024-05-29,1000000.00,4.687336,99.0
08:00:34,912810UA4,TSRYS5802849,D,S,T,2024-05-29,1000000.00,4.68537,99.03125
08:00:34,912810UA4,TSRYS5802849,D,S,T,2024-05-29,1000000.00,4.689302,98.96875
08:00:34,912810UA4,TSRYS5802849,D,S,T,2024-05-29,1000000.00,4.690286,98.953125
08:00:34,912810UA4,TSRYS5802849,D,S,T,2024-05-29,1000000.00,4.689056,98.97265625
08:00:34,912810UA4,TSRYS5802849,D,S,T,2024-05-29,1000000.00,4.688933,98.974609375
08:00:34,912810UA4,TSRYS5802849,D,S,T,2024-05-29,1000000.00,4.69127,98.9375
08:00:34,912810UA4,TSRYS5802849,D,S,T,2024-05-29,1000000.00,4.69127,98.9375
08:00:34,912810UA4,TSRYS5802849,D,S,T,2024-05-29,1000000.00,4.691024,98.94140625
08:00:34,912810UA4,TSRYS5802849,D,S,T,2024-05-29,1000000.00,4.69127,98.9375
08:00:34,912810UA4,TSRYS5802849,D,S,T,2024-05-29,1000000.00,4.69127,98.9375
08:00:34,912810UA4,TSRYS5802849,D,S,T,2024-05-29,1000000.00,4.686353,99.015625
08:00:34,912810UA4,TSRYS5802849,D,S,T,2024-05-29,1000000.00,4.687336,99.0
08:00:34,912810UA4,TSRYS5802849,D,S,T,2024-05-29,1000000.00,4.687336,99.0
08:00:34,912810UA4,TSRYS5802849,D,S,T,2024-05-29,1000000.00,4.687336,99.0
08:00:34,912810UA4,TSRYS5802849,D,S,T,2024-05-29,1000000.00,4.687704,98.994140625
08:00:34,912810UA4,TSRYS5802849,D,S,D,2024-05-29,1000000.00,4.654774,99.51953125
08:00:34,912810UA4,TSRYS5802849,D,S,D,2024-05-29,1000000.00,4.678007,99.1484375
08:00:34,912810UA4,TSRYS5802849,D,S,D,2024-05-29,1000000.00,4.675065,99.1953125
08:00:34,912810UA4,TSRYS5802849,D,S,D,2024-05-29,1000000.00,4.67482,99.19921875
08:00:34,912810UA4,TSRYS5802849,D,S,D,2024-05-29,1000000.00,4.680705,99.10546875
08:00:34,912810UA4,TSRYS5802849,D,S,D,2024-05-29,1000000.00,4.680705,99.10546875
08:00:34,912810UA4,TSRYS5802849,D,S,D,2024-05-29,1000000.00,4.68046,99.109375
08:00:34,912810UA4,TSRYS5802849,D,S,D,2024-05-29,1000000.00,4.680705,99.10546875
08:00:34,912810UA4,TSRYS5802849,D,S,D,2024-05-29,1000000.00,4.68046,99.109375
08:00:34,912810UA4,TSRYS5802849,D,S,D,2024-05-29,1000000.00,4.680951,99.1015625
08:00:34,912810UA4,TSRYS5802849,D,S,D,2024-05-29,1000000.00,4.68046,99.109375
08:00:34,912810UA4,TSRYS5802849,D,S,D,2024-05-29,1000000.00,4.680215,99.11328125
08:00:34,912810UA4,TSRYS5802849,D,S,D,2024-05-29,1000000.00,4.678988,99.1328125
08:00:34,912810UA4,TSRYS5802849,D,S,D,2024-05-29,1000000.00,4.677762,99.15234375
08:00:34,912810UA4,TSRYS5802849,D,S,D,2024-05-29,1000000.00,4.68537,99.03125
08:00:34,912810UA4,TSRYS5802849,D,S,D,2024-05-29,1000000.00,4.682423,99.078125
08:00:34,912810UA4,TSRYS5802849,D,S,D,2024-05-29,1000000.00,4.686107,99.01953125
08:00:34,912810UA4,TSRYS5802849,D,S,D,2024-05-29,1000000.00,4.684142,99.05078125
08:00:34,912810UA4,TSRYS5802849,D,S,D,2024-05-29,1000000.00,4.678743,99.13671875
08:00:34,912810UA4,TSRYS5802849,D,S,D,2024-05-29,1000000.00,4.678252,99.14453125
08:00:34,912810UA4,TSRYS5802849,D,S,D,2024-05-29,1000000.00,4.684388,99.046875
08:00:34,912810UA4,TSRYS5802849,D,S,D,2024-05-29,1000000.00,4.683896,99.0546875
08:00:34,912810UA4,TSRYS5802849,D,S,D,2024-05-29,1000000.00,4.683896,99.0546875
08:00:34,912810UA4,TSRYS5802849,D,S,D,2024-05-29,1000000.00,4.685616,99.02734375
08:00:34,912810UA4,TSRYS5802849,D,S,D,2024-05-29,1000000.00,4.685124,99.03515625
08:00:34,912810UA4,TSRYS5802849,D,S,D,2024-05-29,1000000.00,4.686353,99.015625
08:00:34,912810UA4,TSRYS5802849,D,S,D,2024-05-29,1000000.00,4.682914,99.0703125
08:00:34,912810UA4,TSRYS5802849,D,S,D,2024-05-29,1000000.00,4.687827,98.9921875
08:00:34,912810UA4,TSRYS5802849,D,S,D,2024-05-29,1000000.00,4.668209,99.3046875
08:00:34,912810UA4,TSRYS5802849,D,S,D,2024-05-29,1000000.00,4.671636,99.25
08:00:34,912810UA4,TSRYS5802849,D,S,D,2024-05-29,2000000.00,4.675065,99.1953125
08:00:34,912810UA4,TSRYS5802849,D,S,D,2024-05-29,1000000.00,4.674085,99.2109375
08:00:34,912810UA4,TSRYS5802849,D,S,D,2024-05-29,1000000.00,4.674085,99.2109375
08:00:34,912810UA4,TSRYS5802849,D,S,D,2024-05-29,1000000.00,4.674085,99.2109375
08:00:34,912810UA4,TSRYS5802849,D,S,D,2024-05-29,1000000.00,4.674085,99.2109375
08:00:34,912810UA4,TSRYS5802849,D,S,D,2024-05-29,1000000.00,4.681442,99.09375
08:00:34,912810UA4,TSRYS5802849,D,S,D,2024-05-29,1000000.00,4.681442,99.09375
08:00:34,912810UA4,TSRYS5802849,D,S,D,2024-05-29,1000000.00,4.680828,99.103515625
08:00:34,912810UA4,TSRYS5802849,D,S,D,2024-05-29,1000000.00,4.680215,99.11328125
08:00:34,912810UA4,TSRYS5802849,D,S,D,2024-05-29,1000000.00,4.680583,99.107421875
08:00:34,912810UA4,TSRYS5802849,D,S,D,2024-05-29,1000000.00,4.680951,99.1015625
08:00:34,912810UA4,TSRYS5802849,D,S,D,2024-05-29,2000000.00,4.680215,99.11328125
08:00:34,912810UA4,TSRYS5802849,D,S,D,2024-05-29,1000000.00,4.680215,99.11328125
08:00:34,912810UA4,TSRYS5802849,D,S,D,2024-05-29,1000000.00,4.683651,99.05859375
08:00:34,912810UA4,TSRYS5802849,D,S,D,2024-05-29,1000000.00,4.683405,99.0625
08:00:34,912810UA4,TSRYS5802849,D,S,D,2024-05-29,1000000.00,4.685002,99.037109375
08:00:34,912810UA4,TSRYS5802849,D,S,D,2024-05-29,1000000.00,4.689548,98.96484375
08:00:34,912810UA4,TSRYS5802849,D,S,D,2024-05-29,1000000.00,4.690655,98.947265625
08:00:34,912810UA4,TSRYS5802849,D,S,D,2024-05-29,1000000.00,4.690655,98.947265625
08:00:34,912810UA4,TSRYS5802849,D,S,D,2024-05-29,1000000.00,4.68709,99.00390625
08:00:34,912810UA4,TSRYS5802849,D,S,D,2024-05-29,1000000.00,4.685861,99.0234375
08:00:34,912810UA4,TSRYS5802849,D,S,D,2024-05-29,1000000.00,4.685616,99.02734375
08:00:34,912810UA4,TSRYS5802849,D,S,D,2024-05-29,1000000.00,4.68537,99.03125
08:00:34,912810UA4,TSRYS5802849,D,S,D,2024-05-29,1000000.00,4.68537,99.03125
08:00:34,912810UA4,TSRYS5802849,D,S,D,2024-05-29,1000000.00,4.677639,99.154296875
08:00:34,912810UA4,TSRYS5802849,D,S,D,2024-05-29,1000000.00,4.677639,99.154296875
08:00:34,912810UA4,TSRYS5802849,D,S,D,2024-05-29,1000000.00,4.677639,99.154296875
08:00:34,912810UA4,TSRYS5802849,D,S,D,2024-05-29,1000000.00,4.68623,99.017578125
08:00:34,912810UA4,TSRYS5802849,D,S,D,2024-05-29,1000000.00,4.68537,99.03125
08:00:34,912810UA4,TSRYS5802849,D,S,D,2024-05-29,1000000.00,4.685247,99.033203125
08:00:34,912810UA4,TSRYS5802849,D,S,D,2024-05-29,1000000.00,4.685124,99.03515625
08:00:34,912810UA4,TSRYS5802849,D,S,D,2024-05-29,1000000.00,4.685739,99.025390625
08:00:34,912810UA4,TSRYS5802849,D,S,D,2024-05-29,1000000.00,4.685861,99.0234375
08:00:34,912810UA4,TSRYS5802849,D,S,D,2024-05-29,1000000.00,4.685739,99.025390625
08:00:34,912810UA4,TSRYS5802849,D,S,D,2024-05-29,1000000.00,4.685124,99.03515625
08:00:34,912810UA4,TSRYS5802849,D,S,D,2024-05-29,1000000.00,4.685247,99.033203125
08:00:34,912810UA4,TSRYS5802849,D,S,D,2024-05-29,1000000.00,4.685247,99.033203125
08:00:34,912810UA4,TSRYS5802849,D,S,D,2024-05-29,1000000.00,4.685247,99.033203125
08:00:34,912810UA4,TSRYS5802849,D,S,D,2024-05-29,1000000.00,4.685739,99.025390625
08:00:34,912810UA4,TSRYS5802849,D,S,D,2024-05-29,1000000.00,4.681442,99.09375
08:00:34,912810UA4,TSRYS5802849,D,S,D,2024-05-29,1000000.00,4.682546,99.076171875
08:00:34,912810UA4,TSRYS5802849,D,S,D,2024-05-29,1000000.00,4.684265,99.048828125
08:00:34,912810UA4,TSRYS5802849,D,S,D,2024-05-29,1000000.00,4.688073,98.98828125
08:00:34,912810UA4,TSRYS5802849,D,S,D,2024-05-29,1000000.00,4.691024,98.94140625
08:00:34,912810UA4,TSRYS5802849,D,S,D,2024-05-29,1000000.00,4.691024,98.94140625
08:00:34,912810UA4,TSRYS5802849,D,S,D,2024-05-29,1000000.00,4.688073,98.98828125
08:00:34,912810UA4,TSRYS5802849,D,S,D,2024-05-29,1000000.00,4.688196,98.986328125
08:00:34,912810UA4,TSRYS5802849,D,S,D,2024-05-29,1000000.00,4.688196,98.986328125
08:00:34,912810UA4,TSRYS5802849,D,S,D,2024-05-29,1000000.00,4.688196,98.986328125
08:00:34,912810UA4,TSRYS5802849,D,S,D,2024-05-29,1000000.00,4.689548,98.96484375
08:00:34,912810UA4,TSRYS5802849,D,S,D,2024-05-29,1000000.00,4.689548,98.96484375
08:00:34,912810UA4,TSRYS5802849,D,S,T,2024-05-29,1000000.00,4.656359,99.494140625
08:00:34,912810UA4,TSRYS5802849,D,S,T,2024-05-29,1000000.00,4.656359,99.494140625
08:00:34,912810UA4,TSRYS5802849,D,S,T,2024-05-29,1000000.00,4.656359,99.494140625
08:00:34,912810UA4,TSRYS5802849,D,S,T,2024-05-29,1000000.00,4.654774,99.51953125
08:00:34,912810UA4,TSRYS5802849,D,S,T,2024-05-29,1000000.00,4.668576,99.298828125
08:00:34,912810UA4,TSRYS5802849,D,S,T,2024-05-29,1000000.00,4.670779,99.263671875
08:00:34,912810UA4,TSRYS5802849,D,S,T,2024-05-29,1000000.00,4.670779,99.263671875
08:00:34,912810UA4,TSRYS5802849,D,S,T,2024-05-29,1000000.00,4.672983,99.228515625
08:00:34,912810UA4,TSRYS5802849,D,S,T,2024-05-29,1000000.00,4.67286,99.23046875
08:00:34,912810UA4,TSRYS5802849,D,S,T,2024-05-29,1000000.00,4.677884,99.150390625
08:00:34,912810UA4,TSRYS5802849,D,S,T,2024-05-29,1000000.00,4.677884,99.150390625
08:00:34,912810UA4,TSRYS5802849,D,S,T,2024-05-29,1000000.00,4.677884,99.150390625
08:00:34,912810UA4,TSRYS5802849,D,S,T,2024-05-29,1000000.00,4.677884,99.150390625
08:00:34,912810UA4,TSRYS5802849,D,S,T,2024-05-29,1000000.00,4.675188,99.193359375
08:00:34,912810UA4,TSRYS5802849,D,S,T,2024-05-29,1000000.00,4.672615,99.234375
08:00:34,912810UA4,TSRYS5802849,D,S,T,2024-05-29,1000000.00,4.672248,99.240234375
08:00:34,912810UA4,TSRYS5802849,D,S,D,2024-05-29,1000000.00,4.670657,99.265625
08:00:34,912810UA4,TSRYS5802849,D,S,T,2024-05-29,1000000.00,4.670779,99.263671875
08:00:34,912810UA4,TSRYS5802849,D,S,T,2024-05-29,1000000.00,4.670779,99.263671875
08:00:34,912810UA4,TSRYS5802849,D,S,T,2024-05-29,1000000.00,4.676658,99.169921875
08:00:34,912810UA4,TSRYS5802849,D,S,T,2024-05-29,1000000.00,4.675065,99.1953125
08:00:34,912810UA4,TSRYS5802849,D,S,T,2024-05-29,1000000.00,4.674943,99.197265625
08:00:34,912810UA4,TSRYS5802849,D,S,T,2024-05-29,1000000.00,4.67482,99.19921875
08:00:34,912810UA4,TSRYS5802849,D,S,T,2024-05-29,1000000.00,4.672248,99.240234375
08:00:34,912810UA4,TSRYS5802849,D,S,T,2024-05-29,1000000.00,4.672003,99.244140625
08:00:34,912810UA4,TSRYS5802849,D,S,T,2024-05-29,1000000.00,4.672248,99.240234375
08:00:34,912810UA4,TSRYS5802849,D,S,T,2024-05-29,1000000.00,4.670779,99.263671875
08:00:34,912810UA4,TSRYS5802849,D,S,T,2024-05-29,1000000.00,4.674943,99.197265625
08:00:34,912810UA4,TSRYS5802849,D,S,T,2024-05-29,1000000.00,4.675678,99.185546875
08:00:34,912810UA4,TSRYS5802849,D,S,T,2024-05-29,1000000.00,4.675188,99.193359375
08:00:34,912810UA4,TSRYS5802849,D,S,T,2024-05-29,1000000.00,4.675555,99.1875
08:00:34,912810UA4,TSRYS5802849,D,S,T,2024-05-29,1000000.00,4.680828,99.103515625
08:00:34,912810UA4,TSRYS5802849,D,S,T,2024-05-29,1000000.00,4.680828,99.103515625
08:00:34,912810UA4,TSRYS5802849,D,S,T,2024-05-29,1000000.00,4.680705,99.10546875
08:00:34,912810UA4,TSRYS5802849,D,S,T,2024-05-29,1000000.00,4.682178,99.08203125
08:00:34,912810UA4,TSRYS5802849,D,S,T,2024-05-29,1000000.00,4.682055,99.083984375
08:00:34,912810UA4,TSRYS5802849,D,S,T,2024-05-29,1000000.00,4.68316,99.06640625
08:00:34,912810UA4,TSRYS5802849,D,S,T,2024-05-29,1000000.00,4.678375,99.142578125
08:00:34,912810UA4,TSRYS5802849,D,S,T,2024-05-29,1000000.00,4.678375,99.142578125
08:00:34,912810UA4,TSRYS5802849,D,S,T,2024-05-29,1000000.00,4.68046,99.109375
08:00:34,912810UA4,TSRYS5802849,D,S,T,2024-05-29,1000000.00,4.68046,99.109375
08:00:34,912810UA4,TSRYS5802849,D,S,T,2024-05-29,1000000.00,4.68046,99.109375
08:00:34,912810UA4,TSRYS5802849,D,S,T,2024-05-29,1000000.00,4.68046,99.109375
08:00:34,912810UA4,TSRYS5802849,D,S,T,2024-05-29,1000000.00,4.68046,99.109375
08:00:34,912810UA4,TSRYS5802849,D,S,T,2024-05-29,1000000.00,4.680951,99.1015625
08:00:34,912810UA4,TSRYS5802849,D,S,T,2024-05-29,1000000.00,4.679969,99.1171875
08:00:34,912810UA4,TSRYS5802849,D,S,T,2024-05-29,1000000.00,4.679969,99.1171875
08:00:34,912810UA4,TSRYS5802849,D,S,T,2024-05-29,1000000.00,4.679356,99.126953125
08:00:34,912810UA4,TSRYS5802849,D,S,T,2024-05-29,1000000.00,4.687336,99.0
08:00:34,912810UA4,TSRYS5802849,D,S,T,2024-05-29,1000000.00,4.684633,99.04296875
08:00:34,912810UA4,TSRYS5802849,D,S,T,2024-05-29,1000000.00,4.68709,99.00390625
08:00:34,912810UA4,TSRYS5802849,D,S,T,2024-05-29,1000000.00,4.689671,98.962890625
08:00:34,912810UA4,TSRYS5802849,D,S,T,2024-05-29,1000000.00,4.685616,99.02734375
08:00:34,912810UA4,TSRYS5802849,D,S,T,2024-05-29,1000000.00,4.685493,99.029296875
08:00:34,912810UA4,TSRYS5802849,D,S,T,2024-05-29,1000000.00,4.68537,99.03125
08:00:34,912810UA4,TSRYS5802849,D,S,T,2024-05-29,1000000.00,4.69127,98.9375
08:00:34,912810UA4,TSRYS5802849,D,S,T,2024-05-29,1000000.00,4.690409,98.951171875
08:00:34,912810UA4,TSRYS5802849,D,S,T,2024-05-29,1000000.00,4.690655,98.947265625
08:00:34,912810UA4,TSRYS5802849,D,S,T,2024-05-29,1000000.00,4.690655,98.947265625
08:00:34,912810UA4,TSRYS5802849,D,S,T,2024-05-29,1000000.00,4.684388,99.046875
08:00:34,912810UA4,TSRYS5802849,D,S,T,2024-05-29,1000000.00,4.684388,99.046875
08:00:34,912810UA4,TSRYS5802849,D,S,T,2024-05-29,1000000.00,4.677639,99.154296875
08:00:34,912810UA4,TSRYS5802849,D,S,T,2024-05-29,1000000.00,4.677639,99.154296875
08:00:34,912810UA4,TSRYS5802849,D,S,T,2024-05-29,1000000.00,4.676536,99.171875
08:00:34,912810UA4,TSRYS5802849,D,S,T,2024-05-29,1000000.00,4.676781,99.16796875
08:00:34,912810UA4,TSRYS5802849,D,S,T,2024-05-29,1000000.00,4.676658,99.169921875
08:00:34,912810UA4,TSRYS5802849,D,S,T,2024-05-29,1000000.00,4.676658,99.169921875
08:00:34,912810UA4,TSRYS5802849,D,S,T,2024-05-29,1000000.00,4.676658,99.169921875
08:00:34,912810UA4,TSRYS5802849,D,S,T,2024-05-29,1000000.00,4.676658,99.169921875
08:00:34,912810UA4,TSRYS5802849,D,S,T,2024-05-29,1000000.00,4.676658,99.169921875
08:00:34,912810UA4,TSRYS5802849,D,S,T,2024-05-29,1000000.00,4.682423,99.078125
08:00:34,912810UA4,TSRYS5802849,D,S,T,2024-05-29,1000000.00,4.685861,99.0234375
08:00:34,912810UA4,TSRYS5802849,D,S,T,2024-05-29,1000000.00,4.685984,99.021484375
08:00:34,912810UA4,TSRYS5802849,D,S,T,2024-05-29,1000000.00,4.686107,99.01953125
08:00:34,912810UA4,TSRYS5802849,D,S,T,2024-05-29,1000000.00,4.685984,99.021484375
08:00:34,912810UA4,TSRYS5802849,D,S,T,2024-05-29,1000000.00,4.685124,99.03515625
08:00:34,912810UA4,TSRYS5802849,D,S,T,2024-05-29,1000000.00,4.685739,99.025390625
08:00:34,912810UA4,TSRYS5802849,D,S,T,2024-05-29,1000000.00,4.685247,99.033203125
08:00:34,912810UA4,TSRYS5802849,D,S,T,2024-05-29,1000000.00,4.678743,99.13671875
08:00:34,912810UA4,TSRYS5802849,D,S,T,2024-05-29,1000000.00,4.67862,99.138671875
08:00:34,912810UA4,TSRYS5802849,D,S,T,2024-05-29,1000000.00,4.67813,99.146484375
08:00:34,912810UA4,TSRYS5802849,D,S,T,2024-05-29,1000000.00,4.67813,99.146484375
08:00:34,912810UA4,TSRYS5802849,D,S,T,2024-05-29,1000000.00,4.67862,99.138671875
08:00:34,912810UA4,TSRYS5802849,D,S,T,2024-05-29,1000000.00,4.684633,99.04296875
08:00:34,912810UA4,TSRYS5802849,D,S,T,2024-05-29,1000000.00,4.684388,99.046875
08:00:34,912810UA4,TSRYS5802849,D,S,T,2024-05-29,1000000.00,4.684265,99.048828125
08:00:34,912810UA4,TSRYS5802849,D,S,T,2024-05-29,1000000.00,4.684265,99.048828125
08:00:34,912810UA4,TSRYS5802849,D,S,T,2024-05-29,1000000.00,4.684265,99.048828125
08:00:34,912810UA4,TSRYS5802849,D,S,T,2024-05-29,1000000.00,4.683896,99.0546875
08:00:34,912810UA4,TSRYS5802849,D,S,T,2024-05-29,1000000.00,4.683896,99.0546875
08:00:34,912810UA4,TSRYS5802849,D,S,T,2024-05-29,1000000.00,4.685739,99.025390625
08:00:34,912810UA4,TSRYS5802849,D,S,T,2024-05-29,1000000.00,4.685739,99.025390625
08:00:34,912810UA4,TSRYS5802849,D,S,T,2024-05-29,1000000.00,4.685124,99.03515625
08:00:34,912810UA4,TSRYS5802849,D,S,T,2024-05-29,1000000.00,4.685002,99.037109375
08:00:34,912810UA4,TSRYS5802849,D,S,T,2024-05-29,1000000.00,4.684879,99.0390625
08:00:34,912810UA4,TSRYS5802849,D,S,T,2024-05-29,1000000.00,4.684879,99.0390625
08:00:34,912810UA4,TSRYS5802849,D,S,T,2024-05-29,1000000.00,4.685002,99.037109375
08:00:34,912810UA4,TSRYS5802849,D,S,T,2024-05-29,1000000.00,4.684879,99.0390625
08:00:34,912810UA4,TSRYS5802849,D,S,T,2024-05-29,2000000.00,4.68537,99.03125
08:00:34,912810UA4,TSRYS5802849,D,S,T,2024-05-29,1000000.00,4.684633,99.04296875
08:00:34,912810UA4,TSRYS5802849,D,S,T,2024-05-29,1000000.00,4.684633,99.04296875
08:00:34,912810UA4,TSRYS5802849,D,S,T,2024-05-29,1000000.00,4.684633,99.04296875
08:00:34,912810UA4,TSRYS5802849,D,S,T,2024-05-29,1000000.00,4.684633,99.04296875
08:00:34,912810UA4,TSRYS5802849,D,S,T,2024-05-29,1000000.00,4.682669,99.07421875
08:00:34,912810UA4,TSRYS5802849,D,S,T,2024-05-29,1000000.00,4.682669,99.07421875
08:00:34,912810UA4,TSRYS5802849,D,S,T,2024-05-29,1000000.00,4.683651,99.05859375
08:00:34,912810UA4,TSRYS5802849,D,S,T,2024-05-29,1000000.00,4.683405,99.0625
08:00:34,912810UA4,TSRYS5802849,D,S,T,2024-05-29,1000000.00,4.682914,99.0703125
08:00:34,912810UA4,TSRYS5802849,D,S,T,2024-05-29,1000000.00,4.683037,99.068359375
08:00:34,912810UA4,TSRYS5802849,D,S,T,2024-05-29,1000000.00,4.682914,99.0703125
08:00:34,912810UA4,TSRYS5802849,D,S,T,2024-05-29,1000000.00,4.683528,99.060546875
08:00:34,912810UA4,TSRYS5802849,D,S,T,2024-05-29,1000000.00,4.687827,98.9921875
08:00:34,912810UA4,TSRYS5802849,D,S,T,2024-05-29,1000000.00,4.687827,98.9921875
08:00:34,912810UA4,TSRYS5802849,D,S,T,2024-05-29,1000000.00,4.687827,98.9921875
08:00:34,912810UA4,TSRYS5802849,D,S,T,2024-05-29,1000000.00,4.687827,98.9921875
08:00:34,912810UA4,TSRYS5802849,D,S,T,2024-05-29,1000000.00,4.687827,98.9921875
08:00:34,912810UA4,TSRYS5802849,D,S,T,2024-05-29,1000000.00,4.687827,98.9921875
08:00:34,912810UA4,TSRYS5802849,D,S,T,2024-05-29,1000000.00,4.687827,98.9921875
08:00:34,912810UA4,TSRYS5802849,D,S,T,2024-05-29,1000000.00,4.687827,98.9921875
08:00:34,912810UA4,TSRYS5802849,D,S,T,2024-05-29,1000000.00,4.687827,98.9921875
08:00:34,912810UA4,TSRYS5802849,D,S,T,2024-05-29,1000000.00,4.687581,98.99609375
08:00:34,912810UA4,TSRYS5802849,D,S,T,2024-05-29,1000000.00,4.687581,98.99609375
08:00:34,912810UA4,TSRYS5802849,D,S,T,2024-05-29,1000000.00,4.689056,98.97265625
08:00:34,912810UA4,TSRYS5802849,D,S,T,2024-05-29,1000000.00,4.689056,98.97265625
08:00:34,912810UA4,TSRYS5802849,D,S,T,2024-05-29,1000000.00,4.689302,98.96875
08:00:34,912810UA4,TSRYS5802849,D,S,T,2024-05-29,1000000.00,4.687581,98.99609375
08:00:34,912810UA4,TSRYS5802849,D,S,D,2024-05-29,1000000.00,4.688073,98.98828125
08:00:34,912810UA4,TSRYS5802849,D,S,D,2024-05-29,1000000.00,4.688319,98.984375
08:00:34,912810UA4,TSRYS5802849,D,S,D,2024-05-29,1000000.00,4.677271,99.16015625
08:00:34,912810UA4,TSRYS5802849,D,S,D,2024-05-29,1000000.00,4.675065,99.1953125
08:00:34,912810UA4,TSRYS5802849,D,B,C,2024-05-29,2000000.00,4.681442,99.09375
08:00:34,912810UA4,TSRYS5802849,D,S,C,2024-05-29,1000000.00,4.690286,98.953125
08:00:34,912810UA4,TSRYS5802849,D,S,C,2024-05-29,1000000.00,4.690286,98.953125
08:00:37,912810UA4,TSRYS5802849,D,S,T,2024-05-29,1000000.00,4.691276,98.9374
08:00:37,912810UA4,TSRYS5802849,D,S,T,2024-05-29,2000000.00,4.691276,98.9374
08:00:37,912810UA4,TSRYS5802849,D,S,D,2024-05-29,1000000.00,4.69127,98.9375
08:00:37,912810UA4,TSRYS5802849,D,S,T,2024-05-29,2000000.00,4.691276,98.9374
08:00:37,912810UA4,TSRYS5802849,D,S,T,2024-05-29,1000000.00,4.69127,98.9375
08:00:37,912810UA4,TSRYS5802849,D,S,T,2024-05-29,1000000.00,4.691276,98.9374
08:00:37,912810UA4,TSRYS5802849,D,S,T,2024-05-29,1000000.00,4.691276,98.9374
08:00:37,912810UA4,TSRYS5802849,D,S,T,2024-05-29,1000000.00,4.69127,98.9375
08:00:37,912810UA4,TSRYS5802849,D,B,A,2024-05-29,5000000.00,4.69127,98.9375
08:00:37,912810UA4,TSRYS5802849,D,S,T,2024-05-29,1000000.00,4.685739,99.025390625
08:00:37,912810UA4,TSRYS5802849,D,S,T,2024-05-29,1000000.00,4.678626,99.138571875
08:00:37,912810UA4,TSRYS5802849,D,S,T,2024-05-29,1000000.00,4.678626,99.138571875
08:00:37,912810UA4,TSRYS5802849,D,S,T,2024-05-29,1000000.00,4.691276,98.9374
08:00:37,912810UA4,TSRYS5802849,D,S,T,2024-05-29,1000000.00,4.690907,98.943259375
08:00:37,912810UA4,TSRYS5802849,D,S,A,2024-05-29,290000.00,4.687581,98.99609375
08:00:37,912810UA4,TSRYS5802849,D,S,T,2024-05-29,1000000.00,4.687581,98.99609375
08:00:37,912810UA4,TSRYS5802849,D,S,D,2024-05-29,1000000.00,4.676536,99.171875
08:00:37,912810UA4,TSRYS5802849,D,S,D,2024-05-29,1000000.00,4.675065,99.1953125
08:00:37,912810UA4,TSRYS5802849,D,S,D,2024-05-29,1000000.00,4.67482,99.19921875
08:00:37,912810UA4,TSRYS5802849,D,S,D,2024-05-29,1000000.00,4.67482,99.19921875
08:00:37,912810UA4,TSRYS5802849,D,S,D,2024-05-29,1000000.00,4.673595,99.21875
08:00:37,912810UA4,TSRYS5802849,D,B,A,2024-05-29,3000000.00,4.671642,99.25
08:00:37,912810UA4,TSRYS5802849,D,S,D,2024-05-29,1000000.00,4.670901,99.26171875
08:00:37,912810UA4,TSRYS5802849,D,S,D,2024-05-29,1000000.00,4.674575,99.203125
08:00:37,912810UA4,TSRYS5802849,D,S,D,2024-05-29,1000000.00,4.655993,99.5
08:00:37,912810UA4,TSRYS5802849,D,S,D,2024-05-29,1000000.00,4.655993,99.5
08:00:37,912810UA4,TSRYS5802849,D,S,D,2024-05-29,1000000.00,4.655993,99.5
08:00:38,912810UA4,TSRYS5802849,D,S,D,2024-05-29,1000000.00,4.655993,99.5
08:00:38,912810UA4,TSRYS5802849,D,S,D,2024-05-29,1000000.00,4.655993,99.5
08:00:38,912810UA4,TSRYS5802849,D,S,D,2024-05-29,1000000.00,4.655993,99.5
08:00:38,912810UA4,TSRYS5802849,D,S,D,2024-05-29,1000000.00,4.655993,99.5
08:00:38,912810UA4,TSRYS5802849,D,S,D,2024-05-29,1000000.00,4.655993,99.5
08:00:38,912810UA4,TSRYS5802849,D,S,D,2024-05-29,1000000.00,4.655993,99.5
08:00:38,912810UA4,TSRYS5802849,D,S,D,2024-05-29,1000000.00,4.655993,99.5
08:00:38,912810UA4,TSRYS5802849,D,S,D,2024-05-29,1000000.00,4.656969,99.484375
08:00:38,912810UA4,TSRYS5802849,D,S,D,2024-05-29,1000000.00,4.656969,99.484375
08:00:38,912810UA4,TSRYS5802849,D,S,D,2024-05-29,11000000.00,4.657132,99.481770833
08:00:38,912810UA4,TSRYS5802849,D,B,C,2024-05-29,6000000.00,4.676046,99.1796875
08:00:38,912810UA4,TSRYS5802849,D,S,D,2024-05-29,1000000.00,4.67482,99.19921875
08:00:39,912810UA4,TSRYS5802849,D,S,D,2024-05-29,1000.00,4.668184,99.3050875
08:00:39,912810UA4,TSRYS5802849,D,S,D,2024-05-29,500000.00,4.667965,99.30859375
08:00:39,912810UA4,TSRYS5802849,D,S,D,2024-05-29,26620000.00,4.66772,99.3125
08:00:39,912810UA4,TSRYS5802849,D,S,D,2024-05-29,2000000.00,4.67384,99.21484375
08:00:39,912810UA4,TSRYS5802849,D,B,C,2024-05-29,2000000.00,4.67384,99.21484375
08:00:39,912810UA4,TSRYS5802849,D,S,C,2024-05-29,2000000.00,4.677517,99.15625
08:00:39,912810UA4,TSRYS5802849,D,S,D,2024-05-29,3000000.00,4.673875,99.214285714
08:00:39,912810UA4,TSRYS5802849,D,S,T,2024-05-29,1000000.00,4.67286,99.23046875
08:00:39,912810UA4,TSRYS5802849,D,S,D,2024-05-29,5000000.00,4.676536,99.171875
08:00:40,912810UA4,TSRYS5802849,D,S,D,2024-05-29,8000.00,4.67357,99.21915
08:00:40,912810UA4,TSRYS5802849,D,S,D,2024-05-29,1000000.00,4.675065,99.1953125
08:00:40,912810UA4,TSRYS5802849,D,S,T,2024-05-29,1000000.00,4.655993,99.5
08:00:40,912810UA4,TSRYS5802849,D,S,T,2024-05-29,1000000.00,4.655993,99.5
08:00:40,912810UA4,TSRYS5802849,D,S,T,2024-05-29,1000000.00,4.655993,99.5
08:00:40,912810UA4,TSRYS5802849,D,S,T,2024-05-29,1000000.00,4.655993,99.5
08:00:40,912810UA4,TSRYS5802849,D,S,T,2024-05-29,1000000.00,4.655993,99.5
08:00:40,912810UA4,TSRYS5802849,D,S,T,2024-05-29,1000000.00,4.655993,99.5
08:00:40,912810UA4,TSRYS5802849,D,S,T,2024-05-29,1000000.00,4.677517,99.15625
08:00:40,912810UA4,TSRYS5802849,D,S,T,2024-05-29,1000000.00,4.677517,99.15625
08:00:40,912810UA4,TSRYS5802849,D,S,T,2024-05-29,1000000.00,4.678497,99.140625
08:00:40,912810UA4,TSRYS5802849,D,S,T,2024-05-29,1000000.00,4.678497,99.140625
08:00:40,912810UA4,TSRYS5802849,D,S,T,2024-05-29,1000000.00,4.689302,98.96875
08:00:40,912810UA4,TSRYS5802849,D,S,T,2024-05-29,1000000.00,4.689302,98.96875
08:00:40,912810UA4,TSRYS5802849,D,S,T,2024-05-29,1000000.00,4.678497,99.140625
08:00:40,912810UA4,TSRYS5802849,D,S,T,2024-05-29,1000000.00,4.676536,99.171875
08:00:40,912810UA4,TSRYS5802849,D,S,T,2024-05-29,1000000.00,4.678497,99.140625
08:00:44,912810UA4,TSRYS5802849,D,S,T,2024-05-29,1000000.00,4.684388,99.046875
08:00:44,912810UA4,TSRYS5802849,D,S,T,2024-05-29,1000000.00,4.677517,99.15625
08:00:44,912810UA4,TSRYS5802849,D,S,T,2024-05-29,1000000.00,4.677517,99.15625
08:00:44,912810UA4,TSRYS5802849,D,S,T,2024-05-29,1000000.00,4.68046,99.109375
08:00:44,912810UA4,TSRYS5802849,D,S,T,2024-05-29,1000000.00,4.687336,99.0
08:00:44,912810UA4,TSRYS5802849,D,S,T,2024-05-29,1000000.00,4.684388,99.046875
08:00:44,912810UA4,TSRYS5802849,D,S,T,2024-05-29,1000000.00,4.68537,99.03125
08:00:44,912810UA4,TSRYS5802849,D,S,T,2024-05-29,1000000.00,4.684388,99.046875
08:00:44,912810UA4,TSRYS5802849,D,S,T,2024-05-29,1000000.00,4.686353,99.015625
08:00:44,912810UA4,TSRYS5802849,D,S,T,2024-05-29,1000000.00,4.68046,99.109375
08:00:44,912810UA4,TSRYS5802849,D,S,T,2024-05-29,1000000.00,4.690286,98.953125
08:00:44,912810UA4,TSRYS5802849,D,S,T,2024-05-29,1000000.00,4.687336,99.0
08:00:44,912810UA4,TSRYS5802849,D,S,A,2024-05-29,5000000.00,4.660143,99.43359375
08:00:44,912810UA4,TSRYS5802849,D,S,T,2024-05-29,1000000.00,4.657701,99.47265625
08:00:44,912810UA4,TSRYS5802849,D,S,A,2024-05-29,2000000.00,4.663807,99.375
08:00:44,912810UA4,TSRYS5802849,D,B,A,2024-05-29,5000000.00,4.673105,99.2265625
08:00:44,912810UA4,TSRYS5802849,D,S,D,2024-05-29,1000000.00,4.668209,99.3046875
08:00:44,912810UA4,TSRYS5802849,D,S,T,2024-05-29,2000000.00,4.66772,99.3125
08:00:44,912810UA4,TSRYS5802849,D,S,D,2024-05-29,1000000.00,4.671146,99.2578125
08:00:44,912810UA4,TSRYS5802849,D,S,D,2024-05-29,1000000.00,4.672126,99.2421875
08:00:44,912810UA4,TSRYS5802849,D,S,D,2024-05-29,1000000.00,4.67531,99.19140625
08:00:44,912810UA4,TSRYS5802849,D,S,D,2024-05-29,1000000.00,4.67531,99.19140625
08:00:44,912810UA4,TSRYS5802849,D,S,T,2024-05-29,1000000.00,4.673595,99.21875
08:00:44,912810UA4,TSRYS5802849,D,S,T,2024-05-29,1000000.00,4.676291,99.17578125
08:00:44,912810UA4,TSRYS5802849,D,S,T,2024-05-29,1000000.00,4.676291,99.17578125
08:00:44,912810UA4,TSRYS5802849,D,S,T,2024-05-29,1000000.00,4.676291,99.17578125
08:00:44,912810UA4,TSRYS5802849,D,S,T,2024-05-29,1000000.00,4.680951,99.1015625
08:00:44,912810UA4,TSRYS5802849,D,S,T,2024-05-29,1000000.00,4.680951,99.1015625
08:00:44,912810UA4,TSRYS5802849,D,S,D,2024-05-29,1000000.00,4.680951,99.1015625
08:00:44,912810UA4,TSRYS5802849,D,S,T,2024-05-29,1000000.00,4.679601,99.123046875
08:00:44,912810UA4,TSRYS5802849,D,S,T,2024-05-29,2000000.00,4.677517,99.15625
08:00:44,912810UA4,TSRYS5802849,D,S,T,2024-05-29,7000000.00,4.677517,99.15625
08:00:44,912810UA4,TSRYS5802849,D,S,T,2024-05-29,1000000.00,4.681932,99.0859375
08:00:44,912810UA4,TSRYS5802849,D,S,T,2024-05-29,1000000.00,4.689302,98.96875
08:00:44,912810UA4,TSRYS5802849,D,S,T,2024-05-29,1000000.00,4.67862,99.138671875
08:00:44,912810UA4,TSRYS5802849,D,S,T,2024-05-29,1000000.00,4.67813,99.146484375
08:00:44,912810UA4,TSRYS5802849,D,S,T,2024-05-29,1000000.00,4.684633,99.04296875
08:00:44,912810UA4,TSRYS5802849,D,S,D,2024-05-29,2000000.00,4.684633,99.04296875
08:00:44,912810UA4,TSRYS5802849,D,S,T,2024-05-29,1000000.00,4.683896,99.0546875
08:00:44,912810UA4,TSRYS5802849,D,S,D,2024-05-29,3000000.00,4.684879,99.0390625
08:00:44,912810UA4,TSRYS5802849,D,S,T,2024-05-29,1000000.00,4.68046,99.109375
08:00:44,912810UA4,TSRYS5802849,D,S,T,2024-05-29,1000000.00,4.691024,98.94140625
08:00:44,912810UA4,TSRYS5802849,D,S,T,2024-05-29,1000000.00,4.689179,98.970703125
08:00:44,912810UA4,TSRYS5802849,D,B,C,2024-05-29,6000000.00,4.675555,99.1875
08:00:44,912810UA4,TSRYS5802849,D,S,A,2024-05-29,500000.00,4.674085,99.2109375
08:00:44,912810UA4,TSRYS5802849,D,S,D,2024-05-29,1000000.00,4.672615,99.234375
08:00:44,912810UA4,TSRYS5802849,D,S,D,2024-05-29,1000000.00,4.675417,99.189708227
08:00:44,912810UA4,TSRYS5802849,D,S,D,2024-05-29,1000000.00,4.674974,99.1967633929
08:00:44,912810UA4,TSRYS5802849,D,S,D,2024-05-29,1000000.00,4.677381,99.1584139511
08:00:44,912810UA4,TSRYS5802849,D,S,D,2024-05-29,1000000.00,4.677381,99.1584139511
08:00:44,912810UA4,TSRYS5802849,D,S,D,2024-05-29,1000000.00,4.677381,99.1584139511
08:00:44,912810UA4,TSRYS5802849,D,S,T,2024-05-29,1000000.00,4.678497,99.140625
08:00:44,912810UA4,TSRYS5802849,D,S,T,2024-05-29,1000000.00,4.678497,99.140625
08:00:44,912810UA4,TSRYS5802849,D,S,T,2024-05-29,1000000.00,4.678497,99.140625
08:00:44,912810UA4,TSRYS5802849,D,S,D,2024-05-29,1000000.00,4.678497,99.140625
08:00:44,912810UA4,TSRYS5802849,D,S,D,2024-05-29,1000000.00,4.678497,99.140625
08:00:44,912810UA4,TSRYS5802849,D,S,D,2024-05-29,1000000.00,4.678497,99.140625
08:00:44,912810UA4,TSRYS5802849,D,S,D,2024-05-29,1000000.00,4.678497,99.140625
08:00:44,912810UA4,TSRYS5802849,D,S,T,2024-05-29,1000000.00,4.678497,99.140625
08:00:44,912810UA4,TSRYS5802849,D,S,T,2024-05-29,1000000.00,4.679479,99.125
08:00:44,912810UA4,TSRYS5802849,D,S,D,2024-05-29,1000000.00,4.679479,99.125
08:00:44,912810UA4,TSRYS5802849,D,S,D,2024-05-29,1000000.00,4.682423,99.078125
08:00:44,912810UA4,TSRYS5802849,D,S,T,2024-05-29,1000000.00,4.682423,99.078125
08:00:44,912810UA4,TSRYS5802849,D,S,D,2024-05-29,1000000.00,4.681442,99.09375
08:00:44,912810UA4,TSRYS5802849,D,S,T,2024-05-29,1000000.00,4.681442,99.09375
08:00:44,912810UA4,TSRYS5802849,D,B,C,2024-05-29,5700000.00,4.687581,98.99609375
08:00:44,912810UA4,TSRYS5802849,D,B,C,2024-05-29,7000000.00,4.688442,98.982421875
08:00:44,912810UA4,TSRYS5802849,D,B,C,2024-05-29,4600000.00,4.689302,98.96875
08:00:44,912810UA4,TSRYS5802849,D,B,C,2024-05-29,5000000.00,4.68795,98.990234375
08:00:44,912810UA4,TSRYS5802849,D,B,C,2024-05-29,7000000.00,4.688442,98.982421875
08:00:44,912810UA4,TSRYS5802849,D,S,T,2024-05-29,1000000.00,4.69127,98.9375
08:00:44,912810UA4,TSRYS5802849,D,S,T,2024-05-29,1000000.00,4.69127,98.9375
08:00:44,912810UA4,TSRYS5802849,D,S,T,2024-05-29,1000000.00,4.69127,98.9375
08:00:44,912810UA4,TSRYS5802849,D,B,A,2024-05-29,7000000.00,4.692254,98.921875
08:00:44,912810UA4,TSRYS5802849,D,B,C,2024-05-29,7000000.00,4.678988,99.1328125
08:00:44,912810UA4,TSRYS5802849,D,S,T,2024-05-29,1000000.00,4.676536,99.171875
08:00:44,912810UA4,TSRYS5802849,D,S,T,2024-05-29,1000000.00,4.678497,99.140625
08:00:44,912810UA4,TSRYS5802849,D,S,T,2024-05-29,1000000.00,4.678497,99.140625
08:00:44,912810UA4,TSRYS5802849,D,S,T,2024-05-29,1000000.00,4.678497,99.140625
08:00:44,912810UA4,TSRYS5802849,D,S,T,2024-05-29,1000000.00,4.678497,99.140625
08:00:44,912810UA4,TSRYS5802849,D,S,T,2024-05-29,1000000.00,4.678497,99.140625
08:00:44,912810UA4,TSRYS5802849,D,S,T,2024-05-29,1000000.00,4.678497,99.140625
08:00:44,912810UA4,TSRYS5802849,D,S,T,2024-05-29,1000000.00,4.678497,99.140625
08:00:44,912810UA4,TSRYS5802849,D,S,T,2024-05-29,1000000.00,4.678497,99.140625
08:00:44,912810UA4,TSRYS5802849,D,S,T,2024-05-29,1000000.00,4.678497,99.140625
08:00:44,912810UA4,TSRYS5802849,D,B,C,2024-05-29,6000000.00,4.689056,98.97265625
08:00:44,912810UA4,TSRYS5802849,D,B,C,2024-05-29,7000000.00,4.68881,98.9765625
08:00:44,912810UA4,TSRYS5802849,D,S,T,2024-05-29,5000000.00,4.68046,99.109375
08:00:44,912810UA4,TSRYS5802849,D,S,D,2024-05-29,1000000.00,4.683651,99.05859375
08:00:44,912810UA4,TSRYS5802849,D,S,D,2024-05-29,1000000.00,4.683651,99.05859375
08:00:44,912810UA4,TSRYS5802849,D,S,D,2024-05-29,1000000.00,4.683651,99.05859375
08:00:44,912810UA4,TSRYS5802849,D,S,D,2024-05-29,1000000.00,4.683405,99.0625
08:00:44,912810UA4,TSRYS5802849,D,S,D,2024-05-29,1000000.00,4.682178,99.08203125
08:00:44,912810UA4,TSRYS5802849,D,S,D,2024-05-29,1000000.00,4.683515,99.06075
08:00:44,912810UA4,TSRYS5802849,D,B,A,2024-05-29,9500000.00,4.689302,98.96875
08:00:44,912810UA4,TSRYS5802849,D,B,C,2024-05-29,1300000.00,4.686844,99.0078125
08:00:44,912810UA4,TSRYS5802849,D,S,A,2024-05-29,5000000.00,4.683896,99.0546875
08:00:44,912810UA4,TSRYS5802849,D,S,T,2024-05-29,1000000.00,4.682546,99.076171875
08:00:44,912810UA4,TSRYS5802849,D,S,T,2024-05-29,1000000.00,4.681319,99.095703125
08:00:44,912810UA4,TSRYS5802849,D,S,T,2024-05-29,1000000.00,4.683405,99.0625
08:00:45,912810UA4,TSRYS5802849,D,S,D,2024-05-29,1000000.00,4.68046,99.109375
08:00:45,912810UA4,TSRYS5802849,D,S,D,2024-05-29,1000000.00,4.676536,99.171875
08:00:45,912810UA4,TSRYS5802849,D,S,D,2024-05-29,1000000.00,4.679479,99.125
08:00:45,912810UA4,TSRYS5802849,D,B,A,2024-05-29,50MM+,4.681442,99.09375
08:00:45,912810UA4,TSRYS5802849,D,S,T,2024-05-29,1000000.00,4.68537,99.03125
08:00:45,912810UA4,TSRYS5802849,D,S,D,2024-05-29,1000000.00,4.68537,99.03125
08:00:45,912810UA4,TSRYS5802849,D,S,T,2024-05-29,1000000.00,4.68537,99.03125
08:00:45,912810UA4,TSRYS5802849,D,S,T,2024-05-29,1000000.00,4.684879,99.0390625
08:00:45,912810UA4,TSRYS5802849,D,S,T,2024-05-29,1000000.00,4.684879,99.0390625
08:00:45,912810UA4,TSRYS5802849,D,S,D,2024-05-29,1000000.00,4.68537,99.03125
08:00:45,912810UA4,TSRYS5802849,D,S,T,2024-05-29,1000000.00,4.68451,99.044921875
08:00:45,912810UA4,TSRYS5802849,D,S,T,2024-05-29,1000000.00,4.68451,99.044921875
08:00:45,912810UA4,TSRYS5802849,D,S,T,2024-05-29,1000000.00,4.686353,99.015625
08:00:45,912810UA4,TSRYS5802849,D,S,T,2024-05-29,1000000.00,4.686353,99.015625
08:00:45,912810UA4,TSRYS5802849,D,S,T,2024-05-29,1000000.00,4.686353,99.015625
08:00:45,912810UA4,TSRYS5802849,D,S,T,2024-05-29,1000000.00,4.686353,99.015625
08:00:45,912810UA4,TSRYS5802849,D,S,T,2024-05-29,1000000.00,4.686353,99.015625
08:00:45,912810UA4,TSRYS5802849,D,S,T,2024-05-29,1000000.00,4.686353,99.015625
08:00:45,912810UA4,TSRYS5802849,D,S,C,2024-05-29,270000.00,4.686102,99.01953125
08:00:45,912810UA4,TSRYS5802849,D,S,T,2024-05-29,1000000.00,4.686353,99.015625
08:00:45,912810UA4,TSRYS5802849,D,S,T,2024-05-29,1000000.00,4.686353,99.015625
08:00:45,912810UA4,TSRYS5802849,D,S,T,2024-05-29,1000000.00,4.686353,99.015625
08:00:45,912810UA4,TSRYS5802849,D,S,T,2024-05-29,1000000.00,4.686353,99.015625
08:00:45,912810UA4,TSRYS5802849,D,S,T,2024-05-29,1000000.00,4.68537,99.03125
08:00:45,912810UA4,TSRYS5802849,D,S,T,2024-05-29,1000000.00,4.68537,99.03125
08:00:45,912810UA4,TSRYS5802849,D,S,D,2024-05-29,1000000.00,4.68537,99.03125
08:00:45,912810UA4,TSRYS5802849,D,S,D,2024-05-29,1000000.00,4.68537,99.03125
08:00:45,912810UA4,TSRYS5802849,D,S,T,2024-05-29,1000000.00,4.689302,98.96875
08:00:45,912810UA4,TSRYS5802849,D,S,T,2024-05-29,1000000.00,4.687336,99.0
08:00:45,912810UA4,TSRYS5802849,D,S,T,2024-05-29,1000000.00,4.68537,99.03125
08:00:45,912810UA4,TSRYS5802849,D,S,T,2024-05-29,1000000.00,4.68537,99.03125
08:00:45,912810UA4,TSRYS5802849,D,S,T,2024-05-29,2000000.00,4.68537,99.03125
08:00:45,912810UA4,TSRYS5802849,D,S,D,2024-05-29,1000000.00,4.689302,98.96875
08:00:45,912810UA4,TSRYS5802849,D,S,T,2024-05-29,1000000.00,4.686353,99.015625
08:00:45,912810UA4,TSRYS5802849,D,S,T,2024-05-29,1000000.00,4.686353,99.015625
08:00:45,912810UA4,TSRYS5802849,D,S,T,2024-05-29,1000000.00,4.686353,99.015625
08:00:45,912810UA4,TSRYS5802849,D,S,D,2024-05-29,1000000.00,4.687336,99.0
08:00:45,912810UA4,TSRYS5802849,D,S,T,2024-05-29,1000000.00,4.683405,99.0625
08:00:45,912810UA4,TSRYS5802849,D,S,T,2024-05-29,1000000.00,4.683405,99.0625
08:00:45,912810UA4,TSRYS5802849,D,S,T,2024-05-29,1000000.00,4.683405,99.0625
08:00:45,912810UA4,TSRYS5802849,D,S,D,2024-05-29,30000000.00,4.686938,99.00632
08:00:45,912810UA4,TSRYS5802849,D,S,T,2024-05-29,1000000.00,4.679479,99.125
08:00:45,912810UA4,TSRYS5802849,D,S,A,2024-05-29,128900.00,4.684142,99.05078125
08:00:45,912810UA4,TSRYS5802849,D,S,T,2024-05-29,1000000.00,4.686353,99.015625
08:00:45,912810UA4,TSRYS5802849,D,S,D,2024-05-29,1000000.00,4.686353,99.015625
08:00:45,912810UA4,TSRYS5802849,D,S,D,2024-05-29,32000000.00,4.68639,99.01504
08:00:45,912810UA4,TSRYS5802849,D,S,T,2024-05-29,1000000.00,4.686353,99.015625
08:00:45,912810UA4,TSRYS5802849,D,S,T,2024-05-29,1000000.00,4.689302,98.96875
08:00:45,912810UA4,TSRYS5802849,D,S,T,2024-05-29,1000000.00,4.689302,98.96875
08:00:45,912810UA4,TSRYS5802849,D,S,T,2024-05-29,1000000.00,4.689302,98.96875
08:00:45,912810UA4,TSRYS5802849,D,S,T,2024-05-29,1000000.00,4.686353,99.015625
08:00:45,912810UA4,TSRYS5802849,D,S,D,2024-05-29,1000000.00,4.680705,99.10546875
08:00:45,912810UA4,TSRYS5802849,D,S,D,2024-05-29,1000000.00,4.680705,99.10546875
08:00:45,912810UA4,TSRYS5802849,D,S,D,2024-05-29,1000000.00,4.68046,99.109375
08:00:45,912810UA4,TSRYS5802849,D,S,D,2024-05-29,1000000.00,4.682178,99.08203125
08:00:48,912810UA4,TSRYS5802849,D,S,D,2024-05-29,1000000.00,4.683651,99.05859375
08:00:48,912810UA4,TSRYS5802849,D,B,A,2024-05-29,5000000.00,4.664052,99.37109375
08:00:48,912810UA4,TSRYS5802849,D,S,T,2024-05-29,1000000.00,4.663814,99.374898
08:00:48,912810UA4,TSRYS5802849,D,S,T,2024-05-29,1000000.00,4.663814,99.374898
08:00:48,912810UA4,TSRYS5802849,D,S,T,2024-05-29,1000000.00,4.663807,99.375
08:00:48,912810UA4,TSRYS5802849,D,S,T,2024-05-29,2000000.00,4.663814,99.374898
08:00:48,912810UA4,TSRYS5802849,D,B,A,2024-05-29,5000000.00,4.671881,99.24609375
08:00:48,912810UA4,TSRYS5802849,D,S,T,2024-05-29,1000000.00,4.671636,99.25
08:00:48,912810UA4,TSRYS5802849,D,S,T,2024-05-29,1000000.00,4.671642,99.249898
08:00:48,912810UA4,TSRYS5802849,D,S,T,2024-05-29,1000000.00,4.671642,99.249898
08:00:48,912810UA4,TSRYS5802849,D,S,T,2024-05-29,1000000.00,4.671636,99.25
08:00:48,912810UA4,TSRYS5802849,D,S,A,2024-05-29,8000.00,4.67357,99.28165
08:00:48,912810UA4,TSRYS5802849,D,S,T,2024-05-29,1000000.00,4.671642,99.249898
08:00:48,912810UA4,TSRYS5802849,D,S,D,2024-05-29,1000000.00,4.680951,99.1015625
08:00:48,912810UA4,TSRYS5802849,D,S,D,2024-05-29,1000000.00,4.680951,99.1015625
08:00:48,912810UA4,TSRYS5802849,D,S,D,2024-05-29,1000000.00,4.680951,99.1015625
08:00:48,912810UA4,TSRYS5802849,D,S,D,2024-05-29,1000000.00,4.680951,99.1015625
08:00:48,912810UA4,TSRYS5802849,D,S,D,2024-05-29,1000000.00,4.68046,99.109375
08:00:48,912810UA4,TSRYS5802849,D,S,D,2024-05-29,1000000.00,4.680215,99.11328125
08:00:48,912810UA4,TSRYS5802849,D,S,D,2024-05-29,1000000.00,4.680951,99.1015625
08:00:48,912810UA4,TSRYS5802849,D,S,D,2024-05-29,1000000.00,4.680951,99.1015625
08:00:48,912810UA4,TSRYS5802849,D,S,D,2024-05-29,1000000.00,4.68046,99.109375
08:00:48,912810UA4,TSRYS5802849,D,S,D,2024-05-29,1000000.00,4.680705,99.10546875
08:00:48,912810UA4,TSRYS5802849,D,S,D,2024-05-29,1000000.00,4.680215,99.11328125
08:00:48,912810UA4,TSRYS5802849,D,S,D,2024-05-29,1000000.00,4.678988,99.1328125
08:00:48,912810UA4,TSRYS5802849,D,S,D,2024-05-29,1000000.00,4.677762,99.15234375
08:00:48,912810UA4,TSRYS5802849,D,S,D,2024-05-29,1000000.00,4.677517,99.15625
08:00:48,912810UA4,TSRYS5802849,D,S,D,2024-05-29,1000000.00,4.68046,99.109375
08:00:48,912810UA4,TSRYS5802849,D,S,D,2024-05-29,1000000.00,4.68046,99.109375
08:00:48,912810UA4,TSRYS5802849,D,S,D,2024-05-29,1000000.00,4.68046,99.109375
08:00:48,912810UA4,TSRYS5802849,D,S,D,2024-05-29,1000000.00,4.68046,99.109375
08:00:48,912810UA4,TSRYS5802849,D,S,D,2024-05-29,1000000.00,4.68046,99.109375
08:00:48,912810UA4,TSRYS5802849,D,S,D,2024-05-29,1000000.00,4.68046,99.109375
08:00:48,912810UA4,TSRYS5802849,D,S,D,2024-05-29,2000000.00,4.681442,99.09375
08:00:48,912810UA4,TSRYS5802849,D,S,D,2024-05-29,1000000.00,4.680951,99.1015625
08:00:48,912810UA4,TSRYS5802849,D,S,D,2024-05-29,1000000.00,4.682669,99.07421875
08:00:49,912810UA4,TSRYS5802849,D,S,D,2024-05-29,1000000.00,4.68537,99.03125
08:00:49,912810UA4,TSRYS5802849,D,S,D,2024-05-29,1000000.00,4.675555,99.1875
08:00:49,912810UA4,TSRYS5802849,D,S,D,2024-05-29,1000000.00,4.675555,99.1875
08:00:50,912810UA4,TSRYS5802849,D,S,D,2024-05-29,1000000.00,4.675555,99.1875
08:00:50,912810UA4,TSRYS5802849,D,S,D,2024-05-29,1000000.00,4.675555,99.1875
08:00:50,912810UA4,TSRYS5802849,D,S,D,2024-05-29,1000000.00,4.675555,99.1875
08:00:50,912810UA4,TSRYS5802849,D,S,D,2024-05-29,1000000.00,4.675555,99.1875
08:00:50,912810UA4,TSRYS5802849,D,S,D,2024-05-29,1000000.00,4.675555,99.1875
08:00:50,912810UA4,TSRYS5802849,D,S,D,2024-05-29,1000000.00,4.675555,99.1875
08:00:50,912810UA4,TSRYS5802849,D,S,T,2024-05-29,1000000.00,4.675555,99.1875
08:00:50,912810UA4,TSRYS5802849,D,S,T,2024-05-29,1000000.00,4.675555,99.1875
08:00:50,912810UA4,TSRYS5802849,D,S,T,2024-05-29,1000000.00,4.675555,99.1875
08:00:50,912810UA4,TSRYS5802849,D,S,T,2024-05-29,1000000.00,4.675555,99.1875
08:00:50,912810UA4,TSRYS5802849,D,S,T,2024-05-29,1000000.00,4.675555,99.1875
08:00:50,912810UA4,TSRYS5802849,D,S,T,2024-05-29,4000000.00,4.675555,99.1875
08:00:50,912810UA4,TSRYS5802849,D,S,T,2024-05-29,1000000.00,4.675555,99.1875
08:00:50,912810UA4,TSRYS5802849,D,S,T,2024-05-29,1000000.00,4.675555,99.1875
08:00:50,912810UA4,TSRYS5802849,D,S,T,2024-05-29,1000000.00,4.675555,99.1875
08:00:50,912810UA4,TSRYS5802849,D,S,T,2024-05-29,1000000.00,4.675555,99.1875
08:00:50,912810UA4,TSRYS5802849,D,S,D,2024-05-29,4000000.00,4.674575,99.203125
08:00:50,912810UA4,TSRYS5802849,D,S,D,2024-05-29,1000000.00,4.674575,99.203125
08:00:50,912810UA4,TSRYS5802849,D,S,T,2024-05-29,1000000.00,4.674575,99.203125
08:00:50,912810UA4,TSRYS5802849,D,S,T,2024-05-29,1000000.00,4.674575,99.203125
08:00:50,912810UA4,TSRYS5802849,D,S,D,2024-05-29,1000000.00,4.674575,99.203125
08:00:50,912810UA4,TSRYS5802849,D,S,T,2024-05-29,1000000.00,4.674575,99.203125
08:00:50,912810UA4,TSRYS5802849,D,S,D,2024-05-29,1000000.00,4.674575,99.203125
08:00:51,912810UA4,TSRYS5802849,D,S,D,2024-05-29,1000000.00,4.683896,99.0546875
08:00:51,912810UA4,TSRYS5802849,D,S,D,2024-05-29,1000000.00,4.683896,99.0546875
08:00:51,912810UA4,TSRYS5802849,D,S,D,2024-05-29,1000000.00,4.68709,99.00390625
08:00:51,912810UA4,TSRYS5802849,D,S,D,2024-05-29,1000000.00,4.68709,99.00390625
08:00:51,912810UA4,TSRYS5802849,D,S,D,2024-05-29,1000000.00,4.690286,98.953125
08:00:51,912810UA4,TSRYS5802849,D,S,D,2024-05-29,1000000.00,4.690286,98.953125
08:00:51,912810UA4,TSRYS5802849,D,S,D,2024-05-29,1000000.00,4.690286,98.953125
08:00:52,912810UA4,TSRYS5802849,D,S,T,2024-05-29,1000000.00,4.674575,99.203125
08:00:52,912810UA4,TSRYS5802849,D,S,T,2024-05-29,1000000.00,4.674575,99.203125
08:00:52,912810UA4,TSRYS5802849,D,S,T,2024-05-29,2000000.00,4.674575,99.203125
08:00:52,912810UA4,TSRYS5802849,D,S,T,2024-05-29,1000000.00,4.674575,99.203125
08:00:52,912810UA4,TSRYS5802849,D,S,T,2024-05-29,1000000.00,4.68537,99.03125
08:00:52,912810UA4,TSRYS5802849,D,S,D,2024-05-29,1000000.00,4.674575,99.203125
08:00:52,912810UA4,TSRYS5802849,D,S,D,2024-05-29,3000000.00,4.674575,99.203125
08:00:52,912810UA4,TSRYS5802849,D,S,D,2024-05-29,1000000.00,4.674575,99.203125
08:00:52,912810UA4,TSRYS5802849,D,B,A,2024-05-29,4500000.00,4.683405,99.0625
08:00:52,912810UA4,TSRYS5802849,D,B,A,2024-05-29,1000000.00,4.682423,99.078125
08:00:53,912810UA4,TSRYS5802849,D,S,D,2024-05-29,1000000.00,4.690286,98.953125
08:00:53,912810UA4,TSRYS5802849,D,S,A,2024-05-29,300000.00,4.681932,99.0859375
08:00:53,912810UA4,TSRYS5802849,D,S,A,2024-05-29,50MM+,4.681196,99.09765625
08:00:54,912810UA4,TSRYS5802849,D,S,T,2024-05-29,1000000.00,4.679479,99.125
08:00:54,912810UA4,TSRYS5802849,D,S,T,2024-05-29,1000000.00,4.679479,99.125
08:00:54,912810UA4,TSRYS5802849,D,S,D,2024-05-29,1000000.00,4.679479,99.125
08:00:54,912810UA4,TSRYS5802849,D,S,D,2024-05-29,1000000.00,4.679479,99.125
08:00:54,912810UA4,TSRYS5802849,D,S,T,2024-05-29,1000000.00,4.679479,99.125
08:00:54,912810UA4,TSRYS5802849,D,S,T,2024-05-29,1000000.00,4.679479,99.125
08:00:54,912810UA4,TSRYS5802849,D,S,D,2024-05-29,1000000.00,4.679479,99.125
08:00:54,912810UA4,TSRYS5802849,D,S,T,2024-05-29,1000000.00,4.679479,99.125
08:00:54,912810UA4,TSRYS5802849,D,S,D,2024-05-29,1000000.00,4.687336,99.0
08:00:54,912810UA4,TSRYS5802849,D,S,T,2024-05-29,1000000.00,4.679479,99.125
08:00:54,912810UA4,TSRYS5802849,D,S,D,2024-05-29,1000000.00,4.679479,99.125
08:00:54,912810UA4,TSRYS5802849,D,S,T,2024-05-29,2000000.00,4.679479,99.125
08:00:54,912810UA4,TSRYS5802849,D,S,D,2024-05-29,1000000.00,4.679479,99.125
08:00:54,912810UA4,TSRYS5802849,D,S,D,2024-05-29,1000000.00,4.679479,99.125
08:00:54,912810UA4,TSRYS5802849,D,S,T,2024-05-29,1000000.00,4.679479,99.125
08:00:54,912810UA4,TSRYS5802849,D,S,D,2024-05-29,1000000.00,4.679479,99.125
08:00:54,912810UA4,TSRYS5802849,D,S,T,2024-05-29,1000000.00,4.679479,99.125
08:00:54,912810UA4,TSRYS5802849,D,S,D,2024-05-29,1000000.00,4.679479,99.125
08:00:54,912810UA4,TSRYS5802849,D,S,D,2024-05-29,1000000.00,4.679479,99.125
08:00:54,912810UA4,TSRYS5802849,D,S,T,2024-05-29,1000000.00,4.679479,99.125
08:00:54,912810UA4,TSRYS5802849,D,S,D,2024-05-29,1000000.00,4.679479,99.125
08:00:54,912810UA4,TSRYS5802849,D,S,T,2024-05-29,1000000.00,4.679479,99.125
08:00:54,912810UA4,TSRYS5802849,D,S,D,2024-05-29,1000000.00,4.679479,99.125
08:00:54,912810UA4,TSRYS5802849,D,S,D,2024-05-29,1000000.00,4.679479,99.125
08:00:54,912810UA4,TSRYS5802849,D,S,T,2024-05-29,1000000.00,4.679479,99.125
08:00:54,912810UA4,TSRYS5802849,D,S,D,2024-05-29,1000000.00,4.679479,99.125
08:00:55,912810UA4,TSRYS5802849,D,B,A,2024-05-29,29000000.00,4.681442,99.09375
08:00:56,912810UA4,TSRYS5802849,D,S,A,2024-05-29,1186000.00,4.680951,99.1015625
08:00:56,912810UA4,TSRYS5802849,D,B,C,2024-05-29,3400000.00,4.685874,99.0232375
08:00:56,912810UA4,TSRYS5802849,D,S,T,2024-05-29,1000000.00,4.687336,99.0
08:00:57,912810UA4,TSRYS5802849,D,S,D,2024-05-29,10000000.00,4.687594,98.99589375
08:00:57,912810UA4,TSRYS5802849,D,S,D,2024-05-29,5300000.00,4.686365,99.015425
08:00:57,912810UA4,TSRYS5802849,D,S,D,2024-05-29,1000000.00,4.689794,98.9609375
08:00:57,912810UA4,TSRYS5802849,D,S,D,2024-05-29,1000000.00,4.689794,98.9609375
08:00:57,912810UA4,TSRYS5802849,D,S,T,2024-05-29,1000000.00,4.686353,99.015625
08:00:57,912810UA4,TSRYS5802849,D,S,T,2024-05-29,1000000.00,4.686353,99.015625
08:00:57,912810UA4,TSRYS5802849,D,S,T,2024-05-29,1000000.00,4.686353,99.015625
08:00:57,912810UA4,TSRYS5802849,D,S,T,2024-05-29,4000000.00,4.686353,99.015625
08:00:58,912810UA4,TSRYS5802849,D,S,D,2024-05-29,1000000.00,4.688073,98.98828125
08:00:59,912810UA4,TSRYS5802849,D,S,D,2024-05-29,1000000.00,4.69004,98.95703125
08:00:59,912810UA4,TSRYS5802849,D,S,D,2024-05-29,1000000.00,4.679479,99.125
08:00:59,912810UA4,TSRYS5802849,D,S,D,2024-05-29,1000000.00,4.679479,99.125
08:00:59,912810UA4,TSRYS5802849,D,B,C,2024-05-29,15300000.00,4.681687,99.08984375
08:00:59,912810UA4,TSRYS5802849,D,S,D,2024-05-29,15300000.00,4.681687,99.08984375
08:00:59,912810UA4,TSRYS5802849,D,S,D,2024-05-29,2000000.00,4.679479,99.125
08:01:00,912810UA4,TSRYS5802849,D,S,D,2024-05-29,2000000.00,4.655017,99.515625
08:01:00,912810UA4,TSRYS5802849,D,S,D,2024-05-29,1000000.00,4.655017,99.515625
08:01:00,912810UA4,TSRYS5802849,D,S,D,2024-05-29,1000000.00,4.655017,99.515625
08:01:00,912810UA4,TSRYS5802849,D,S,C,2024-05-29,1000000.00,4.656237,99.49609375
08:01:00,912810UA4,TSRYS5802849,D,S,D,2024-05-29,1000000.00,4.655017,99.515625
08:01:00,912810UA4,TSRYS5802849,D,S,D,2024-05-29,1000000.00,4.658434,99.4609375
08:01:00,912810UA4,TSRYS5802849,D,S,D,2024-05-29,1000000.00,4.655017,99.515625
08:01:00,912810UA4,TSRYS5802849,D,S,D,2024-05-29,1000000.00,4.655017,99.515625
08:01:00,912810UA4,TSRYS5802849,D,S,D,2024-05-29,1000000.00,4.683405,99.0625
08:01:00,912810UA4,TSRYS5802849,D,S,D,2024-05-29,2000000.00,4.655017,99.515625
08:01:00,912810UA4,TSRYS5802849,D,S,D,2024-05-29,1000000.00,4.682423,99.078125
08:01:00,912810UA4,TSRYS5802849,D,S,D,2024-05-29,1000000.00,4.682423,99.078125
08:01:00,912810UA4,TSRYS5802849,D,S,D,2024-05-29,1000000.00,4.655505,99.5078125
08:01:00,912810UA4,TSRYS5802849,D,S,D,2024-05-29,1000000.00,4.655505,99.5078125
08:01:00,912810UA4,TSRYS5802849,D,B,C,2024-05-29,1000000.00,4.670901,99.26171875
08:01:00,912810UA4,TSRYS5802849,D,S,D,2024-05-29,2000000.00,4.677026,99.1640625
08:01:00,912810UA4,TSRYS5802849,D,S,C,2024-05-29,1000000.00,4.668209,99.3046875
08:01:00,912810UA4,TSRYS5802849,D,S,D,2024-05-29,1000000.00,4.655505,99.5078125
08:01:00,912810UA4,TSRYS5802849,D,S,C,2024-05-29,1000000.00,4.670901,99.26171875
08:01:00,912810UA4,TSRYS5802849,D,S,D,2024-05-29,1000000.00,4.682423,99.078125
08:01:00,912810UA4,TSRYS5802849,D,S,C,2024-05-29,1000000.00,4.678007,99.1484375
08:01:00,912810UA4,TSRYS5802849,D,S,T,2024-05-29,1000000.00,4.676781,99.16796875
08:01:00,912810UA4,TSRYS5802849,D,S,D,2024-05-29,1000000.00,4.682423,99.078125
08:01:00,912810UA4,TSRYS5802849,D,S,T,2024-05-29,1000000.00,4.676658,99.169921875
08:01:00,912810UA4,TSRYS5802849,D,S,D,2024-05-29,1000000.00,4.669677,99.28125
08:01:00,912810UA4,TSRYS5802849,D,S,D,2024-05-29,1000000.00,4.679479,99.125
08:01:00,912810UA4,TSRYS5802849,D,S,C,2024-05-29,1000000.00,4.678497,99.140625
08:01:00,912810UA4,TSRYS5802849,D,S,D,2024-05-29,1000000.00,4.679479,99.125
08:01:00,912810UA4,TSRYS5802849,D,S,C,2024-05-29,1000000.00,4.678007,99.1484375
08:01:00,912810UA4,TSRYS5802849,D,B,C,2024-05-29,1000000.00,4.676291,99.17578125
08:01:00,912810UA4,TSRYS5802849,D,S,C,2024-05-29,1000000.00,4.676291,99.17578125
08:01:00,912810UA4,TSRYS5802849,D,B,C,2024-05-29,1000000.00,4.678007,99.1484375
08:01:00,912810UA4,TSRYS5802849,D,B,C,2024-05-29,1000000.00,4.677271,99.16015625
08:01:00,912810UA4,TSRYS5802849,D,B,C,2024-05-29,1000000.00,4.678007,99.1484375
08:01:00,912810UA4,TSRYS5802849,D,B,A,2024-05-29,5000000.00,4.678252,99.14453125
08:01:00,912810UA4,TSRYS5802849,D,S,D,2024-05-29,1000000.00,4.677271,99.16015625
08:01:00,912810UA4,TSRYS5802849,D,S,T,2024-05-29,1000000.00,4.678865,99.134765625
08:01:00,912810UA4,TSRYS5802849,D,S,D,2024-05-29,1000000.00,4.677026,99.1640625
08:01:00,912810UA4,TSRYS5802849,D,S,D,2024-05-29,1000000.00,4.678743,99.13671875
08:01:00,912810UA4,TSRYS5802849,D,S,D,2024-05-29,1000000.00,4.675065,99.1953125
08:01:00,912810UA4,TSRYS5802849,D,S,T,2024-05-29,1000000.00,4.677639,99.154296875
08:01:00,912810UA4,TSRYS5802849,D,S,C,2024-05-29,1000000.00,4.675555,99.1875
08:01:00,912810UA4,TSRYS5802849,D,S,C,2024-05-29,1000000.00,4.678007,99.1484375
08:01:00,912810UA4,TSRYS5802849,D,B,C,2024-05-29,1000000.00,4.675065,99.1953125
08:01:00,912810UA4,TSRYS5802849,D,B,C,2024-05-29,1000000.00,4.673595,99.21875
08:01:00,912810UA4,TSRYS5802849,D,B,C,2024-05-29,1000000.00,4.672615,99.234375
08:01:00,912810UA4,TSRYS5802849,D,B,C,2024-05-29,1000000.00,4.672615,99.234375
08:01:00,912810UA4,TSRYS5802849,D,S,D,2024-05-29,1000000.00,4.673595,99.21875
08:01:00,912810UA4,TSRYS5802849,D,B,C,2024-05-29,1000000.00,4.678497,99.140625
08:01:00,912810UA4,TSRYS5802849,D,S,C,2024-05-29,1000000.00,4.672615,99.234375
08:01:00,912810UA4,TSRYS5802849,D,B,C,2024-05-29,1000000.00,4.672615,99.234375
08:01:00,912810UA4,TSRYS5802849,D,S,C,2024-05-29,1000000.00,4.672615,99.234375
08:01:00,912810UA4,TSRYS5802849,D,S,D,2024-05-29,1000000.00,4.672615,99.234375
08:01:00,912810UA4,TSRYS5802849,D,S,C,2024-05-29,1000000.00,4.676781,99.16796875
08:01:00,912810UA4,TSRYS5802849,D,S,D,2024-05-29,1000000.00,4.679479,99.125
08:01:00,912810UA4,TSRYS5802849,D,S,D,2024-05-29,1000000.00,4.672615,99.234375
08:01:00,912810UA4,TSRYS5802849,D,S,D,2024-05-29,1000000.00,4.679479,99.125
08:01:00,912810UA4,TSRYS5802849,D,S,D,2024-05-29,1000000.00,4.676291,99.17578125
08:01:00,912810UA4,TSRYS5802849,D,S,D,2024-05-29,1000000.00,4.687336,99.0
08:01:00,912810UA4,TSRYS5802849,D,S,D,2024-05-29,1000000.00,4.679479,99.125
08:01:00,912810UA4,TSRYS5802849,D,B,C,2024-05-29,1000000.00,4.676781,99.16796875
08:01:00,912810UA4,TSRYS5802849,D,B,C,2024-05-29,1000000.00,4.672615,99.234375
08:01:00,912810UA4,TSRYS5802849,D,S,D,2024-05-29,1000000.00,4.675065,99.1953125
08:01:00,912810UA4,TSRYS5802849,D,B,C,2024-05-29,1000000.00,4.676291,99.17578125
08:01:00,912810UA4,TSRYS5802849,D,B,C,2024-05-29,1000000.00,4.67482,99.19921875
08:01:00,912810UA4,TSRYS5802849,D,S,D,2024-05-29,1000000.00,4.671636,99.25
08:01:00,912810UA4,TSRYS5802849,D,S,D,2024-05-29,1000000.00,4.67482,99.19921875
08:01:00,912810UA4,TSRYS5802849,D,S,D,2024-05-29,1000000.00,4.673595,99.21875
08:01:00,912810UA4,TSRYS5802849,D,S,D,2024-05-29,1000000.00,4.676536,99.171875
08:01:00,912810UA4,TSRYS5802849,D,B,C,2024-05-29,1000000.00,4.674575,99.203125
08:01:00,912810UA4,TSRYS5802849,D,S,C,2024-05-29,1000000.00,4.674575,99.203125
08:01:00,912810UA4,TSRYS5802849,D,B,C,2024-05-29,1000000.00,4.670901,99.26171875
08:01:00,912810UA4,TSRYS5802849,D,B,C,2024-05-29,1000000.00,4.676536,99.171875
08:01:00,912810UA4,TSRYS5802849,D,S,C,2024-05-29,1000000.00,4.670657,99.265625
08:01:00,912810UA4,TSRYS5802849,D,B,C,2024-05-29,1000000.00,4.672371,99.23828125
08:01:00,912810UA4,TSRYS5802849,D,S,D,2024-05-29,1000000.00,4.670901,99.26171875
08:01:00,912810UA4,TSRYS5802849,D,S,D,2024-05-29,1000000.00,4.67482,99.19921875
08:01:01,912810UA4,TSRYS5802849,D,S,C,2024-05-29,1000000.00,4.671146,99.2578125
08:01:01,912810UA4,TSRYS5802849,D,S,C,2024-05-29,1000000.00,4.672126,99.2421875
08:01:01,912810UA4,TSRYS5802849,D,S,C,2024-05-29,1000000.00,4.670167,99.2734375
08:01:01,912810UA4,TSRYS5802849,D,S,D,2024-05-29,1000000.00,4.673595,99.21875
08:01:01,912810UA4,TSRYS5802849,D,B,C,2024-05-29,1000000.00,4.672615,99.234375
08:01:01,912810UA4,TSRYS5802849,D,S,C,2024-05-29,1000000.00,4.672615,99.234375
08:01:01,912810UA4,TSRYS5802849,D,B,C,2024-05-29,1000000.00,4.672615,99.234375
08:01:01,912810UA4,TSRYS5802849,D,S,D,2024-05-29,1000000.00,4.674575,99.203125
08:01:01,912810UA4,TSRYS5802849,D,B,C,2024-05-29,1000000.00,4.670657,99.265625
08:01:01,912810UA4,TSRYS5802849,D,S,C,2024-05-29,1000000.00,4.672371,99.23828125
08:01:01,912810UA4,TSRYS5802849,D,S,C,2024-05-29,1000000.00,4.672615,99.234375
08:01:01,912810UA4,TSRYS5802849,D,B,C,2024-05-29,1000000.00,4.674575,99.203125
08:01:01,912810UA4,TSRYS5802849,D,S,A,2024-05-29,15100000.00,4.682669,99.07421875
08:01:01,912810UA4,TSRYS5802849,D,S,C,2024-05-29,1000000.00,4.67531,99.19140625
08:01:01,912810UA4,TSRYS5802849,D,S,D,2024-05-29,1000000.00,4.672371,99.23828125
08:01:01,912810UA4,TSRYS5802849,D,S,C,2024-05-29,1000000.00,4.675065,99.1953125
08:01:01,912810UA4,TSRYS5802849,D,S,D,2024-05-29,1000000.00,4.67482,99.19921875
08:01:01,912810UA4,TSRYS5802849,D,B,C,2024-05-29,1000000.00,4.67482,99.19921875
08:01:01,912810UA4,TSRYS5802849,D,B,C,2024-05-29,1000000.00,4.677271,99.16015625
08:01:01,912810UA4,TSRYS5802849,D,S,D,2024-05-29,1000000.00,4.679479,99.125
08:01:01,912810UA4,TSRYS5802849,D,B,C,2024-05-29,1000000.00,4.677271,99.16015625
08:01:01,912810UA4,TSRYS5802849,D,S,D,2024-05-29,1000000.00,4.679479,99.125
08:01:01,912810UA4,TSRYS5802849,D,B,C,2024-05-29,1000000.00,4.672371,99.23828125
08:01:01,912810UA4,TSRYS5802849,D,B,C,2024-05-29,1000000.00,4.677271,99.16015625
08:01:01,912810UA4,TSRYS5802849,D,S,C,2024-05-29,2000000.00,4.678252,99.14453125
08:01:01,912810UA4,TSRYS5802849,D,B,C,2024-05-29,2000000.00,4.678252,99.14453125
08:01:01,912810UA4,TSRYS5802849,D,S,D,2024-05-29,1000000.00,4.677271,99.16015625
08:01:01,912810UA4,TSRYS5802849,D,S,C,2024-05-29,2000000.00,4.678252,99.14453125
08:01:01,912810UA4,TSRYS5802849,D,S,C,2024-05-29,1000000.00,4.67531,99.19140625
08:01:01,912810UA4,TSRYS5802849,D,S,D,2024-05-29,1000000.00,4.681932,99.0859375
08:01:01,912810UA4,TSRYS5802849,D,S,C,2024-05-29,1000000.00,4.677271,99.16015625
08:01:01,912810UA4,TSRYS5802849,D,S,T,2024-05-29,1000000.00,4.691154,98.939328125
08:01:01,912810UA4,TSRYS5802849,D,S,D,2024-05-29,1000000.00,4.683405,99.0625
08:01:01,912810UA4,TSRYS5802849,D,S,T,2024-05-29,1000000.00,4.691154,98.939328125
08:01:01,912810UA4,TSRYS5802849,D,S,D,2024-05-29,1000000.00,4.677271,99.16015625
08:01:01,912810UA4,TSRYS5802849,D,S,D,2024-05-29,1000000.00,4.683405,99.0625
08:01:01,912810UA4,TSRYS5802849,D,B,C,2024-05-29,1000000.00,4.683405,99.0625
08:01:01,912810UA4,TSRYS5802849,D,B,C,2024-05-29,2000000.00,4.678252,99.14453125
08:01:01,912810UA4,TSRYS5802849,D,B,C,2024-05-29,2000000.00,4.682178,99.08203125
08:01:01,912810UA4,TSRYS5802849,D,B,C,2024-05-29,1000000.00,4.683405,99.0625
08:01:01,912810UA4,TSRYS5802849,D,S,D,2024-05-29,2000000.00,4.682178,99.08203125
08:01:01,912810UA4,TSRYS5802849,D,B,C,2024-05-29,2000000.00,4.677271,99.16015625
08:01:01,912810UA4,TSRYS5802849,D,S,C,2024-05-29,2000000.00,4.677271,99.16015625
08:01:01,912810UA4,TSRYS5802849,D,S,C,2024-05-29,2000000.00,4.682423,99.078125
08:01:01,912810UA4,TSRYS5802849,D,B,C,2024-05-29,2000000.00,4.682423,99.078125
08:01:01,912810UA4,TSRYS5802849,D,S,D,2024-05-29,1000000.00,4.682178,99.08203125
08:01:01,912810UA4,TSRYS5802849,D,S,T,2024-05-29,1000000.00,4.692261,98.92175
08:01:01,912810UA4,TSRYS5802849,D,S,T,2024-05-29,1000000.00,4.692254,98.921875
08:01:01,912810UA4,TSRYS5802849,D,B,C,2024-05-29,1000000.00,4.682178,99.08203125
08:01:01,912810UA4,TSRYS5802849,D,B,C,2024-05-29,2000000.00,4.682178,99.08203125
08:01:01,912810UA4,TSRYS5802849,D,S,C,2024-05-29,2000000.00,4.682178,99.08203125
08:01:01,912810UA4,TSRYS5802849,D,S,C,2024-05-29,1000000.00,4.682669,99.07421875
08:01:01,912810UA4,TSRYS5802849,D,B,C,2024-05-29,1000000.00,4.682669,99.07421875
08:01:01,912810UA4,TSRYS5802849,D,S,C,2024-05-29,1000000.00,4.680705,99.10546875
08:01:01,912810UA4,TSRYS5802849,D,S,C,2024-05-29,1000000.00,4.680705,99.10546875
08:01:01,912810UA4,TSRYS5802849,D,B,C,2024-05-29,1000000.00,4.680705,99.10546875
08:01:01,912810UA4,TSRYS5802849,D,S,C,2024-05-29,1000000.00,4.680705,99.10546875
08:01:01,912810UA4,TSRYS5802849,D,S,C,2024-05-29,1000000.00,4.680705,99.10546875
08:01:01,912810UA4,TSRYS5802849,D,S,C,2024-05-29,1000000.00,4.68046,99.109375
08:01:01,912810UA4,TSRYS5802849,D,S,D,2024-05-29,1000000.00,4.681932,99.0859375
08:01:01,912810UA4,TSRYS5802849,D,B,C,2024-05-29,1000000.00,4.681932,99.0859375
08:01:01,912810UA4,TSRYS5802849,D,S,T,2024-05-29,1000000.00,4.679479,99.125
08:01:01,912810UA4,TSRYS5802849,D,S,D,2024-05-29,1000000.00,4.682178,99.08203125
08:01:01,912810UA4,TSRYS5802849,D,S,T,2024-05-29,1000000.00,4.679479,99.125
08:01:01,912810UA4,TSRYS5802849,D,B,C,2024-05-29,1000000.00,4.682178,99.08203125
08:01:01,912810UA4,TSRYS5802849,D,B,C,2024-05-29,2000000.00,4.682178,99.08203125
08:01:01,912810UA4,TSRYS5802849,D,S,C,2024-05-29,2000000.00,4.682178,99.08203125
08:01:01,912810UA4,TSRYS5802849,D,S,A,2024-05-29,1000000.00,4.678497,99.140625
08:01:01,912810UA4,TSRYS5802849,D,S,D,2024-05-29,1000000.00,4.683651,99.05859375
08:01:01,912810UA4,TSRYS5802849,D,S,C,2024-05-29,1000000.00,4.678497,99.140625
08:01:01,912810UA4,TSRYS5802849,D,S,C,2024-05-29,1000000.00,4.678252,99.14453125
08:01:01,912810UA4,TSRYS5802849,D,B,C,2024-05-29,1000000.00,4.680215,99.11328125
08:01:01,912810UA4,TSRYS5802849,D,S,A,2024-05-29,9900000.00,4.690778,98.9453125
08:01:01,912810UA4,TSRYS5802849,D,B,C,2024-05-29,1000000.00,4.680951,99.1015625
08:01:01,912810UA4,TSRYS5802849,D,S,C,2024-05-29,1000000.00,4.680215,99.11328125
08:01:01,912810UA4,TSRYS5802849,D,S,D,2024-05-29,1000000.00,4.680951,99.1015625
08:01:01,912810UA4,TSRYS5802849,D,B,C,2024-05-29,1000000.00,4.678252,99.14453125
08:01:01,912810UA4,TSRYS5802849,D,S,D,2024-05-29,1000000.00,4.680951,99.1015625
08:01:01,912810UA4,TSRYS5802849,D,S,D,2024-05-29,1000000.00,4.680951,99.1015625
08:01:01,912810UA4,TSRYS5802849,D,S,D,2024-05-29,1000000.00,4.680951,99.1015625
08:01:01,912810UA4,TSRYS5802849,D,B,C,2024-05-29,1000000.00,4.680951,99.1015625
08:01:01,912810UA4,TSRYS5802849,D,B,C,2024-05-29,2000000.00,4.68046,99.109375
08:01:01,912810UA4,TSRYS5802849,D,B,C,2024-05-29,1000000.00,4.680951,99.1015625
08:01:01,912810UA4,TSRYS5802849,D,S,D,2024-05-29,1000000.00,4.676781,99.16796875
08:01:01,912810UA4,TSRYS5802849,D,S,D,2024-05-29,2000000.00,4.68046,99.109375
08:01:01,912810UA4,TSRYS5802849,D,S,D,2024-05-29,1000000.00,4.680951,99.1015625
08:01:01,912810UA4,TSRYS5802849,D,S,D,2024-05-29,2000000.00,4.68046,99.109375
