tradeTime,cusip,issueSymbolIdentifier,priceType,reportingSideCode,contraPartyTypeCode,tradeDate,reportedTradeVolume,lastSaleYield,lastSalePrice
08:00:05,912810UA4,TSRYS5802849,D,S,D,2024-07-05,1000000.00,4.545818,101.28125
08:00:05,912810UA4,TSRYS5802849,D,S,T,2024-07-05,1000000.00,4.542603,101.333984375
08:00:05,912810UA4,TSRYS5802849,D,S,D,2024-07-05,1000000.00,4.542484,101.3359375
08:00:05,912810UA4,TSRYS5802849,D,S,T,2024-07-05,1000000.00,4.534875,101.4609375
08:00:05,912810UA4,TSRYS5802849,D,S,D,2024-07-05,1000000.00,4.531669,101.513671875
08:00:05,912810UA4,TSRYS5802849,D,S,D,2024-07-05,1000000.00,4.53345,101.484375
08:00:05,912810UA4,TSRYS5802849,D,S,D,2024-07-05,1000000.00,4.533687,101.48046875
08:00:05,912810UA4,TSRYS5802849,D,S,D,2024-07-05,1000000.00,4.53345,101.484375
08:00:05,912810UA4,TSRYS5802849,D,S,T,2024-07-05,1000000.00,4.530008,101.541015625
08:00:05,912810UA4,TSRYS5802849,D,S,T,2024-07-05,1000000.00,4.531669,101.513671875
08:00:05,912810UA4,TSRYS5802849,D,S,T,2024-07-05,1000000.00,4.53155,101.515625
08:00:05,912810UA4,TSRYS5802849,D,S,T,2024-07-05,1000000.00,4.523961,101.640625
08:00:05,912810UA4,TSRYS5802849,D,S,T,2024-07-05,1000000.00,4.522065,101.671875
08:00:05,912810UA4,TSRYS5802849,D,S,T,2024-07-05,1000000.00,4.527517,101.58203125
08:00:05,912810UA4,TSRYS5802849,D,S,T,2024-07-05,1000000.00,4.527279,101.5859375
08:00:05,912810UA4,TSRYS5802849,D,S,D,2024-07-05,1000000.00,4.534162,101.47265625
08:00:05,912810UA4,TSRYS5802849,D,S,D,2024-07-05,1000000.00,4.534162,101.47265625
08:00:05,912810UA4,TSRYS5802849,D,S,D,2024-07-05,1000000.00,4.534638,101.46484375
08:00:05,912810UA4,TSRYS5802849,D,S,D,2024-07-05,1000000.00,4.534638,101.46484375
08:00:05,912810UA4,TSRYS5802849,D,S,D,2024-07-05,1000000.00,4.534519,101.466796875
08:00:05,912810UA4,TSRYS5802849,D,S,D,2024-07-05,1000000.00,4.518514,101.73046875
08:00:05,912810UA4,TSRYS5802849,D,S,D,2024-07-05,1000000.00,4.518514,101.73046875
08:00:05,912810UA4,TSRYS5802849,D,S,T,2024-07-05,1000000.00,4.522065,101.671875
08:00:05,912810UA4,TSRYS5802849,D,S,T,2024-07-05,1000000.00,4.519224,101.71875
08:00:05,912810UA4,TSRYS5802849,D,S,D,2024-07-05,1000000.00,4.521828,101.67578125
08:00:05,912810UA4,TSRYS5802849,D,S,D,2024-07-05,1000000.00,4.521473,101.681640625
08:00:05,912810UA4,TSRYS5802849,D,S,D,2024-07-05,1000000.00,4.521236,101.685546875
08:00:05,912810UA4,TSRYS5802849,D,S,T,2024-07-05,1000000.00,4.520289,101.701171875
08:00:05,912810UA4,TSRYS5802849,D,S,D,2024-07-05,1000000.00,4.522184,101.669921875
08:00:05,912810UA4,TSRYS5802849,D,S,T,2024-07-05,1000000.00,4.522184,101.669921875
08:00:09,912810UA4,TSRYS5802849,D,S,D,2024-07-05,1000000.00,4.515674,101.77734375
08:00:09,912810UA4,TSRYS5802849,D,S,D,2024-07-05,1000000.00,4.515674,101.77734375
08:00:09,912810UA4,TSRYS5802849,D,S,T,2024-07-05,1000000.00,4.511774,101.841796875
08:00:09,912810UA4,TSRYS5802849,D,S,D,2024-07-05,1000000.00,4.514847,101.791015625
08:00:09,912810UA4,TSRYS5802849,D,S,T,2024-07-05,1000000.00,4.514729,101.79296875
08:00:09,912810UA4,TSRYS5802849,D,S,T,2024-07-05,1000000.00,4.510592,101.861328125
08:00:09,912810UA4,TSRYS5802849,D,S,T,2024-07-05,1000000.00,4.510592,101.861328125
08:00:09,912810UA4,TSRYS5802849,D,S,D,2024-07-05,1000000.00,4.506224,101.93359375
08:00:09,912810UA4,TSRYS5802849,D,S,D,2024-07-05,1000000.00,4.506224,101.93359375
08:00:09,912810UA4,TSRYS5802849,D,S,T,2024-07-05,1000000.00,4.510711,101.859375
08:00:09,912810UA4,TSRYS5802849,D,S,D,2024-07-05,1000000.00,4.511892,101.83984375
08:00:09,912810UA4,TSRYS5802849,D,S,T,2024-07-05,1000000.00,4.509057,101.88671875
08:00:09,912810UA4,TSRYS5802849,D,S,D,2024-07-05,1000000.00,4.509411,101.880859375
08:00:09,912810UA4,TSRYS5802849,D,S,D,2024-07-05,1000000.00,4.509411,101.880859375
08:00:09,912810UA4,TSRYS5802849,D,S,D,2024-07-05,1000000.00,4.514137,101.802734375
08:00:09,912810UA4,TSRYS5802849,D,S,D,2024-07-05,1000000.00,4.514137,101.802734375
08:00:09,912810UA4,TSRYS5802849,D,S,D,2024-07-05,1000000.00,4.514137,101.802734375
08:00:09,912810UA4,TSRYS5802849,D,S,D,2024-07-05,1000000.00,4.512128,101.8359375
08:00:09,912810UA4,TSRYS5802849,D,S,D,2024-07-05,1000000.00,4.512128,101.8359375
08:00:09,912810UA4,TSRYS5802849,D,S,D,2024-07-05,1000000.00,4.512128,101.8359375
08:00:09,912810UA4,TSRYS5802849,D,S,D,2024-07-05,1000000.00,4.510711,101.859375
08:00:09,912810UA4,TSRYS5802849,D,S,D,2024-07-05,1000000.00,4.510474,101.86328125
08:00:09,912810UA4,TSRYS5802849,D,S,T,2024-07-05,1000000.00,4.510002,101.87109375
08:00:09,912810UA4,TSRYS5802849,D,S,D,2024-07-05,1000000.00,4.510002,101.87109375
08:00:09,912810UA4,TSRYS5802849,D,S,T,2024-07-05,1000000.00,4.510002,101.87109375
08:00:09,912810UA4,TSRYS5802849,D,S,D,2024-07-05,1000000.00,4.510002,101.87109375
08:00:09,912810UA4,TSRYS5802849,D,S,D,2024-07-05,1000000.00,4.510002,101.87109375
08:00:09,912810UA4,TSRYS5802849,D,S,D,2024-07-05,1000000.00,4.510002,101.87109375
08:00:09,912810UA4,TSRYS5802849,D,S,T,2024-07-05,1000000.00,4.510002,101.87109375
08:00:09,912810UA4,TSRYS5802849,D,S,D,2024-07-05,1000000.00,4.507522,101.912109375
08:00:09,912810UA4,TSRYS5802849,D,S,D,2024-07-05,6000000.00,4.525383,101.6171875
08:00:09,912810UA4,TSRYS5802849,D,S,D,2024-07-05,1000000.00,4.512365,101.83203125
08:00:09,912810UA4,TSRYS5802849,D,S,D,2024-07-05,1000000.00,4.512246,101.833984375
08:00:09,912810UA4,TSRYS5802849,D,S,D,2024-07-05,1000000.00,4.512483,101.830078125
08:00:09,912810UA4,TSRYS5802849,D,S,D,2024-07-05,1000000.00,4.512128,101.8359375
08:00:09,912810UA4,TSRYS5802849,D,S,D,2024-07-05,1000000.00,4.512246,101.833984375
08:00:09,912810UA4,TSRYS5802849,D,S,D,2024-07-05,1000000.00,4.512128,101.8359375
08:00:09,912810UA4,TSRYS5802849,D,S,D,2024-07-05,1000000.00,4.51201,101.837890625
08:00:09,912810UA4,TSRYS5802849,D,S,D,2024-07-05,7000000.00,4.512128,101.8359375
08:00:09,912810UA4,TSRYS5802849,D,S,D,2024-07-05,1000000.00,4.512601,101.828125
08:00:09,912810UA4,TSRYS5802849,D,S,D,2024-07-05,1000000.00,4.512601,101.828125
08:00:09,912810UA4,TSRYS5802849,D,S,D,2024-07-05,1000000.00,4.512601,101.828125
08:00:09,912810UA4,TSRYS5802849,D,S,D,2024-07-05,1000000.00,4.512601,101.828125
08:00:09,912810UA4,TSRYS5802849,D,S,D,2024-07-05,1000000.00,4.512601,101.828125
08:00:09,912810UA4,TSRYS5802849,D,S,D,2024-07-05,1000000.00,4.512601,101.828125
08:00:09,912810UA4,TSRYS5802849,D,S,D,2024-07-05,1000000.00,4.512601,101.828125
08:00:09,912810UA4,TSRYS5802849,D,S,D,2024-07-05,1000000.00,4.511656,101.84375
08:00:09,912810UA4,TSRYS5802849,D,S,D,2024-07-05,1000000.00,4.511656,101.84375
08:00:09,912810UA4,TSRYS5802849,D,S,D,2024-07-05,2000000.00,4.511656,101.84375
08:00:09,912810UA4,TSRYS5802849,D,S,D,2024-07-05,2000000.00,4.511656,101.84375
08:00:09,912810UA4,TSRYS5802849,D,S,D,2024-07-05,1000000.00,4.511656,101.84375
08:00:09,912810UA4,TSRYS5802849,D,S,D,2024-07-05,2000000.00,4.511656,101.84375
08:00:09,912810UA4,TSRYS5802849,D,S,D,2024-07-05,1000000.00,4.511656,101.84375
08:00:09,912810UA4,TSRYS5802849,D,S,D,2024-07-05,1000000.00,4.511656,101.84375
08:00:09,912810UA4,TSRYS5802849,D,S,D,2024-07-05,1000000.00,4.511656,101.84375
08:00:09,912810UA4,TSRYS5802849,D,S,D,2024-07-05,1000000.00,4.511656,101.84375
08:00:09,912810UA4,TSRYS5802849,D,S,D,2024-07-05,1000000.00,4.511656,101.84375
08:00:09,912810UA4,TSRYS5802849,D,S,D,2024-07-05,1000000.00,4.510711,101.859375
08:00:09,912810UA4,TSRYS5802849,D,S,D,2024-07-05,2000000.00,4.510711,101.859375
08:00:09,912810UA4,TSRYS5802849,D,S,D,2024-07-05,1000000.00,4.510711,101.859375
08:00:09,912810UA4,TSRYS5802849,D,S,D,2024-07-05,1000000.00,4.510711,101.859375
08:00:09,912810UA4,TSRYS5802849,D,S,D,2024-07-05,2000000.00,4.510711,101.859375
08:00:09,912810UA4,TSRYS5802849,D,S,D,2024-07-05,7000000.00,4.511065,101.853515625
08:00:09,912810UA4,TSRYS5802849,D,S,D,2024-07-05,7000000.00,4.511065,101.853515625
08:00:09,912810UA4,TSRYS5802849,D,S,D,2024-07-05,7000000.00,4.511065,101.853515625
08:00:09,912810UA4,TSRYS5802849,D,S,D,2024-07-05,1000000.00,4.51201,101.837890625
08:00:09,912810UA4,TSRYS5802849,D,S,D,2024-07-05,1000000.00,4.512128,101.8359375
08:00:09,912810UA4,TSRYS5802849,D,S,D,2024-07-05,1000000.00,4.51201,101.837890625
08:00:09,912810UA4,TSRYS5802849,D,S,D,2024-07-05,1000000.00,4.512601,101.828125
08:00:09,912810UA4,TSRYS5802849,D,S,D,2024-07-05,1000000.00,4.511892,101.83984375
08:00:09,912810UA4,TSRYS5802849,D,S,D,2024-07-05,1000000.00,4.511774,101.841796875
08:00:09,912810UA4,TSRYS5802849,D,S,D,2024-07-05,1000000.00,4.512601,101.828125
08:00:09,912810UA4,TSRYS5802849,D,S,D,2024-07-05,1000000.00,4.512128,101.8359375
08:00:09,912810UA4,TSRYS5802849,D,S,D,2024-07-05,1000000.00,4.512483,101.830078125
08:00:09,912810UA4,TSRYS5802849,D,S,D,2024-07-05,1000000.00,4.512601,101.828125
08:00:09,912810UA4,TSRYS5802849,D,S,D,2024-07-05,1000000.00,4.512128,101.8359375
08:00:09,912810UA4,TSRYS5802849,D,S,D,2024-07-05,1000000.00,4.513546,101.8125
08:00:09,912810UA4,TSRYS5802849,D,S,D,2024-07-05,1000000.00,4.512246,101.833984375
08:00:09,912810UA4,TSRYS5802849,D,S,D,2024-07-05,1000000.00,4.512719,101.826171875
08:00:09,912810UA4,TSRYS5802849,D,S,D,2024-07-05,1000000.00,4.512365,101.83203125
08:00:09,912810UA4,TSRYS5802849,D,S,D,2024-07-05,1000000.00,4.512719,101.826171875
08:00:09,912810UA4,TSRYS5802849,D,S,D,2024-07-05,1000000.00,4.512246,101.833984375
08:00:09,912810UA4,TSRYS5802849,D,S,D,2024-07-05,1000000.00,4.512601,101.828125
08:00:09,912810UA4,TSRYS5802849,D,S,D,2024-07-05,1000000.00,4.513546,101.8125
08:00:09,912810UA4,TSRYS5802849,D,S,D,2024-07-05,1000000.00,4.513546,101.8125
08:00:09,912810UA4,TSRYS5802849,D,S,T,2024-07-05,1000000.00,4.53535,101.453125
08:00:09,912810UA4,TSRYS5802849,D,S,T,2024-07-05,1000000.00,4.5344,101.46875
08:00:10,912810UA4,TSRYS5802849,D,S,T,2024-07-05,1000000.00,4.544865,101.296875
08:00:10,912810UA4,TSRYS5802849,D,S,T,2024-07-05,1000000.00,4.544865,101.296875
08:00:10,912810UA4,TSRYS5802849,D,S,T,2024-07-05,1000000.00,4.543913,101.3125
08:00:10,912810UA4,TSRYS5802849,D,S,T,2024-07-05,1000000.00,4.543913,101.3125
08:00:10,912810UA4,TSRYS5802849,D,S,T,2024-07-05,1000000.00,4.543913,101.3125
08:00:10,912810UA4,TSRYS5802849,D,S,T,2024-07-05,1000000.00,4.543913,101.3125
08:00:10,912810UA4,TSRYS5802849,D,S,T,2024-07-05,1000000.00,4.543913,101.3125
08:00:10,912810UA4,TSRYS5802849,D,S,T,2024-07-05,1000000.00,4.543913,101.3125
08:00:11,912810UA4,TSRYS5802849,D,S,T,2024-07-05,1000000.00,4.543913,101.3125
08:00:11,912810UA4,TSRYS5802849,D,S,T,2024-07-05,1000000.00,4.543913,101.3125
08:00:11,912810UA4,TSRYS5802849,D,S,T,2024-07-05,1000000.00,4.543913,101.3125
08:00:11,912810UA4,TSRYS5802849,D,S,T,2024-07-05,1000000.00,4.542603,101.333984375
08:00:11,912810UA4,TSRYS5802849,D,S,T,2024-07-05,1000000.00,4.542603,101.333984375
08:00:11,912810UA4,TSRYS5802849,D,S,T,2024-07-05,1000000.00,4.542008,101.34375
08:00:11,912810UA4,TSRYS5802849,D,S,T,2024-07-05,1000000.00,4.542008,101.34375
08:00:11,912810UA4,TSRYS5802849,D,S,T,2024-07-05,1000000.00,4.54296,101.328125
08:00:11,912810UA4,TSRYS5802849,D,S,T,2024-07-05,1000000.00,4.542008,101.34375
08:00:11,912810UA4,TSRYS5802849,D,S,T,2024-07-05,1000000.00,4.541057,101.359375
08:00:11,912810UA4,TSRYS5802849,D,S,T,2024-07-05,1000000.00,4.541057,101.359375
08:00:11,912810UA4,TSRYS5802849,D,S,T,2024-07-05,1000000.00,4.541057,101.359375
08:00:11,912810UA4,TSRYS5802849,D,S,T,2024-07-05,1000000.00,4.537252,101.421875
08:00:11,912810UA4,TSRYS5802849,D,S,T,2024-07-05,1000000.00,4.537252,101.421875
08:00:11,912810UA4,TSRYS5802849,D,S,D,2024-07-05,1000000.00,4.53345,101.484375
08:00:11,912810UA4,TSRYS5802849,D,S,T,2024-07-05,1000000.00,4.5325,101.5
08:00:11,912810UA4,TSRYS5802849,D,S,T,2024-07-05,1000000.00,4.530126,101.5390625
08:00:11,912810UA4,TSRYS5802849,D,S,T,2024-07-05,1000000.00,4.529652,101.546875
08:00:11,912810UA4,TSRYS5802849,D,S,T,2024-07-05,1000000.00,4.528703,101.5625
08:00:11,912810UA4,TSRYS5802849,D,S,T,2024-07-05,1000000.00,4.53155,101.515625
08:00:11,912810UA4,TSRYS5802849,D,S,T,2024-07-05,1000000.00,4.529652,101.546875
08:00:11,912810UA4,TSRYS5802849,D,S,T,2024-07-05,1000000.00,4.5344,101.46875
08:00:11,912810UA4,TSRYS5802849,D,S,T,2024-07-05,1000000.00,4.53345,101.484375
08:00:11,912810UA4,TSRYS5802849,D,S,T,2024-07-05,1000000.00,4.529652,101.546875
08:00:11,912810UA4,TSRYS5802849,D,S,T,2024-07-05,1000000.00,4.52977,101.544921875
08:00:11,912810UA4,TSRYS5802849,D,S,T,2024-07-05,1000000.00,4.529889,101.54296875
08:00:11,912810UA4,TSRYS5802849,D,S,T,2024-07-05,1000000.00,4.529889,101.54296875
08:00:11,912810UA4,TSRYS5802849,D,S,T,2024-07-05,1000000.00,4.529889,101.54296875
08:00:11,912810UA4,TSRYS5802849,D,S,T,2024-07-05,1000000.00,4.52977,101.544921875
08:00:11,912810UA4,TSRYS5802849,D,S,T,2024-07-05,1000000.00,4.521118,101.6875
08:00:11,912810UA4,TSRYS5802849,D,S,T,2024-07-05,1000000.00,4.521118,101.6875
08:00:11,912810UA4,TSRYS5802849,D,S,T,2024-07-05,1000000.00,4.522065,101.671875
08:00:11,912810UA4,TSRYS5802849,D,S,T,2024-07-05,1000000.00,4.522065,101.671875
08:00:11,912810UA4,TSRYS5802849,D,S,T,2024-07-05,1000000.00,4.520171,101.703125
08:00:11,912810UA4,TSRYS5802849,D,S,T,2024-07-05,1000000.00,4.522065,101.671875
08:00:11,912810UA4,TSRYS5802849,D,S,D,2024-07-05,1000000.00,4.522065,101.671875
08:00:11,912810UA4,TSRYS5802849,D,S,T,2024-07-05,1000000.00,4.516029,101.771484375
08:00:11,912810UA4,TSRYS5802849,D,S,D,2024-07-05,1000000.00,4.513074,101.8203125
08:00:11,912810UA4,TSRYS5802849,D,S,T,2024-07-05,2000000.00,4.513546,101.8125
08:00:11,912810UA4,TSRYS5802849,D,S,T,2024-07-05,1000000.00,4.516029,101.771484375
08:00:11,912810UA4,TSRYS5802849,D,S,T,2024-07-05,1000000.00,4.514847,101.791015625
08:00:11,912810UA4,TSRYS5802849,D,S,T,2024-07-05,1000000.00,4.511656,101.84375
08:00:11,912810UA4,TSRYS5802849,D,S,T,2024-07-05,1000000.00,4.509766,101.875
08:00:11,912810UA4,TSRYS5802849,D,S,T,2024-07-05,1000000.00,4.512601,101.828125
08:00:11,912810UA4,TSRYS5802849,D,S,T,2024-07-05,1000000.00,4.509175,101.884765625
08:00:11,912810UA4,TSRYS5802849,D,S,T,2024-07-05,1000000.00,4.509529,101.87890625
08:00:11,912810UA4,TSRYS5802849,D,S,T,2024-07-05,1000000.00,4.509529,101.87890625
08:00:11,912810UA4,TSRYS5802849,D,S,T,2024-07-05,1000000.00,4.509529,101.87890625
08:00:11,912810UA4,TSRYS5802849,D,S,T,2024-07-05,1000000.00,4.514492,101.796875
08:00:11,912810UA4,TSRYS5802849,D,S,D,2024-07-05,1000000.00,4.510238,101.8671875
08:00:11,912810UA4,TSRYS5802849,D,S,T,2024-07-05,1000000.00,4.507168,101.91796875
08:00:11,912810UA4,TSRYS5802849,D,S,T,2024-07-05,1000000.00,4.506932,101.921875
08:00:11,912810UA4,TSRYS5802849,D,S,T,2024-07-05,1000000.00,4.506932,101.921875
08:00:11,912810UA4,TSRYS5802849,D,S,T,2024-07-05,1000000.00,4.508821,101.890625
08:00:11,912810UA4,TSRYS5802849,D,S,T,2024-07-05,1000000.00,4.509766,101.875
08:00:12,912810UA4,TSRYS5802849,D,B,A,2024-07-05,5300000.00,4.543913,101.3125
08:00:13,912810UA4,TSRYS5802849,D,S,T,2024-07-05,1000000.00,4.54677,101.265625
08:00:13,912810UA4,TSRYS5802849,D,S,C,2024-07-05,50000.00,4.546508,101.26993125
08:00:13,912810UA4,TSRYS5802849,D,B,A,2024-07-05,700000.00,4.514492,101.796875
08:00:13,912810UA4,TSRYS5802849,D,S,D,2024-07-05,1000000.00,4.514729,101.79296875
08:00:13,912810UA4,TSRYS5802849,D,S,T,2024-07-05,1000000.00,4.543913,101.3125
08:00:13,912810UA4,TSRYS5802849,D,S,D,2024-07-05,1000000.00,4.514729,101.79296875
08:00:13,912810UA4,TSRYS5802849,D,S,D,2024-07-05,2000000.00,4.514729,101.79296875
08:00:13,912810UA4,TSRYS5802849,D,S,T,2024-07-05,1000000.00,4.542008,101.34375
08:00:13,912810UA4,TSRYS5802849,D,S,D,2024-07-05,1000000.00,4.514729,101.79296875
08:00:13,912810UA4,TSRYS5802849,D,S,T,2024-07-05,1000000.00,4.542008,101.34375
08:00:13,912810UA4,TSRYS5802849,D,S,T,2024-07-05,1000000.00,4.542008,101.34375
08:00:13,912810UA4,TSRYS5802849,D,S,T,2024-07-05,1000000.00,4.542008,101.34375
08:00:13,912810UA4,TSRYS5802849,D,S,T,2024-07-05,1000000.00,4.542008,101.34375
08:00:13,912810UA4,TSRYS5802849,D,S,D,2024-07-05,1000000.00,4.513546,101.8125
08:00:13,912810UA4,TSRYS5802849,D,S,D,2024-07-05,1000000.00,4.513428,101.814453125
08:00:13,912810UA4,TSRYS5802849,D,S,D,2024-07-05,1000000.00,4.513546,101.8125
08:00:13,912810UA4,TSRYS5802849,D,S,D,2024-07-05,1000000.00,4.513546,101.8125
08:00:13,912810UA4,TSRYS5802849,D,B,A,2024-07-05,700000.00,4.514492,101.796875
08:00:13,912810UA4,TSRYS5802849,D,S,D,2024-07-05,1000000.00,4.513546,101.8125
08:00:14,912810UA4,TSRYS5802849,D,B,A,2024-07-05,700000.00,4.514492,101.796875
08:00:14,912810UA4,TSRYS5802849,D,B,A,2024-07-05,600000.00,4.514492,101.796875
08:00:14,912810UA4,TSRYS5802849,D,B,A,2024-07-05,500000.00,4.514492,101.796875
08:00:14,912810UA4,TSRYS5802849,D,B,A,2024-07-05,700000.00,4.514492,101.796875
08:00:14,912810UA4,TSRYS5802849,D,B,A,2024-07-05,700000.00,4.514492,101.796875
08:00:14,912810UA4,TSRYS5802849,D,B,A,2024-07-05,400000.00,4.514492,101.796875
08:00:14,912810UA4,TSRYS5802849,D,B,A,2024-07-05,500000.00,4.514492,101.796875
08:00:14,912810UA4,TSRYS5802849,D,B,A,2024-07-05,400000.00,4.514492,101.796875
08:00:15,912810UA4,TSRYS5802849,D,B,A,2024-07-05,700000.00,4.514492,101.796875
08:00:15,912810UA4,TSRYS5802849,D,S,D,2024-07-05,1000000.00,4.540581,101.3671875
08:00:15,912810UA4,TSRYS5802849,D,S,D,2024-07-05,1000000.00,4.541057,101.359375
08:00:15,912810UA4,TSRYS5802849,D,S,D,2024-07-05,1000000.00,4.540819,101.36328125
08:00:15,912810UA4,TSRYS5802849,D,B,A,2024-07-05,1000000.00,4.514492,101.796875
08:00:15,912810UA4,TSRYS5802849,D,B,A,2024-07-05,500000.00,4.514492,101.796875
08:00:15,912810UA4,TSRYS5802849,D,S,C,2024-07-05,10000.00,4.542222,101.39024375
08:00:15,912810UA4,TSRYS5802849,D,B,A,2024-07-05,400000.00,4.514492,101.796875
08:00:15,912810UA4,TSRYS5802849,D,B,A,2024-07-05,700000.00,4.514492,101.796875
08:00:15,912810UA4,TSRYS5802849,D,B,A,2024-07-05,500000.00,4.514492,101.796875
08:00:16,912810UA4,TSRYS5802849,D,B,A,2024-07-05,500000.00,4.514492,101.796875
08:00:16,912810UA4,TSRYS5802849,D,S,T,2024-07-05,1000000.00,4.514492,101.796875
08:00:16,912810UA4,TSRYS5802849,D,B,A,2024-07-05,500000.00,4.514492,101.796875
08:00:16,912810UA4,TSRYS5802849,D,B,A,2024-07-05,500000.00,4.514492,101.796875
08:00:16,912810UA4,TSRYS5802849,D,B,A,2024-07-05,900000.00,4.514492,101.796875
08:00:16,912810UA4,TSRYS5802849,D,B,A,2024-07-05,700000.00,4.514492,101.796875
08:00:17,912810UA4,TSRYS5802849,D,S,T,2024-07-05,1000000.00,4.541057,101.359375
08:00:17,912810UA4,TSRYS5802849,D,S,T,2024-07-05,1000000.00,4.542008,101.34375
08:00:17,912810UA4,TSRYS5802849,D,S,C,2024-07-05,1000000.00,4.540105,101.375
08:00:17,912810UA4,TSRYS5802849,D,S,T,2024-07-05,1000000.00,4.542008,101.34375
08:00:17,912810UA4,TSRYS5802849,D,S,T,2024-07-05,1000000.00,4.542008,101.34375
08:00:17,912810UA4,TSRYS5802849,D,S,T,2024-07-05,1000000.00,4.540105,101.375
08:00:17,912810UA4,TSRYS5802849,D,B,A,2024-07-05,3000000.00,4.540343,101.37109375
08:00:17,912810UA4,TSRYS5802849,D,S,T,2024-07-05,1000000.00,4.539154,101.390625
08:00:18,912810UA4,TSRYS5802849,D,S,D,2024-07-05,1000000.00,4.542484,101.3359375
08:00:18,912810UA4,TSRYS5802849,D,S,D,2024-07-05,1000000.00,4.542484,101.3359375
08:00:18,912810UA4,TSRYS5802849,D,S,D,2024-07-05,1000000.00,4.540581,101.3671875
08:00:18,912810UA4,TSRYS5802849,D,S,D,2024-07-05,1000000.00,4.540581,101.3671875
08:00:18,912810UA4,TSRYS5802849,D,S,D,2024-07-05,1000000.00,4.537965,101.41015625
08:00:19,912810UA4,TSRYS5802849,D,S,D,2024-07-05,1000000.00,4.538202,101.40625
08:00:20,912810UA4,TSRYS5802849,D,S,D,2024-07-05,1000000.00,4.515674,101.77734375
08:00:20,912810UA4,TSRYS5802849,D,S,T,2024-07-05,2000000.00,4.515438,101.78125
08:00:20,912810UA4,TSRYS5802849,D,B,A,2024-07-05,900000.00,4.515674,101.77734375
08:00:20,912810UA4,TSRYS5802849,D,S,T,2024-07-05,1000000.00,4.514965,101.7890625
08:00:20,912810UA4,TSRYS5802849,D,S,T,2024-07-05,1000000.00,4.541057,101.359375
08:00:20,912810UA4,TSRYS5802849,D,S,T,2024-07-05,1000000.00,4.514965,101.7890625
08:00:21,912810UA4,TSRYS5802849,D,S,T,2024-07-05,4000000.00,4.54296,101.328125
08:00:21,912810UA4,TSRYS5802849,D,S,D,2024-07-05,1000000.00,4.53345,101.484375
08:00:21,912810UA4,TSRYS5802849,D,S,D,2024-07-05,1000000.00,4.53345,101.484375
08:00:21,912810UA4,TSRYS5802849,D,S,T,2024-07-05,1000000.00,4.541057,101.359375
08:00:21,912810UA4,TSRYS5802849,D,S,T,2024-07-05,1000000.00,4.541057,101.359375
08:00:22,912810UA4,TSRYS5802849,D,S,T,2024-07-05,1000000.00,4.541057,101.359375
08:00:22,912810UA4,TSRYS5802849,D,S,T,2024-07-05,1000000.00,4.54296,101.328125
08:00:22,912810UA4,TSRYS5802849,D,S,T,2024-07-05,1000000.00,4.541057,101.359375
08:00:24,912810UA4,TSRYS5802849,D,S,D,2024-07-05,1000000.00,4.530126,101.5390625
08:00:24,912810UA4,TSRYS5802849,D,S,D,2024-07-05,1000000.00,4.530838,101.52734375
08:00:25,912810UA4,TSRYS5802849,D,S,A,2024-07-05,50000.00,4.546508,101.27993125
08:00:27,912810UA4,TSRYS5802849,D,S,D,2024-07-05,50000.00,,101.26993125
08:00:27,912810UA4,TSRYS5802849,D,B,A,2024-07-05,2000000.00,4.532975,101.4921875
08:00:27,912810UA4,TSRYS5802849,D,S,A,2024-07-05,4500000.00,4.527754,101.578125
08:00:28,912810UA4,TSRYS5802849,D,S,T,2024-07-05,1000000.00,4.542008,101.34375
08:00:28,912810UA4,TSRYS5802849,D,S,T,2024-07-05,1000000.00,4.530601,101.53125
08:00:28,912810UA4,TSRYS5802849,D,S,T,2024-07-05,1000000.00,4.521118,101.6875
08:00:28,912810UA4,TSRYS5802849,D,S,T,2024-07-05,1000000.00,4.522065,101.671875
08:00:28,912810UA4,TSRYS5802849,D,S,T,2024-07-05,1000000.00,4.520171,101.703125
08:00:28,912810UA4,TSRYS5802849,D,S,T,2024-07-05,1000000.00,4.520171,101.703125
08:00:28,912810UA4,TSRYS5802849,D,S,T,2024-07-05,1000000.00,4.510711,101.859375
08:00:28,912810UA4,TSRYS5802849,D,S,T,2024-07-05,1000000.00,4.511656,101.84375
08:00:28,912810UA4,TSRYS5802849,D,S,T,2024-07-05,1000000.00,4.513546,101.8125
08:00:28,912810UA4,TSRYS5802849,D,S,T,2024-07-05,1000000.00,4.508821,101.890625
08:00:28,912810UA4,TSRYS5802849,D,S,T,2024-07-05,1000000.00,4.508821,101.890625
08:00:28,912810UA4,TSRYS5802849,D,S,T,2024-07-05,1000000.00,4.542008,101.34375
08:00:29,912810UA4,TSRYS5802849,D,S,T,2024-07-05,1000000.00,4.52977,101.544921875
08:00:29,912810UA4,TSRYS5802849,D,S,T,2024-07-05,1000000.00,4.51012,101.869140625
08:00:29,912810UA4,TSRYS5802849,D,S,T,2024-07-05,1000000.00,4.542008,101.34375
08:00:30,912810UA4,TSRYS5802849,D,S,T,2024-07-05,1000000.00,4.542008,101.34375
08:00:30,912810UA4,TSRYS5802849,D,S,T,2024-07-05,1000000.00,4.543913,101.3125
08:00:30,912810UA4,TSRYS5802849,D,S,T,2024-07-05,1000000.00,4.543913,101.3125
08:00:30,912810UA4,TSRYS5802849,D,S,T,2024-07-05,1000000.00,4.543913,101.3125
08:00:30,912810UA4,TSRYS5802849,D,S,T,2024-07-05,1000000.00,4.542008,101.34375
08:00:30,912810UA4,TSRYS5802849,D,S,T,2024-07-05,1000000.00,4.543198,101.32421875
08:00:30,912810UA4,TSRYS5802849,D,S,T,2024-07-05,1000000.00,4.539629,101.3828125
08:00:30,912810UA4,TSRYS5802849,D,S,T,2024-07-05,1000000.00,4.539154,101.390625
08:00:30,912810UA4,TSRYS5802849,D,S,T,2024-07-05,1000000.00,4.540105,101.375
08:00:30,912810UA4,TSRYS5802849,D,S,T,2024-07-05,1000000.00,4.542008,101.34375
08:00:30,912810UA4,TSRYS5802849,D,S,T,2024-07-05,1000000.00,4.542008,101.34375
08:00:30,912810UA4,TSRYS5802849,D,S,T,2024-07-05,1000000.00,4.542008,101.34375
08:00:30,912810UA4,TSRYS5802849,D,S,T,2024-07-05,1000000.00,4.542008,101.34375
08:00:30,912810UA4,TSRYS5802849,D,S,T,2024-07-05,1000000.00,4.542008,101.34375
08:00:30,912810UA4,TSRYS5802849,D,S,T,2024-07-05,1000000.00,4.537252,101.421875
08:00:30,912810UA4,TSRYS5802849,D,S,T,2024-07-05,1000000.00,4.537252,101.421875
08:00:30,912810UA4,TSRYS5802849,D,S,T,2024-07-05,2000000.00,4.537252,101.421875
08:00:30,912810UA4,TSRYS5802849,D,S,T,2024-07-05,1000000.00,4.5344,101.46875
08:00:30,912810UA4,TSRYS5802849,D,S,T,2024-07-05,1000000.00,4.53155,101.515625
08:00:30,912810UA4,TSRYS5802849,D,S,T,2024-07-05,1000000.00,4.53155,101.515625
08:00:30,912810UA4,TSRYS5802849,D,S,T,2024-07-05,1000000.00,4.53155,101.515625
08:00:30,912810UA4,TSRYS5802849,D,S,T,2024-07-05,1000000.00,4.53155,101.515625
08:00:30,912810UA4,TSRYS5802849,D,S,T,2024-07-05,1000000.00,4.532025,101.5078125
08:00:30,912810UA4,TSRYS5802849,D,S,T,2024-07-05,1000000.00,4.5325,101.5
08:00:30,912810UA4,TSRYS5802849,D,S,T,2024-07-05,1000000.00,4.532975,101.4921875
08:00:30,912810UA4,TSRYS5802849,D,S,T,2024-07-05,1000000.00,4.532856,101.494140625
08:00:30,912810UA4,TSRYS5802849,D,S,T,2024-07-05,1000000.00,4.532737,101.49609375
08:00:30,912810UA4,TSRYS5802849,D,S,T,2024-07-05,1000000.00,4.532737,101.49609375
08:00:30,912810UA4,TSRYS5802849,D,S,T,2024-07-05,1000000.00,4.532737,101.49609375
08:00:30,912810UA4,TSRYS5802849,D,S,T,2024-07-05,1000000.00,4.532737,101.49609375
08:00:30,912810UA4,TSRYS5802849,D,S,T,2024-07-05,1000000.00,4.536301,101.4375
08:00:30,912810UA4,TSRYS5802849,D,S,T,2024-07-05,1000000.00,4.5325,101.5
08:00:30,912810UA4,TSRYS5802849,D,S,T,2024-07-05,1000000.00,4.529652,101.546875
08:00:30,912810UA4,TSRYS5802849,D,S,T,2024-07-05,1000000.00,4.529652,101.546875
08:00:30,912810UA4,TSRYS5802849,D,S,T,2024-07-05,1000000.00,4.530245,101.537109375
08:00:30,912810UA4,TSRYS5802849,D,S,T,2024-07-05,1000000.00,4.530126,101.5390625
08:00:30,912810UA4,TSRYS5802849,D,S,T,2024-07-05,1000000.00,4.530838,101.52734375
08:00:30,912810UA4,TSRYS5802849,D,S,T,2024-07-05,1000000.00,4.53072,101.529296875
08:00:30,912810UA4,TSRYS5802849,D,S,T,2024-07-05,1000000.00,4.530601,101.53125
08:00:30,912810UA4,TSRYS5802849,D,S,T,2024-07-05,1000000.00,4.53155,101.515625
08:00:30,912810UA4,TSRYS5802849,D,S,T,2024-07-05,1000000.00,4.530601,101.53125
08:00:30,912810UA4,TSRYS5802849,D,S,T,2024-07-05,2000000.00,4.53155,101.515625
08:00:30,912810UA4,TSRYS5802849,D,S,T,2024-07-05,1000000.00,4.53155,101.515625
08:00:30,912810UA4,TSRYS5802849,D,S,T,2024-07-05,1000000.00,4.531788,101.51171875
08:00:30,912810UA4,TSRYS5802849,D,S,T,2024-07-05,1000000.00,4.531669,101.513671875
08:00:30,912810UA4,TSRYS5802849,D,S,T,2024-07-05,1000000.00,4.530601,101.53125
08:00:30,912810UA4,TSRYS5802849,D,S,T,2024-07-05,1000000.00,4.530601,101.53125
08:00:30,912810UA4,TSRYS5802849,D,S,T,2024-07-05,1000000.00,4.53155,101.515625
08:00:30,912810UA4,TSRYS5802849,D,S,T,2024-07-05,1000000.00,4.53155,101.515625
08:00:30,912810UA4,TSRYS5802849,D,S,T,2024-07-05,1000000.00,4.530601,101.53125
08:00:30,912810UA4,TSRYS5802849,D,S,T,2024-07-05,1000000.00,4.528703,101.5625
08:00:30,912810UA4,TSRYS5802849,D,S,T,2024-07-05,1000000.00,4.528703,101.5625
08:00:30,912810UA4,TSRYS5802849,D,S,T,2024-07-05,1000000.00,4.530601,101.53125
08:00:30,912810UA4,TSRYS5802849,D,S,T,2024-07-05,1000000.00,4.53155,101.515625
08:00:30,912810UA4,TSRYS5802849,D,S,T,2024-07-05,1000000.00,4.53155,101.515625
08:00:30,912810UA4,TSRYS5802849,D,S,T,2024-07-05,1000000.00,4.53155,101.515625
08:00:30,912810UA4,TSRYS5802849,D,S,T,2024-07-05,1000000.00,4.53155,101.515625
08:00:30,912810UA4,TSRYS5802849,D,S,T,2024-07-05,1000000.00,4.53155,101.515625
08:00:30,912810UA4,TSRYS5802849,D,S,T,2024-07-05,1000000.00,4.528703,101.5625
08:00:30,912810UA4,TSRYS5802849,D,S,T,2024-07-05,1000000.00,4.528703,101.5625
08:00:30,912810UA4,TSRYS5802849,D,S,T,2024-07-05,1000000.00,4.526805,101.59375
08:00:30,912810UA4,TSRYS5802849,D,S,T,2024-07-05,1000000.00,4.526805,101.59375
08:00:30,912810UA4,TSRYS5802849,D,S,T,2024-07-05,1000000.00,4.527279,101.5859375
08:00:30,912810UA4,TSRYS5802849,D,S,T,2024-07-05,1000000.00,4.527279,101.5859375
08:00:30,912810UA4,TSRYS5802849,D,S,T,2024-07-05,2000000.00,4.530601,101.53125
08:00:30,912810UA4,TSRYS5802849,D,S,T,2024-07-05,2000000.00,4.530601,101.53125
08:00:30,912810UA4,TSRYS5802849,D,S,T,2024-07-05,1000000.00,4.530601,101.53125
08:00:30,912810UA4,TSRYS5802849,D,S,T,2024-07-05,1000000.00,4.53155,101.515625
08:00:30,912810UA4,TSRYS5802849,D,S,T,2024-07-05,1000000.00,4.5325,101.5
08:00:30,912810UA4,TSRYS5802849,D,S,T,2024-07-05,2000000.00,4.53535,101.453125
08:00:30,912810UA4,TSRYS5802849,D,S,T,2024-07-05,1000000.00,4.5344,101.46875
08:00:30,912810UA4,TSRYS5802849,D,S,T,2024-07-05,1000000.00,4.5344,101.46875
08:00:30,912810UA4,TSRYS5802849,D,S,T,2024-07-05,1000000.00,4.5344,101.46875
08:00:30,912810UA4,TSRYS5802849,D,S,T,2024-07-05,1000000.00,4.5344,101.46875
08:00:30,912810UA4,TSRYS5802849,D,S,T,2024-07-05,1000000.00,4.53155,101.515625
08:00:30,912810UA4,TSRYS5802849,D,S,T,2024-07-05,1000000.00,4.530601,101.53125
08:00:30,912810UA4,TSRYS5802849,D,S,T,2024-07-05,1000000.00,4.530601,101.53125
08:00:30,912810UA4,TSRYS5802849,D,S,T,2024-07-05,1000000.00,4.53155,101.515625
08:00:30,912810UA4,TSRYS5802849,D,S,T,2024-07-05,1000000.00,4.53155,101.515625
08:00:30,912810UA4,TSRYS5802849,D,S,T,2024-07-05,1000000.00,4.530601,101.53125
08:00:30,912810UA4,TSRYS5802849,D,S,T,2024-07-05,1000000.00,4.529652,101.546875
08:00:30,912810UA4,TSRYS5802849,D,S,T,2024-07-05,1000000.00,4.530601,101.53125
08:00:30,912810UA4,TSRYS5802849,D,S,T,2024-07-05,1000000.00,4.53155,101.515625
08:00:30,912810UA4,TSRYS5802849,D,S,T,2024-07-05,1000000.00,4.5344,101.46875
08:00:30,912810UA4,TSRYS5802849,D,S,T,2024-07-05,1000000.00,4.5344,101.46875
08:00:30,912810UA4,TSRYS5802849,D,S,T,2024-07-05,1000000.00,4.5344,101.46875
08:00:30,912810UA4,TSRYS5802849,D,S,T,2024-07-05,1000000.00,4.528703,101.5625
08:00:30,912810UA4,TSRYS5802849,D,S,T,2024-07-05,1000000.00,4.527754,101.578125
08:00:30,912810UA4,TSRYS5802849,D,S,T,2024-07-05,1000000.00,4.528703,101.5625
08:00:30,912810UA4,TSRYS5802849,D,S,T,2024-07-05,1000000.00,4.528703,101.5625
08:00:30,912810UA4,TSRYS5802849,D,S,T,2024-07-05,1000000.00,4.528703,101.5625
08:00:30,912810UA4,TSRYS5802849,D,S,T,2024-07-05,1000000.00,4.529652,101.546875
08:00:30,912810UA4,TSRYS5802849,D,S,T,2024-07-05,1000000.00,4.529652,101.546875
08:00:30,912810UA4,TSRYS5802849,D,S,T,2024-07-05,1000000.00,4.529652,101.546875
08:00:30,912810UA4,TSRYS5802849,D,S,T,2024-07-05,1000000.00,4.52977,101.544921875
08:00:30,912810UA4,TSRYS5802849,D,S,T,2024-07-05,1000000.00,4.529652,101.546875
08:00:30,912810UA4,TSRYS5802849,D,S,T,2024-07-05,1000000.00,4.524909,101.625
08:00:30,912810UA4,TSRYS5802849,D,S,T,2024-07-05,1000000.00,4.524909,101.625
08:00:30,912810UA4,TSRYS5802849,D,S,T,2024-07-05,1000000.00,4.525857,101.609375
08:00:30,912810UA4,TSRYS5802849,D,S,T,2024-07-05,1000000.00,4.525857,101.609375
08:00:30,912810UA4,TSRYS5802849,D,S,T,2024-07-05,1000000.00,4.526449,101.599609375
08:00:30,912810UA4,TSRYS5802849,D,S,T,2024-07-05,1000000.00,4.526805,101.59375
08:00:30,912810UA4,TSRYS5802849,D,S,T,2024-07-05,1000000.00,4.524909,101.625
08:00:30,912810UA4,TSRYS5802849,D,S,T,2024-07-05,1000000.00,4.524909,101.625
08:00:30,912810UA4,TSRYS5802849,D,S,T,2024-07-05,1000000.00,4.524909,101.625
08:00:30,912810UA4,TSRYS5802849,D,S,T,2024-07-05,1000000.00,4.524909,101.625
08:00:30,912810UA4,TSRYS5802849,D,S,T,2024-07-05,1000000.00,4.524909,101.625
08:00:30,912810UA4,TSRYS5802849,D,S,T,2024-07-05,1000000.00,4.523013,101.65625
08:00:30,912810UA4,TSRYS5802849,D,S,T,2024-07-05,1000000.00,4.524909,101.625
08:00:30,912810UA4,TSRYS5802849,D,S,T,2024-07-05,1000000.00,4.524909,101.625
08:00:30,912810UA4,TSRYS5802849,D,S,T,2024-07-05,1000000.00,4.524909,101.625
08:00:30,912810UA4,TSRYS5802849,D,S,T,2024-07-05,1000000.00,4.523961,101.640625
08:00:30,912810UA4,TSRYS5802849,D,S,T,2024-07-05,1000000.00,4.523961,101.640625
08:00:34,912810UA4,TSRYS5802849,D,S,T,2024-07-05,3000000.00,4.523013,101.65625
08:00:34,912810UA4,TSRYS5802849,D,S,T,2024-07-05,1000000.00,4.524909,101.625
08:00:34,912810UA4,TSRYS5802849,D,S,T,2024-07-05,1000000.00,4.524909,101.625
08:00:34,912810UA4,TSRYS5802849,D,S,T,2024-07-05,1000000.00,4.524909,101.625
08:00:34,912810UA4,TSRYS5802849,D,S,T,2024-07-05,1000000.00,4.525857,101.609375
08:00:34,912810UA4,TSRYS5802849,D,S,T,2024-07-05,1000000.00,4.525857,101.609375
08:00:34,912810UA4,TSRYS5802849,D,S,T,2024-07-05,1000000.00,4.525857,101.609375
08:00:34,912810UA4,TSRYS5802849,D,S,T,2024-07-05,1000000.00,4.525857,101.609375
08:00:34,912810UA4,TSRYS5802849,D,S,T,2024-07-05,1000000.00,4.525857,101.609375
08:00:34,912810UA4,TSRYS5802849,D,S,T,2024-07-05,2000000.00,4.524909,101.625
08:00:34,912810UA4,TSRYS5802849,D,S,T,2024-07-05,1000000.00,4.524909,101.625
08:00:34,912810UA4,TSRYS5802849,D,S,T,2024-07-05,1000000.00,4.523961,101.640625
08:00:34,912810UA4,TSRYS5802849,D,S,T,2024-07-05,2000000.00,4.522065,101.671875
08:00:34,912810UA4,TSRYS5802849,D,S,T,2024-07-05,1000000.00,4.523368,101.650390625
08:00:34,912810UA4,TSRYS5802849,D,S,T,2024-07-05,1000000.00,4.523487,101.6484375
08:00:34,912810UA4,TSRYS5802849,D,S,D,2024-07-05,1000000.00,4.519934,101.70703125
08:00:34,912810UA4,TSRYS5802849,D,S,T,2024-07-05,1000000.00,4.542008,101.34375
08:00:34,912810UA4,TSRYS5802849,D,S,T,2024-07-05,2000000.00,4.519224,101.71875
08:00:34,912810UA4,TSRYS5802849,D,S,T,2024-07-05,1000000.00,4.521118,101.6875
08:00:34,912810UA4,TSRYS5802849,D,S,T,2024-07-05,1000000.00,4.521118,101.6875
08:00:34,912810UA4,TSRYS5802849,D,S,T,2024-07-05,1000000.00,4.521118,101.6875
08:00:34,912810UA4,TSRYS5802849,D,S,T,2024-07-05,1000000.00,4.521118,101.6875
08:00:34,912810UA4,TSRYS5802849,D,S,T,2024-07-05,1000000.00,4.521118,101.6875
08:00:34,912810UA4,TSRYS5802849,D,S,T,2024-07-05,1000000.00,4.521118,101.6875
08:00:34,912810UA4,TSRYS5802849,D,S,T,2024-07-05,1000000.00,4.521118,101.6875
08:00:34,912810UA4,TSRYS5802849,D,S,T,2024-07-05,1000000.00,4.521118,101.6875
08:00:34,912810UA4,TSRYS5802849,D,S,T,2024-07-05,1000000.00,4.519224,101.71875
08:00:34,912810UA4,TSRYS5802849,D,S,T,2024-07-05,1000000.00,4.521118,101.6875
08:00:34,912810UA4,TSRYS5802849,D,S,T,2024-07-05,1000000.00,4.522065,101.671875
08:00:34,912810UA4,TSRYS5802849,D,S,T,2024-07-05,1000000.00,4.522065,101.671875
08:00:34,912810UA4,TSRYS5802849,D,S,T,2024-07-05,1000000.00,4.522065,101.671875
08:00:34,912810UA4,TSRYS5802849,D,S,T,2024-07-05,1000000.00,4.522065,101.671875
08:00:34,912810UA4,TSRYS5802849,D,S,T,2024-07-05,1000000.00,4.522065,101.671875
08:00:34,912810UA4,TSRYS5802849,D,S,T,2024-07-05,1000000.00,4.519224,101.71875
08:00:34,912810UA4,TSRYS5802849,D,S,T,2024-07-05,1000000.00,4.519224,101.71875
08:00:34,912810UA4,TSRYS5802849,D,S,T,2024-07-05,1000000.00,4.520171,101.703125
08:00:34,912810UA4,TSRYS5802849,D,S,T,2024-07-05,1000000.00,4.520171,101.703125
08:00:34,912810UA4,TSRYS5802849,D,S,T,2024-07-05,1000000.00,4.520171,101.703125
08:00:34,912810UA4,TSRYS5802849,D,S,T,2024-07-05,1000000.00,4.520171,101.703125
08:00:34,912810UA4,TSRYS5802849,D,S,T,2024-07-05,1000000.00,4.520171,101.703125
08:00:34,912810UA4,TSRYS5802849,D,S,T,2024-07-05,1000000.00,4.519224,101.71875
08:00:34,912810UA4,TSRYS5802849,D,S,T,2024-07-05,1000000.00,4.519697,101.7109375
08:00:34,912810UA4,TSRYS5802849,D,S,T,2024-07-05,1000000.00,4.519934,101.70703125
08:00:34,912810UA4,TSRYS5802849,D,S,T,2024-07-05,1000000.00,4.520052,101.705078125
08:00:34,912810UA4,TSRYS5802849,D,S,T,2024-07-05,1000000.00,4.520052,101.705078125
08:00:34,912810UA4,TSRYS5802849,D,S,T,2024-07-05,1000000.00,4.522065,101.671875
08:00:34,912810UA4,TSRYS5802849,D,S,T,2024-07-05,1000000.00,4.522065,101.671875
08:00:34,912810UA4,TSRYS5802849,D,S,T,2024-07-05,1000000.00,4.522065,101.671875
08:00:34,912810UA4,TSRYS5802849,D,S,T,2024-07-05,1000000.00,4.521118,101.6875
08:00:34,912810UA4,TSRYS5802849,D,S,T,2024-07-05,1000000.00,4.521118,101.6875
08:00:34,912810UA4,TSRYS5802849,D,S,T,2024-07-05,1000000.00,4.521118,101.6875
08:00:34,912810UA4,TSRYS5802849,D,S,T,2024-07-05,1000000.00,4.521236,101.685546875
08:00:34,912810UA4,TSRYS5802849,D,S,T,2024-07-05,1000000.00,4.520289,101.701171875
08:00:34,912810UA4,TSRYS5802849,D,S,T,2024-07-05,1000000.00,4.520171,101.703125
08:00:34,912810UA4,TSRYS5802849,D,S,T,2024-07-05,1000000.00,4.520171,101.703125
08:00:34,912810UA4,TSRYS5802849,D,S,T,2024-07-05,1000000.00,4.521473,101.681640625
08:00:34,912810UA4,TSRYS5802849,D,S,T,2024-07-05,1000000.00,4.519224,101.71875
08:00:34,912810UA4,TSRYS5802849,D,S,T,2024-07-05,1000000.00,4.518277,101.734375
08:00:34,912810UA4,TSRYS5802849,D,S,T,2024-07-05,1000000.00,4.519224,101.71875
08:00:34,912810UA4,TSRYS5802849,D,S,T,2024-07-05,2000000.00,4.519224,101.71875
08:00:34,912810UA4,TSRYS5802849,D,S,T,2024-07-05,1000000.00,4.516384,101.765625
08:00:34,912810UA4,TSRYS5802849,D,S,T,2024-07-05,1000000.00,4.515556,101.779296875
08:00:34,912810UA4,TSRYS5802849,D,S,T,2024-07-05,1000000.00,4.515438,101.78125
08:00:34,912810UA4,TSRYS5802849,D,S,T,2024-07-05,2000000.00,4.515438,101.78125
08:00:34,912810UA4,TSRYS5802849,D,S,T,2024-07-05,1000000.00,4.514019,101.8046875
08:00:34,912810UA4,TSRYS5802849,D,S,T,2024-07-05,1000000.00,4.514137,101.802734375
08:00:34,912810UA4,TSRYS5802849,D,S,T,2024-07-05,1000000.00,4.513546,101.8125
08:00:34,912810UA4,TSRYS5802849,D,S,T,2024-07-05,1000000.00,4.513546,101.8125
08:00:34,912810UA4,TSRYS5802849,D,S,T,2024-07-05,1000000.00,4.513546,101.8125
08:00:34,912810UA4,TSRYS5802849,D,S,T,2024-07-05,1000000.00,4.513546,101.8125
08:00:34,912810UA4,TSRYS5802849,D,S,T,2024-07-05,1000000.00,4.513546,101.8125
08:00:34,912810UA4,TSRYS5802849,D,S,T,2024-07-05,1000000.00,4.512601,101.828125
08:00:34,912810UA4,TSRYS5802849,D,S,T,2024-07-05,1000000.00,4.509766,101.875
08:00:34,912810UA4,TSRYS5802849,D,S,T,2024-07-05,1000000.00,4.511656,101.84375
08:00:34,912810UA4,TSRYS5802849,D,S,T,2024-07-05,1000000.00,4.511656,101.84375
08:00:34,912810UA4,TSRYS5802849,D,S,T,2024-07-05,1000000.00,4.511656,101.84375
08:00:34,912810UA4,TSRYS5802849,D,S,T,2024-07-05,1000000.00,4.515438,101.78125
08:00:34,912810UA4,TSRYS5802849,D,S,T,2024-07-05,1000000.00,4.515438,101.78125
08:00:34,912810UA4,TSRYS5802849,D,S,T,2024-07-05,1000000.00,4.515438,101.78125
08:00:34,912810UA4,TSRYS5802849,D,S,T,2024-07-05,1000000.00,4.516384,101.765625
08:00:34,912810UA4,TSRYS5802849,D,S,T,2024-07-05,1000000.00,4.516384,101.765625
08:00:34,912810UA4,TSRYS5802849,D,S,T,2024-07-05,1000000.00,4.515793,101.775390625
08:00:34,912810UA4,TSRYS5802849,D,S,T,2024-07-05,1000000.00,4.515674,101.77734375
08:00:34,912810UA4,TSRYS5802849,D,S,T,2024-07-05,1000000.00,4.515556,101.779296875
08:00:34,912810UA4,TSRYS5802849,D,S,T,2024-07-05,1000000.00,4.51461,101.794921875
08:00:34,912810UA4,TSRYS5802849,D,S,T,2024-07-05,1000000.00,4.512719,101.826171875
08:00:34,912810UA4,TSRYS5802849,D,S,T,2024-07-05,1000000.00,4.511183,101.8515625
08:00:34,912810UA4,TSRYS5802849,D,S,T,2024-07-05,1000000.00,4.511656,101.84375
08:00:34,912810UA4,TSRYS5802849,D,S,T,2024-07-05,1000000.00,4.512601,101.828125
08:00:34,912810UA4,TSRYS5802849,D,S,T,2024-07-05,1000000.00,4.512719,101.826171875
08:00:34,912810UA4,TSRYS5802849,D,S,T,2024-07-05,1000000.00,4.512719,101.826171875
08:00:34,912810UA4,TSRYS5802849,D,S,T,2024-07-05,1000000.00,4.510947,101.85546875
08:00:34,912810UA4,TSRYS5802849,D,S,T,2024-07-05,1000000.00,4.511656,101.84375
08:00:34,912810UA4,TSRYS5802849,D,S,T,2024-07-05,1000000.00,4.511656,101.84375
08:00:34,912810UA4,TSRYS5802849,D,S,T,2024-07-05,1000000.00,4.511656,101.84375
08:00:34,912810UA4,TSRYS5802849,D,S,T,2024-07-05,2000000.00,4.511656,101.84375
08:00:34,912810UA4,TSRYS5802849,D,S,T,2024-07-05,1000000.00,4.511656,101.84375
08:00:34,912810UA4,TSRYS5802849,D,S,T,2024-07-05,1000000.00,4.511774,101.841796875
08:00:34,912810UA4,TSRYS5802849,D,S,T,2024-07-05,1000000.00,4.511656,101.84375
08:00:34,912810UA4,TSRYS5802849,D,S,T,2024-07-05,1000000.00,4.505988,101.9375
08:00:34,912810UA4,TSRYS5802849,D,S,T,2024-07-05,1000000.00,4.505988,101.9375
08:00:34,912810UA4,TSRYS5802849,D,S,T,2024-07-05,1000000.00,4.505988,101.9375
08:00:34,912810UA4,TSRYS5802849,D,S,T,2024-07-05,1000000.00,4.506932,101.921875
08:00:34,912810UA4,TSRYS5802849,D,S,T,2024-07-05,1000000.00,4.506932,101.921875
08:00:34,912810UA4,TSRYS5802849,D,S,T,2024-07-05,1000000.00,4.507877,101.90625
08:00:34,912810UA4,TSRYS5802849,D,S,T,2024-07-05,1000000.00,4.508821,101.890625
08:00:34,912810UA4,TSRYS5802849,D,S,T,2024-07-05,1000000.00,4.508821,101.890625
08:00:34,912810UA4,TSRYS5802849,D,S,T,2024-07-05,1000000.00,4.510711,101.859375
08:00:34,912810UA4,TSRYS5802849,D,S,T,2024-07-05,1000000.00,4.510711,101.859375
08:00:34,912810UA4,TSRYS5802849,D,S,T,2024-07-05,1000000.00,4.511656,101.84375
08:00:34,912810UA4,TSRYS5802849,D,S,T,2024-07-05,2000000.00,4.511656,101.84375
08:00:34,912810UA4,TSRYS5802849,D,S,T,2024-07-05,1000000.00,4.511656,101.84375
08:00:34,912810UA4,TSRYS5802849,D,S,T,2024-07-05,1000000.00,4.512601,101.828125
08:00:34,912810UA4,TSRYS5802849,D,S,T,2024-07-05,1000000.00,4.512601,101.828125
08:00:34,912810UA4,TSRYS5802849,D,S,T,2024-07-05,1000000.00,4.512601,101.828125
08:00:34,912810UA4,TSRYS5802849,D,S,D,2024-07-05,1000000.00,4.510002,101.87109375
08:00:34,912810UA4,TSRYS5802849,D,S,T,2024-07-05,1000000.00,4.511656,101.84375
08:00:34,912810UA4,TSRYS5802849,D,S,T,2024-07-05,1000000.00,4.513192,101.818359375
08:00:34,912810UA4,TSRYS5802849,D,S,T,2024-07-05,1000000.00,4.51331,101.81640625
08:00:34,912810UA4,TSRYS5802849,D,S,T,2024-07-05,1000000.00,4.513546,101.8125
08:00:34,912810UA4,TSRYS5802849,D,S,T,2024-07-05,2000000.00,4.512601,101.828125
08:00:34,912810UA4,TSRYS5802849,D,S,T,2024-07-05,2000000.00,4.512601,101.828125
08:00:34,912810UA4,TSRYS5802849,D,S,T,2024-07-05,1000000.00,4.513546,101.8125
08:00:34,912810UA4,TSRYS5802849,D,S,T,2024-07-05,1000000.00,4.513546,101.8125
08:00:34,912810UA4,TSRYS5802849,D,S,T,2024-07-05,1000000.00,4.513546,101.8125
08:00:34,912810UA4,TSRYS5802849,D,S,T,2024-07-05,1000000.00,4.513546,101.8125
08:00:34,912810UA4,TSRYS5802849,D,S,T,2024-07-05,1000000.00,4.513546,101.8125
08:00:34,912810UA4,TSRYS5802849,D,S,T,2024-07-05,1000000.00,4.513546,101.8125
08:00:34,912810UA4,TSRYS5802849,D,S,T,2024-07-05,1000000.00,4.513546,101.8125
08:00:34,912810UA4,TSRYS5802849,D,S,T,2024-07-05,1000000.00,4.514019,101.8046875
08:00:34,912810UA4,TSRYS5802849,D,S,T,2024-07-05,1000000.00,4.513901,101.806640625
08:00:34,912810UA4,TSRYS5802849,D,S,T,2024-07-05,1000000.00,4.513783,101.80859375
08:00:34,912810UA4,TSRYS5802849,D,S,T,2024-07-05,1000000.00,4.515438,101.78125
08:00:34,912810UA4,TSRYS5802849,D,S,T,2024-07-05,1000000.00,4.515438,101.78125
08:00:34,912810UA4,TSRYS5802849,D,S,T,2024-07-05,1000000.00,4.515438,101.78125
08:00:34,912810UA4,TSRYS5802849,D,S,T,2024-07-05,1000000.00,4.512837,101.82421875
08:00:34,912810UA4,TSRYS5802849,D,S,T,2024-07-05,1000000.00,4.512719,101.826171875
08:00:34,912810UA4,TSRYS5802849,D,S,T,2024-07-05,1000000.00,4.512601,101.828125
08:00:34,912810UA4,TSRYS5802849,D,S,T,2024-07-05,1000000.00,4.510711,101.859375
08:00:34,912810UA4,TSRYS5802849,D,S,T,2024-07-05,1000000.00,4.511656,101.84375
08:00:34,912810UA4,TSRYS5802849,D,S,T,2024-07-05,1000000.00,4.509884,101.873046875
08:00:34,912810UA4,TSRYS5802849,D,S,T,2024-07-05,1000000.00,4.509766,101.875
08:00:34,912810UA4,TSRYS5802849,D,S,T,2024-07-05,1000000.00,4.511656,101.84375
08:00:34,912810UA4,TSRYS5802849,D,S,T,2024-07-05,1000000.00,4.512601,101.828125
08:00:34,912810UA4,TSRYS5802849,D,S,T,2024-07-05,1000000.00,4.513546,101.8125
08:00:34,912810UA4,TSRYS5802849,D,S,T,2024-07-05,1000000.00,4.512837,101.82421875
08:00:34,912810UA4,TSRYS5802849,D,S,T,2024-07-05,1000000.00,4.51012,101.869140625
08:00:34,912810UA4,TSRYS5802849,D,S,T,2024-07-05,1000000.00,4.511301,101.849609375
08:00:34,912810UA4,TSRYS5802849,D,S,T,2024-07-05,1000000.00,4.509766,101.875
08:00:34,912810UA4,TSRYS5802849,D,S,T,2024-07-05,1000000.00,4.510002,101.87109375
08:00:34,912810UA4,TSRYS5802849,D,S,T,2024-07-05,1000000.00,4.510356,101.865234375
08:00:34,912810UA4,TSRYS5802849,D,S,D,2024-07-05,1000000.00,4.509766,101.875
08:00:34,912810UA4,TSRYS5802849,D,S,D,2024-07-05,1000000.00,4.510002,101.87109375
08:00:34,912810UA4,TSRYS5802849,D,S,D,2024-07-05,1000000.00,4.510002,101.87109375
08:00:34,912810UA4,TSRYS5802849,D,S,T,2024-07-05,1000000.00,4.508349,101.8984375
08:00:34,912810UA4,TSRYS5802849,D,S,T,2024-07-05,1000000.00,4.508349,101.8984375
08:00:34,912810UA4,TSRYS5802849,D,S,T,2024-07-05,1000000.00,4.506932,101.921875
08:00:34,912810UA4,TSRYS5802849,D,S,T,2024-07-05,1000000.00,4.507877,101.90625
08:00:34,912810UA4,TSRYS5802849,D,S,T,2024-07-05,1000000.00,4.508467,101.896484375
08:00:34,912810UA4,TSRYS5802849,D,S,T,2024-07-05,1000000.00,4.508821,101.890625
08:00:34,912810UA4,TSRYS5802849,D,S,T,2024-07-05,1000000.00,4.508467,101.896484375
08:00:34,912810UA4,TSRYS5802849,D,S,T,2024-07-05,1000000.00,4.508467,101.896484375
08:00:34,912810UA4,TSRYS5802849,D,S,T,2024-07-05,1000000.00,4.508467,101.896484375
08:00:34,912810UA4,TSRYS5802849,D,S,T,2024-07-05,1000000.00,4.508467,101.896484375
08:00:34,912810UA4,TSRYS5802849,D,S,T,2024-07-05,1000000.00,4.508821,101.890625
08:00:34,912810UA4,TSRYS5802849,D,S,T,2024-07-05,1000000.00,4.508821,101.890625
08:00:34,912810UA4,TSRYS5802849,D,S,T,2024-07-05,1000000.00,4.509884,101.873046875
08:00:34,912810UA4,TSRYS5802849,D,S,T,2024-07-05,1000000.00,4.509766,101.875
08:00:34,912810UA4,TSRYS5802849,D,S,T,2024-07-05,1000000.00,4.509766,101.875
08:00:34,912810UA4,TSRYS5802849,D,S,T,2024-07-05,2000000.00,4.51012,101.869140625
08:00:34,912810UA4,TSRYS5802849,D,S,T,2024-07-05,2000000.00,4.51012,101.869140625
08:00:34,912810UA4,TSRYS5802849,D,S,D,2024-07-05,1000000.00,4.540581,101.3671875
08:00:34,912810UA4,TSRYS5802849,D,S,D,2024-07-05,1000000.00,4.540105,101.375
08:00:34,912810UA4,TSRYS5802849,D,S,D,2024-07-05,1000000.00,4.542484,101.3359375
08:00:34,912810UA4,TSRYS5802849,D,S,D,2024-07-05,1000000.00,4.542484,101.3359375
08:00:34,912810UA4,TSRYS5802849,D,S,D,2024-07-05,1000000.00,4.540581,101.3671875
08:00:34,912810UA4,TSRYS5802849,D,S,D,2024-07-05,1000000.00,4.540581,101.3671875
08:00:34,912810UA4,TSRYS5802849,D,S,D,2024-07-05,1000000.00,4.53345,101.484375
08:00:34,912810UA4,TSRYS5802849,D,S,D,2024-07-05,1000000.00,4.53345,101.484375
08:00:34,912810UA4,TSRYS5802849,D,S,D,2024-07-05,1000000.00,4.529652,101.546875
08:00:34,912810UA4,TSRYS5802849,D,S,D,2024-07-05,1000000.00,4.530601,101.53125
08:00:34,912810UA4,TSRYS5802849,D,S,D,2024-07-05,1000000.00,4.53155,101.515625
08:00:34,912810UA4,TSRYS5802849,D,S,D,2024-07-05,1000000.00,4.531076,101.5234375
08:00:34,912810UA4,TSRYS5802849,D,S,D,2024-07-05,1000000.00,4.532263,101.50390625
08:00:34,912810UA4,TSRYS5802849,D,S,D,2024-07-05,1000000.00,4.534638,101.46484375
08:00:34,912810UA4,TSRYS5802849,D,S,D,2024-07-05,1000000.00,4.533925,101.4765625
08:00:34,912810UA4,TSRYS5802849,D,S,D,2024-07-05,1000000.00,4.534162,101.47265625
08:00:34,912810UA4,TSRYS5802849,D,S,D,2024-07-05,1000000.00,4.534162,101.47265625
08:00:34,912810UA4,TSRYS5802849,D,S,D,2024-07-05,1000000.00,4.528465,101.56640625
08:00:34,912810UA4,TSRYS5802849,D,S,D,2024-07-05,1000000.00,4.528228,101.5703125
08:00:34,912810UA4,TSRYS5802849,D,S,D,2024-07-05,1000000.00,4.523487,101.6484375
08:00:34,912810UA4,TSRYS5802849,D,S,D,2024-07-05,1000000.00,4.518987,101.72265625
08:00:34,912810UA4,TSRYS5802849,D,S,D,2024-07-05,1000000.00,4.521828,101.67578125
08:00:34,912810UA4,TSRYS5802849,D,S,D,2024-07-05,1000000.00,4.521118,101.6875
08:00:34,912810UA4,TSRYS5802849,D,S,D,2024-07-05,1000000.00,4.519697,101.7109375
08:00:34,912810UA4,TSRYS5802849,D,S,D,2024-07-05,1000000.00,4.523013,101.65625
08:00:34,912810UA4,TSRYS5802849,D,S,D,2024-07-05,1000000.00,4.522776,101.66015625
08:00:34,912810UA4,TSRYS5802849,D,S,D,2024-07-05,1000000.00,4.523724,101.64453125
08:00:34,912810UA4,TSRYS5802849,D,S,D,2024-07-05,1000000.00,4.514019,101.8046875
08:00:34,912810UA4,TSRYS5802849,D,S,D,2024-07-05,1000000.00,4.511892,101.83984375
08:00:34,912810UA4,TSRYS5802849,D,S,D,2024-07-05,1000000.00,4.511656,101.84375
08:00:34,912810UA4,TSRYS5802849,D,S,D,2024-07-05,1000000.00,4.512128,101.8359375
08:00:34,912810UA4,TSRYS5802849,D,S,D,2024-07-05,1000000.00,4.512837,101.82421875
08:00:34,912810UA4,TSRYS5802849,D,S,D,2024-07-05,1000000.00,4.512128,101.8359375
08:00:34,912810UA4,TSRYS5802849,D,S,D,2024-07-05,1000000.00,4.510002,101.87109375
08:00:34,912810UA4,TSRYS5802849,D,S,D,2024-07-05,1000000.00,4.510711,101.859375
08:00:34,912810UA4,TSRYS5802849,D,S,D,2024-07-05,1000000.00,4.510711,101.859375
08:00:34,912810UA4,TSRYS5802849,D,S,D,2024-07-05,1000000.00,4.510002,101.87109375
08:00:34,912810UA4,TSRYS5802849,D,S,D,2024-07-05,1000000.00,4.540581,101.3671875
08:00:34,912810UA4,TSRYS5802849,D,S,D,2024-07-05,1000000.00,4.540462,101.369140625
08:00:34,912810UA4,TSRYS5802849,D,S,D,2024-07-05,1000000.00,4.532144,101.505859375
08:00:34,912810UA4,TSRYS5802849,D,S,D,2024-07-05,1000000.00,4.532263,101.50390625
08:00:34,912810UA4,TSRYS5802849,D,S,D,2024-07-05,1000000.00,4.532263,101.50390625
08:00:34,912810UA4,TSRYS5802849,D,S,D,2024-07-05,1000000.00,4.533806,101.478515625
08:00:34,912810UA4,TSRYS5802849,D,S,D,2024-07-05,1000000.00,4.534756,101.462890625
08:00:34,912810UA4,TSRYS5802849,D,S,D,2024-07-05,1000000.00,4.534638,101.46484375
08:00:34,912810UA4,TSRYS5802849,D,S,D,2024-07-05,1000000.00,4.534638,101.46484375
08:00:34,912810UA4,TSRYS5802849,D,S,D,2024-07-05,1000000.00,4.534638,101.46484375
08:00:34,912810UA4,TSRYS5802849,D,S,D,2024-07-05,1000000.00,4.526805,101.59375
08:00:34,912810UA4,TSRYS5802849,D,S,D,2024-07-05,1000000.00,4.525857,101.609375
08:00:34,912810UA4,TSRYS5802849,D,S,D,2024-07-05,1000000.00,4.525027,101.623046875
08:00:34,912810UA4,TSRYS5802849,D,S,D,2024-07-05,1000000.00,4.525027,101.623046875
08:00:34,912810UA4,TSRYS5802849,D,S,D,2024-07-05,1000000.00,4.522539,101.6640625
08:00:34,912810UA4,TSRYS5802849,D,S,D,2024-07-05,1000000.00,4.523013,101.65625
08:00:34,912810UA4,TSRYS5802849,D,S,D,2024-07-05,1000000.00,4.525857,101.609375
08:00:34,912810UA4,TSRYS5802849,D,S,D,2024-07-05,1000000.00,4.525857,101.609375
08:00:34,912810UA4,TSRYS5802849,D,S,D,2024-07-05,1000000.00,4.522539,101.6640625
08:00:34,912810UA4,TSRYS5802849,D,S,D,2024-07-05,1000000.00,4.520999,101.689453125
08:00:34,912810UA4,TSRYS5802849,D,S,D,2024-07-05,1000000.00,4.519579,101.712890625
08:00:34,912810UA4,TSRYS5802849,D,S,D,2024-07-05,1000000.00,4.520999,101.689453125
08:00:34,912810UA4,TSRYS5802849,D,S,D,2024-07-05,1000000.00,4.520999,101.689453125
08:00:34,912810UA4,TSRYS5802849,D,S,D,2024-07-05,1000000.00,4.521118,101.6875
08:00:34,912810UA4,TSRYS5802849,D,S,D,2024-07-05,1000000.00,4.521591,101.6796875
08:00:34,912810UA4,TSRYS5802849,D,S,D,2024-07-05,1000000.00,4.520171,101.703125
08:00:34,912810UA4,TSRYS5802849,D,S,D,2024-07-05,1000000.00,4.52171,101.677734375
08:00:34,912810UA4,TSRYS5802849,D,S,D,2024-07-05,1000000.00,4.522184,101.669921875
08:00:34,912810UA4,TSRYS5802849,D,S,D,2024-07-05,1000000.00,4.52242,101.666015625
08:00:34,912810UA4,TSRYS5802849,D,S,D,2024-07-05,1000000.00,4.52242,101.666015625
08:00:34,912810UA4,TSRYS5802849,D,S,D,2024-07-05,1000000.00,4.518277,101.734375
08:00:34,912810UA4,TSRYS5802849,D,S,D,2024-07-05,1000000.00,4.515674,101.77734375
08:00:34,912810UA4,TSRYS5802849,D,S,D,2024-07-05,1000000.00,4.514256,101.80078125
08:00:34,912810UA4,TSRYS5802849,D,S,D,2024-07-05,1000000.00,4.513546,101.8125
08:00:34,912810UA4,TSRYS5802849,D,S,D,2024-07-05,1000000.00,4.513901,101.806640625
08:00:34,912810UA4,TSRYS5802849,D,S,D,2024-07-05,1000000.00,4.514019,101.8046875
08:00:34,912810UA4,TSRYS5802849,D,S,D,2024-07-05,1000000.00,4.513901,101.806640625
08:00:34,912810UA4,TSRYS5802849,D,S,D,2024-07-05,1000000.00,4.516029,101.771484375
08:00:34,912810UA4,TSRYS5802849,D,S,D,2024-07-05,1000000.00,4.514847,101.791015625
08:00:34,912810UA4,TSRYS5802849,D,S,D,2024-07-05,1000000.00,4.511656,101.84375
08:00:34,912810UA4,TSRYS5802849,D,S,D,2024-07-05,1000000.00,4.511892,101.83984375
08:00:34,912810UA4,TSRYS5802849,D,S,D,2024-07-05,1000000.00,4.511065,101.853515625
08:00:34,912810UA4,TSRYS5802849,D,S,D,2024-07-05,1000000.00,4.512837,101.82421875
08:00:34,912810UA4,TSRYS5802849,D,S,D,2024-07-05,1000000.00,4.511892,101.83984375
08:00:34,912810UA4,TSRYS5802849,D,S,D,2024-07-05,1000000.00,4.509293,101.8828125
08:00:34,912810UA4,TSRYS5802849,D,S,D,2024-07-05,1000000.00,4.509293,101.8828125
08:00:34,912810UA4,TSRYS5802849,D,S,D,2024-07-05,1000000.00,4.509175,101.884765625
08:00:34,912810UA4,TSRYS5802849,D,S,D,2024-07-05,1000000.00,4.509411,101.880859375
08:00:34,912810UA4,TSRYS5802849,D,S,D,2024-07-05,1000000.00,4.509411,101.880859375
08:00:34,912810UA4,TSRYS5802849,D,S,D,2024-07-05,1000000.00,4.508703,101.892578125
08:00:34,912810UA4,TSRYS5802849,D,S,D,2024-07-05,1000000.00,4.508231,101.900390625
08:00:34,912810UA4,TSRYS5802849,D,S,D,2024-07-05,1000000.00,4.508585,101.89453125
08:00:34,912810UA4,TSRYS5802849,D,S,D,2024-07-05,1000000.00,4.509411,101.880859375
08:00:34,912810UA4,TSRYS5802849,D,S,D,2024-07-05,1000000.00,4.509411,101.880859375
08:00:34,912810UA4,TSRYS5802849,D,S,D,2024-07-05,1000000.00,4.509175,101.884765625
08:00:34,912810UA4,TSRYS5802849,D,S,D,2024-07-05,1000000.00,4.509411,101.880859375
08:00:34,912810UA4,TSRYS5802849,D,S,D,2024-07-05,1000000.00,4.509411,101.880859375
08:00:34,912810UA4,TSRYS5802849,D,S,D,2024-07-05,1000000.00,4.509884,101.873046875
08:00:34,912810UA4,TSRYS5802849,D,S,D,2024-07-05,1000000.00,4.510002,101.87109375
08:00:34,912810UA4,TSRYS5802849,D,S,D,2024-07-05,1000000.00,4.510002,101.87109375
08:00:34,912810UA4,TSRYS5802849,D,S,D,2024-07-05,1000000.00,4.510002,101.87109375
08:00:34,912810UA4,TSRYS5802849,D,S,D,2024-07-05,1000000.00,4.509884,101.873046875
08:00:34,912810UA4,TSRYS5802849,D,S,D,2024-07-05,1000000.00,4.512128,101.8359375
08:00:34,912810UA4,TSRYS5802849,D,S,D,2024-07-05,1000000.00,4.512128,101.8359375
08:00:34,912810UA4,TSRYS5802849,D,S,D,2024-07-05,1000000.00,4.512365,101.83203125
08:00:34,912810UA4,TSRYS5802849,D,S,D,2024-07-05,1000000.00,4.512128,101.8359375
08:00:34,912810UA4,TSRYS5802849,D,S,D,2024-07-05,1000000.00,4.512128,101.8359375
08:00:34,912810UA4,TSRYS5802849,D,S,D,2024-07-05,1000000.00,4.510711,101.859375
08:00:34,912810UA4,TSRYS5802849,D,S,D,2024-07-05,1000000.00,4.511183,101.8515625
08:00:34,912810UA4,TSRYS5802849,D,S,D,2024-07-05,2000000.00,4.510238,101.8671875
08:00:34,912810UA4,TSRYS5802849,D,S,D,2024-07-05,2000000.00,4.510711,101.859375
08:00:34,912810UA4,TSRYS5802849,D,S,D,2024-07-05,1000000.00,4.510592,101.861328125
08:00:34,912810UA4,TSRYS5802849,D,S,D,2024-07-05,1000000.00,4.510829,101.857421875
08:00:34,912810UA4,TSRYS5802849,D,S,D,2024-07-05,1000000.00,4.510711,101.859375
08:00:34,912810UA4,TSRYS5802849,D,S,D,2024-07-05,1000000.00,4.510711,101.859375
08:00:34,912810UA4,TSRYS5802849,D,S,D,2024-07-05,1000000.00,4.512365,101.83203125
08:00:34,912810UA4,TSRYS5802849,D,S,D,2024-07-05,1000000.00,4.509648,101.876953125
08:00:34,912810UA4,TSRYS5802849,D,S,D,2024-07-05,1000000.00,4.510474,101.86328125
08:00:34,912810UA4,TSRYS5802849,D,S,D,2024-07-05,1000000.00,4.510474,101.86328125
08:00:34,912810UA4,TSRYS5802849,D,S,D,2024-07-05,1000000.00,4.510002,101.87109375
08:00:34,912810UA4,TSRYS5802849,D,S,D,2024-07-05,1000000.00,4.510002,101.87109375
08:00:34,912810UA4,TSRYS5802849,D,S,D,2024-07-05,1000000.00,4.507404,101.9140625
08:00:34,912810UA4,TSRYS5802849,D,S,D,2024-07-05,1000000.00,4.50705,101.919921875
08:00:34,912810UA4,TSRYS5802849,D,S,D,2024-07-05,1000000.00,4.50705,101.919921875
08:00:34,912810UA4,TSRYS5802849,D,S,D,2024-07-05,1000000.00,4.507404,101.9140625
08:00:34,912810UA4,TSRYS5802849,D,S,D,2024-07-05,1000000.00,4.507404,101.9140625
08:00:34,912810UA4,TSRYS5802849,D,S,D,2024-07-05,1000000.00,4.510002,101.87109375
08:00:34,912810UA4,TSRYS5802849,D,S,T,2024-07-05,1000000.00,4.542127,101.341796875
08:00:34,912810UA4,TSRYS5802849,D,S,T,2024-07-05,1000000.00,4.542008,101.34375
08:00:34,912810UA4,TSRYS5802849,D,S,T,2024-07-05,1000000.00,4.540581,101.3671875
08:00:34,912810UA4,TSRYS5802849,D,S,T,2024-07-05,1000000.00,4.540462,101.369140625
08:00:34,912810UA4,TSRYS5802849,D,S,T,2024-07-05,1000000.00,4.541057,101.359375
08:00:34,912810UA4,TSRYS5802849,D,S,T,2024-07-05,1000000.00,4.54296,101.328125
08:00:34,912810UA4,TSRYS5802849,D,S,T,2024-07-05,1000000.00,4.542484,101.3359375
08:00:34,912810UA4,TSRYS5802849,D,S,T,2024-07-05,1000000.00,4.534875,101.4609375
08:00:34,912810UA4,TSRYS5802849,D,S,T,2024-07-05,1000000.00,4.534875,101.4609375
08:00:34,912810UA4,TSRYS5802849,D,S,T,2024-07-05,1000000.00,4.534875,101.4609375
08:00:34,912810UA4,TSRYS5802849,D,S,T,2024-07-05,1000000.00,4.534044,101.474609375
08:00:34,912810UA4,TSRYS5802849,D,S,T,2024-07-05,1000000.00,4.533925,101.4765625
08:00:34,912810UA4,TSRYS5802849,D,S,T,2024-07-05,1000000.00,4.530245,101.537109375
08:00:34,912810UA4,TSRYS5802849,D,S,T,2024-07-05,1000000.00,4.530126,101.5390625
08:00:34,912810UA4,TSRYS5802849,D,S,T,2024-07-05,1000000.00,4.530008,101.541015625
08:00:34,912810UA4,TSRYS5802849,D,S,T,2024-07-05,1000000.00,4.531669,101.513671875
08:00:34,912810UA4,TSRYS5802849,D,S,T,2024-07-05,1000000.00,4.531669,101.513671875
08:00:34,912810UA4,TSRYS5802849,D,S,T,2024-07-05,1000000.00,4.52977,101.544921875
08:00:34,912810UA4,TSRYS5802849,D,S,T,2024-07-05,1000000.00,4.53072,101.529296875
08:00:34,912810UA4,TSRYS5802849,D,S,T,2024-07-05,1000000.00,4.530601,101.53125
08:00:34,912810UA4,TSRYS5802849,D,S,T,2024-07-05,1000000.00,4.530482,101.533203125
08:00:34,912810UA4,TSRYS5802849,D,S,T,2024-07-05,2000000.00,4.530601,101.53125
08:00:34,912810UA4,TSRYS5802849,D,S,T,2024-07-05,1000000.00,4.531076,101.5234375
08:00:34,912810UA4,TSRYS5802849,D,S,T,2024-07-05,1000000.00,4.527279,101.5859375
08:00:34,912810UA4,TSRYS5802849,D,S,T,2024-07-05,1000000.00,4.527279,101.5859375
08:00:34,912810UA4,TSRYS5802849,D,S,T,2024-07-05,1000000.00,4.527279,101.5859375
08:00:34,912810UA4,TSRYS5802849,D,S,T,2024-07-05,1000000.00,4.527398,101.583984375
08:00:34,912810UA4,TSRYS5802849,D,S,T,2024-07-05,1000000.00,4.529414,101.55078125
08:00:34,912810UA4,TSRYS5802849,D,S,T,2024-07-05,1000000.00,4.529296,101.552734375
08:00:34,912810UA4,TSRYS5802849,D,S,T,2024-07-05,1000000.00,4.529296,101.552734375
08:00:34,912810UA4,TSRYS5802849,D,S,T,2024-07-05,1000000.00,4.529296,101.552734375
08:00:34,912810UA4,TSRYS5802849,D,S,T,2024-07-05,1000000.00,4.529296,101.552734375
08:00:34,912810UA4,TSRYS5802849,D,S,T,2024-07-05,1000000.00,4.529177,101.5546875
08:00:34,912810UA4,TSRYS5802849,D,S,T,2024-07-05,1000000.00,4.53072,101.529296875
08:00:34,912810UA4,TSRYS5802849,D,S,T,2024-07-05,1000000.00,4.530838,101.52734375
08:00:34,912810UA4,TSRYS5802849,D,S,T,2024-07-05,1000000.00,4.530838,101.52734375
08:00:34,912810UA4,TSRYS5802849,D,S,T,2024-07-05,1000000.00,4.53072,101.529296875
08:00:34,912810UA4,TSRYS5802849,D,S,T,2024-07-05,1000000.00,4.53072,101.529296875
08:00:34,912810UA4,TSRYS5802849,D,S,T,2024-07-05,1000000.00,4.530838,101.52734375
08:00:34,912810UA4,TSRYS5802849,D,S,T,2024-07-05,1000000.00,4.530838,101.52734375
08:00:34,912810UA4,TSRYS5802849,D,S,T,2024-07-05,1000000.00,4.5325,101.5
08:00:34,912810UA4,TSRYS5802849,D,S,T,2024-07-05,1000000.00,4.5325,101.5
08:00:34,912810UA4,TSRYS5802849,D,S,T,2024-07-05,1000000.00,4.534638,101.46484375
08:00:34,912810UA4,TSRYS5802849,D,S,T,2024-07-05,1000000.00,4.533925,101.4765625
08:00:34,912810UA4,TSRYS5802849,D,S,T,2024-07-05,1000000.00,4.534044,101.474609375
08:00:34,912810UA4,TSRYS5802849,D,S,T,2024-07-05,1000000.00,4.534162,101.47265625
08:00:34,912810UA4,TSRYS5802849,D,S,T,2024-07-05,1000000.00,4.533687,101.48046875
08:00:34,912810UA4,TSRYS5802849,D,S,T,2024-07-05,1000000.00,4.53345,101.484375
08:00:34,912810UA4,TSRYS5802849,D,S,T,2024-07-05,1000000.00,4.53345,101.484375
08:00:34,912810UA4,TSRYS5802849,D,S,T,2024-07-05,1000000.00,4.534875,101.4609375
08:00:34,912810UA4,TSRYS5802849,D,S,T,2024-07-05,1000000.00,4.534875,101.4609375
08:00:34,912810UA4,TSRYS5802849,D,S,T,2024-07-05,1000000.00,4.534875,101.4609375
08:00:34,912810UA4,TSRYS5802849,D,S,T,2024-07-05,1000000.00,4.534638,101.46484375
08:00:34,912810UA4,TSRYS5802849,D,S,T,2024-07-05,1000000.00,4.534519,101.466796875
08:00:34,912810UA4,TSRYS5802849,D,S,T,2024-07-05,1000000.00,4.5344,101.46875
08:00:34,912810UA4,TSRYS5802849,D,S,T,2024-07-05,1000000.00,4.529177,101.5546875
08:00:34,912810UA4,TSRYS5802849,D,S,T,2024-07-05,1000000.00,4.529652,101.546875
08:00:34,912810UA4,TSRYS5802849,D,S,T,2024-07-05,1000000.00,4.526805,101.59375
08:00:34,912810UA4,TSRYS5802849,D,S,T,2024-07-05,1000000.00,4.525027,101.623046875
08:00:34,912810UA4,TSRYS5802849,D,S,T,2024-07-05,1000000.00,4.527517,101.58203125
08:00:34,912810UA4,TSRYS5802849,D,S,T,2024-07-05,1000000.00,4.527161,101.587890625
08:00:34,912810UA4,TSRYS5802849,D,S,T,2024-07-05,1000000.00,4.526094,101.60546875
08:00:34,912810UA4,TSRYS5802849,D,S,T,2024-07-05,1000000.00,4.525027,101.623046875
08:00:34,912810UA4,TSRYS5802849,D,S,T,2024-07-05,1000000.00,4.524434,101.6328125
08:00:34,912810UA4,TSRYS5802849,D,S,T,2024-07-05,1000000.00,4.522539,101.6640625
08:00:34,912810UA4,TSRYS5802849,D,S,T,2024-07-05,1000000.00,4.523013,101.65625
08:00:34,912810UA4,TSRYS5802849,D,S,T,2024-07-05,1000000.00,4.524197,101.63671875
08:00:34,912810UA4,TSRYS5802849,D,S,T,2024-07-05,1000000.00,4.523605,101.646484375
08:00:34,912810UA4,TSRYS5802849,D,S,T,2024-07-05,1000000.00,4.521118,101.6875
08:00:34,912810UA4,TSRYS5802849,D,S,T,2024-07-05,1000000.00,4.521118,101.6875
08:00:34,912810UA4,TSRYS5802849,D,S,T,2024-07-05,1000000.00,4.519579,101.712890625
08:00:34,912810UA4,TSRYS5802849,D,S,T,2024-07-05,1000000.00,4.522065,101.671875
08:00:34,912810UA4,TSRYS5802849,D,S,T,2024-07-05,1000000.00,4.522065,101.671875
08:00:34,912810UA4,TSRYS5802849,D,S,T,2024-07-05,1000000.00,4.522065,101.671875
08:00:34,912810UA4,TSRYS5802849,D,S,T,2024-07-05,1000000.00,4.521118,101.6875
08:00:34,912810UA4,TSRYS5802849,D,S,T,2024-07-05,1000000.00,4.521118,101.6875
08:00:34,912810UA4,TSRYS5802849,D,S,T,2024-07-05,1000000.00,4.521118,101.6875
08:00:34,912810UA4,TSRYS5802849,D,S,T,2024-07-05,1000000.00,4.521118,101.6875
08:00:34,912810UA4,TSRYS5802849,D,S,T,2024-07-05,1000000.00,4.521118,101.6875
08:00:34,912810UA4,TSRYS5802849,D,S,T,2024-07-05,1000000.00,4.521118,101.6875
08:00:34,912810UA4,TSRYS5802849,D,S,T,2024-07-05,1000000.00,4.521118,101.6875
08:00:34,912810UA4,TSRYS5802849,D,S,T,2024-07-05,1000000.00,4.521118,101.6875
08:00:34,912810UA4,TSRYS5802849,D,S,T,2024-07-05,1000000.00,4.521118,101.6875
08:00:34,912810UA4,TSRYS5802849,D,S,T,2024-07-05,1000000.00,4.522065,101.671875
08:00:34,912810UA4,TSRYS5802849,D,S,T,2024-07-05,1000000.00,4.521828,101.67578125
08:00:34,912810UA4,TSRYS5802849,D,S,T,2024-07-05,1000000.00,4.522065,101.671875
08:00:34,912810UA4,TSRYS5802849,D,S,T,2024-07-05,1000000.00,4.521828,101.67578125
08:00:34,912810UA4,TSRYS5802849,D,S,T,2024-07-05,1000000.00,4.516029,101.771484375
08:00:34,912810UA4,TSRYS5802849,D,S,T,2024-07-05,1000000.00,4.515911,101.7734375
08:00:34,912810UA4,TSRYS5802849,D,S,T,2024-07-05,1000000.00,4.514256,101.80078125
08:00:34,912810UA4,TSRYS5802849,D,S,T,2024-07-05,1000000.00,4.514019,101.8046875
08:00:34,912810UA4,TSRYS5802849,D,S,T,2024-07-05,1000000.00,4.513901,101.806640625
08:00:34,912810UA4,TSRYS5802849,D,S,T,2024-07-05,2000000.00,4.514374,101.798828125
08:00:34,912810UA4,TSRYS5802849,D,S,T,2024-07-05,1000000.00,4.513074,101.8203125
08:00:34,912810UA4,TSRYS5802849,D,S,T,2024-07-05,1000000.00,4.511774,101.841796875
08:00:34,912810UA4,TSRYS5802849,D,S,T,2024-07-05,2000000.00,4.515201,101.78515625
08:00:34,912810UA4,TSRYS5802849,D,S,T,2024-07-05,1000000.00,4.515083,101.787109375
08:00:34,912810UA4,TSRYS5802849,D,S,T,2024-07-05,1000000.00,4.514965,101.7890625
08:00:34,912810UA4,TSRYS5802849,D,S,T,2024-07-05,1000000.00,4.514729,101.79296875
08:00:34,912810UA4,TSRYS5802849,D,S,T,2024-07-05,1000000.00,4.511656,101.84375
08:00:34,912810UA4,TSRYS5802849,D,S,T,2024-07-05,1000000.00,4.512719,101.826171875
08:00:34,912810UA4,TSRYS5802849,D,S,T,2024-07-05,1000000.00,4.511892,101.83984375
08:00:34,912810UA4,TSRYS5802849,D,S,T,2024-07-05,1000000.00,4.51201,101.837890625
08:00:34,912810UA4,TSRYS5802849,D,S,T,2024-07-05,2000000.00,4.509175,101.884765625
08:00:34,912810UA4,TSRYS5802849,D,S,T,2024-07-05,1000000.00,4.508703,101.892578125
08:00:34,912810UA4,TSRYS5802849,D,S,T,2024-07-05,1000000.00,4.509411,101.880859375
08:00:34,912810UA4,TSRYS5802849,D,S,T,2024-07-05,1000000.00,4.513665,101.810546875
08:00:34,912810UA4,TSRYS5802849,D,S,T,2024-07-05,1000000.00,4.512128,101.8359375
08:00:34,912810UA4,TSRYS5802849,D,S,T,2024-07-05,1000000.00,4.512128,101.8359375
08:00:34,912810UA4,TSRYS5802849,D,S,T,2024-07-05,1000000.00,4.512128,101.8359375
08:00:34,912810UA4,TSRYS5802849,D,S,T,2024-07-05,1000000.00,4.512128,101.8359375
08:00:34,912810UA4,TSRYS5802849,D,S,T,2024-07-05,1000000.00,4.512128,101.8359375
08:00:34,912810UA4,TSRYS5802849,D,S,T,2024-07-05,1000000.00,4.512128,101.8359375
08:00:34,912810UA4,TSRYS5802849,D,S,T,2024-07-05,1000000.00,4.510829,101.857421875
08:00:34,912810UA4,TSRYS5802849,D,S,T,2024-07-05,1000000.00,4.510592,101.861328125
08:00:34,912810UA4,TSRYS5802849,D,S,T,2024-07-05,1000000.00,4.510829,101.857421875
08:00:34,912810UA4,TSRYS5802849,D,S,T,2024-07-05,1000000.00,4.510711,101.859375
08:00:34,912810UA4,TSRYS5802849,D,S,T,2024-07-05,1000000.00,4.510711,101.859375
08:00:34,912810UA4,TSRYS5802849,D,S,T,2024-07-05,1000000.00,4.512483,101.830078125
08:00:34,912810UA4,TSRYS5802849,D,S,T,2024-07-05,1000000.00,4.512483,101.830078125
08:00:34,912810UA4,TSRYS5802849,D,S,T,2024-07-05,1000000.00,4.510711,101.859375
08:00:34,912810UA4,TSRYS5802849,D,S,T,2024-07-05,1000000.00,4.509648,101.876953125
08:00:34,912810UA4,TSRYS5802849,D,S,T,2024-07-05,1000000.00,4.509293,101.8828125
08:00:34,912810UA4,TSRYS5802849,D,S,T,2024-07-05,2000000.00,4.51012,101.869140625
08:00:34,912810UA4,TSRYS5802849,D,S,T,2024-07-05,1000000.00,4.510356,101.865234375
08:00:34,912810UA4,TSRYS5802849,D,S,T,2024-07-05,1000000.00,4.510474,101.86328125
08:00:34,912810UA4,TSRYS5802849,D,S,T,2024-07-05,1000000.00,4.510002,101.87109375
08:00:34,912810UA4,TSRYS5802849,D,S,T,2024-07-05,1000000.00,4.510002,101.87109375
08:00:34,912810UA4,TSRYS5802849,D,S,T,2024-07-05,1000000.00,4.509884,101.873046875
08:00:34,912810UA4,TSRYS5802849,D,S,T,2024-07-05,2000000.00,4.510238,101.8671875
08:00:34,912810UA4,TSRYS5802849,D,S,T,2024-07-05,1000000.00,4.510238,101.8671875
08:00:34,912810UA4,TSRYS5802849,D,S,T,2024-07-05,1000000.00,4.51012,101.869140625
08:00:34,912810UA4,TSRYS5802849,D,S,T,2024-07-05,1000000.00,4.506932,101.921875
08:00:34,912810UA4,TSRYS5802849,D,S,T,2024-07-05,1000000.00,4.507168,101.91796875
08:00:34,912810UA4,TSRYS5802849,D,S,T,2024-07-05,1000000.00,4.507168,101.91796875
08:00:34,912810UA4,TSRYS5802849,D,S,T,2024-07-05,1000000.00,4.50705,101.919921875
08:00:34,912810UA4,TSRYS5802849,D,S,T,2024-07-05,1000000.00,4.507168,101.91796875
08:00:34,912810UA4,TSRYS5802849,D,S,D,2024-07-05,1000000.00,4.529652,101.546875
08:00:34,912810UA4,TSRYS5802849,D,S,D,2024-07-05,1000000.00,4.530601,101.53125
08:00:34,912810UA4,TSRYS5802849,D,S,D,2024-07-05,1000000.00,4.53155,101.515625
08:00:34,912810UA4,TSRYS5802849,D,S,D,2024-07-05,1000000.00,4.531076,101.5234375
08:00:34,912810UA4,TSRYS5802849,D,S,D,2024-07-05,1000000.00,4.530601,101.53125
08:00:34,912810UA4,TSRYS5802849,D,S,D,2024-07-05,1000000.00,4.530601,101.53125
08:00:34,912810UA4,TSRYS5802849,D,S,T,2024-07-05,1000000.00,4.529652,101.546875
08:00:34,912810UA4,TSRYS5802849,D,B,A,2024-07-05,500000.00,4.529652,101.546875
08:00:34,912810UA4,TSRYS5802849,D,S,T,2024-07-05,1000000.00,4.530364,101.53515625
08:00:34,912810UA4,TSRYS5802849,D,B,A,2024-07-05,10000000.00,4.535826,101.4453125
08:00:34,912810UA4,TSRYS5802849,D,S,D,2024-07-05,1000000.00,4.530126,101.5390625
08:00:34,912810UA4,TSRYS5802849,D,S,T,2024-07-05,1000000.00,4.530364,101.53515625
08:00:34,912810UA4,TSRYS5802849,D,S,D,2024-07-05,1000000.00,4.529889,101.54296875
08:00:34,912810UA4,TSRYS5802849,D,S,T,2024-07-05,1000000.00,4.530601,101.53125
08:00:34,912810UA4,TSRYS5802849,D,S,T,2024-07-05,1000000.00,4.53155,101.515625
08:00:34,912810UA4,TSRYS5802849,D,S,D,2024-07-05,1000000.00,4.530838,101.52734375
08:00:34,912810UA4,TSRYS5802849,D,S,T,2024-07-05,2000000.00,4.530126,101.5390625
08:00:34,912810UA4,TSRYS5802849,D,S,T,2024-07-05,2000000.00,4.531076,101.5234375
08:00:34,912810UA4,TSRYS5802849,D,S,T,2024-07-05,1000000.00,4.530126,101.5390625
08:00:34,912810UA4,TSRYS5802849,D,S,D,2024-07-05,1000000.00,4.534162,101.47265625
08:00:38,912810UA4,TSRYS5802849,D,S,T,2024-07-05,1000000.00,4.530245,101.537109375
08:00:38,912810UA4,TSRYS5802849,D,S,T,2024-07-05,1000000.00,4.531076,101.5234375
08:00:38,912810UA4,TSRYS5802849,D,S,T,2024-07-05,1000000.00,4.531432,101.517578125
08:00:38,912810UA4,TSRYS5802849,D,S,T,2024-07-05,1000000.00,4.530601,101.53125
08:00:38,912810UA4,TSRYS5802849,D,S,T,2024-07-05,1000000.00,4.531076,101.5234375
08:00:38,912810UA4,TSRYS5802849,D,S,T,2024-07-05,1000000.00,4.532619,101.498046875
08:00:38,912810UA4,TSRYS5802849,D,S,T,2024-07-05,1000000.00,4.530601,101.53125
08:00:38,912810UA4,TSRYS5802849,D,S,T,2024-07-05,2000000.00,4.531076,101.5234375
08:00:38,912810UA4,TSRYS5802849,D,S,T,2024-07-05,2000000.00,4.531076,101.5234375
08:00:38,912810UA4,TSRYS5802849,D,S,T,2024-07-05,1000000.00,4.531432,101.517578125
08:00:38,912810UA4,TSRYS5802849,D,S,T,2024-07-05,1000000.00,4.531432,101.517578125
08:00:38,912810UA4,TSRYS5802849,D,B,C,2024-07-05,12400000.00,4.531076,101.5234375
08:00:38,912810UA4,TSRYS5802849,D,S,T,2024-07-05,2000000.00,4.531432,101.517578125
08:00:38,912810UA4,TSRYS5802849,D,S,T,2024-07-05,1000000.00,4.530601,101.53125
08:00:38,912810UA4,TSRYS5802849,D,S,C,2024-07-05,3750000.00,4.540098,101.375
08:00:38,912810UA4,TSRYS5802849,D,S,D,2024-07-05,1000000.00,4.528465,101.56640625
08:00:38,912810UA4,TSRYS5802849,D,S,D,2024-07-05,1000000.00,4.528228,101.5703125
08:00:38,912810UA4,TSRYS5802849,D,S,T,2024-07-05,1000000.00,4.530601,101.53125
08:00:38,912810UA4,TSRYS5802849,D,S,T,2024-07-05,1000000.00,4.530601,101.53125
08:00:38,912810UA4,TSRYS5802849,D,S,T,2024-07-05,1000000.00,4.530601,101.53125
08:00:38,912810UA4,TSRYS5802849,D,S,T,2024-07-05,1000000.00,4.53155,101.515625
08:00:38,912810UA4,TSRYS5802849,D,S,T,2024-07-05,1000000.00,4.530601,101.53125
08:00:38,912810UA4,TSRYS5802849,D,S,T,2024-07-05,1000000.00,4.530601,101.53125
08:00:38,912810UA4,TSRYS5802849,D,S,T,2024-07-05,2000000.00,4.530601,101.53125
08:00:38,912810UA4,TSRYS5802849,D,S,T,2024-07-05,1000000.00,4.531432,101.517578125
08:00:38,912810UA4,TSRYS5802849,D,S,T,2024-07-05,1000000.00,4.530601,101.53125
08:00:39,912810UA4,TSRYS5802849,D,S,T,2024-07-05,1000000.00,4.531432,101.517578125
08:00:39,912810UA4,TSRYS5802849,D,S,T,2024-07-05,1000000.00,4.530601,101.53125
08:00:39,912810UA4,TSRYS5802849,D,S,T,2024-07-05,1000000.00,4.530601,101.53125
08:00:39,912810UA4,TSRYS5802849,D,S,T,2024-07-05,1000000.00,4.530601,101.53125
08:00:39,912810UA4,TSRYS5802849,D,S,T,2024-07-05,1000000.00,4.530601,101.53125
08:00:39,912810UA4,TSRYS5802849,D,S,T,2024-07-05,1000000.00,4.530601,101.53125
08:00:39,912810UA4,TSRYS5802849,D,S,T,2024-07-05,1000000.00,4.530008,101.541015625
08:00:39,912810UA4,TSRYS5802849,D,S,T,2024-07-05,1000000.00,4.530601,101.53125
08:00:39,912810UA4,TSRYS5802849,D,S,T,2024-07-05,1000000.00,4.530601,101.53125
08:00:39,912810UA4,TSRYS5802849,D,S,T,2024-07-05,1000000.00,4.530601,101.53125
08:00:39,912810UA4,TSRYS5802849,D,S,T,2024-07-05,1000000.00,4.531076,101.5234375
08:00:40,912810UA4,TSRYS5802849,D,S,T,2024-07-05,1000000.00,4.531432,101.517578125
08:00:40,912810UA4,TSRYS5802849,D,S,T,2024-07-05,1000000.00,4.541057,101.359375
08:00:40,912810UA4,TSRYS5802849,D,S,T,2024-07-05,1000000.00,4.530601,101.53125
08:00:40,912810UA4,TSRYS5802849,D,S,T,2024-07-05,1000000.00,4.530601,101.53125
08:00:40,912810UA4,TSRYS5802849,D,S,T,2024-07-05,1000000.00,4.529533,101.548828125
08:00:40,912810UA4,TSRYS5802849,D,S,T,2024-07-05,1000000.00,4.530245,101.537109375
08:00:40,912810UA4,TSRYS5802849,D,S,T,2024-07-05,1000000.00,4.530601,101.53125
08:00:40,912810UA4,TSRYS5802849,D,S,T,2024-07-05,1000000.00,4.530601,101.53125
08:00:40,912810UA4,TSRYS5802849,D,S,T,2024-07-05,1000000.00,4.530601,101.53125
08:00:40,912810UA4,TSRYS5802849,D,S,T,2024-07-05,1000000.00,4.531076,101.5234375
08:00:40,912810UA4,TSRYS5802849,D,S,T,2024-07-05,1000000.00,4.530601,101.53125
08:00:40,912810UA4,TSRYS5802849,D,S,T,2024-07-05,1000000.00,4.530601,101.53125
08:00:41,912810UA4,TSRYS5802849,D,S,T,2024-07-05,1000000.00,4.530601,101.53125
08:00:41,912810UA4,TSRYS5802849,D,S,T,2024-07-05,1000000.00,4.530601,101.53125
08:00:41,912810UA4,TSRYS5802849,D,S,T,2024-07-05,1000000.00,4.530601,101.53125
08:00:41,912810UA4,TSRYS5802849,D,S,T,2024-07-05,1000000.00,4.530364,101.53515625
08:00:41,912810UA4,TSRYS5802849,D,S,T,2024-07-05,1000000.00,4.530601,101.53125
08:00:41,912810UA4,TSRYS5802849,D,S,T,2024-07-05,1000000.00,4.530601,101.53125
08:00:41,912810UA4,TSRYS5802849,D,S,T,2024-07-05,1000000.00,4.530601,101.53125
08:00:41,912810UA4,TSRYS5802849,D,S,T,2024-07-05,1000000.00,4.530601,101.53125
08:00:42,912810UA4,TSRYS5802849,D,S,A,2024-07-05,525000.00,4.532263,101.50390625
08:00:42,912810UA4,TSRYS5802849,D,S,A,2024-07-05,500000.00,4.531788,101.51171875
08:00:42,912810UA4,TSRYS5802849,D,S,D,2024-07-05,1000000.00,4.530601,101.53125
08:00:42,912810UA4,TSRYS5802849,D,S,T,2024-07-05,1000000.00,4.529652,101.546875
08:00:42,912810UA4,TSRYS5802849,D,S,T,2024-07-05,1000000.00,4.529652,101.546875
08:00:42,912810UA4,TSRYS5802849,D,S,A,2024-07-05,1000000.00,4.528703,101.5625
08:00:42,912810UA4,TSRYS5802849,D,S,T,2024-07-05,1000000.00,4.530601,101.53125
08:00:42,912810UA4,TSRYS5802849,D,S,T,2024-07-05,1000000.00,4.530957,101.525390625
08:00:42,912810UA4,TSRYS5802849,D,S,T,2024-07-05,1000000.00,4.529652,101.546875
08:00:43,912810UA4,TSRYS5802849,D,S,T,2024-07-05,1000000.00,4.530601,101.53125
08:00:43,912810UA4,TSRYS5802849,D,S,D,2024-07-05,1000000.00,4.530601,101.53125
08:00:43,912810UA4,TSRYS5802849,D,S,T,2024-07-05,8000000.00,4.529652,101.546875
08:00:43,912810UA4,TSRYS5802849,D,S,T,2024-07-05,1000000.00,4.529652,101.546875
08:00:43,912810UA4,TSRYS5802849,D,S,T,2024-07-05,1000000.00,4.530601,101.53125
08:00:43,912810UA4,TSRYS5802849,D,S,T,2024-07-05,1000000.00,4.530601,101.53125
08:00:43,912810UA4,TSRYS5802849,D,S,T,2024-07-05,3000000.00,4.529652,101.546875
08:00:43,912810UA4,TSRYS5802849,D,S,T,2024-07-05,2000000.00,4.529533,101.548828125
08:00:44,912810UA4,TSRYS5802849,D,S,T,2024-07-05,1000000.00,4.529533,101.548828125
08:00:44,912810UA4,TSRYS5802849,D,S,T,2024-07-05,1000000.00,4.529652,101.546875
08:00:44,912810UA4,TSRYS5802849,D,S,T,2024-07-05,1000000.00,4.529652,101.546875
08:00:44,912810UA4,TSRYS5802849,D,S,T,2024-07-05,1000000.00,4.530601,101.53125
08:00:45,912810UA4,TSRYS5802849,D,S,T,2024-07-05,1000000.00,4.529652,101.546875
08:00:45,912810UA4,TSRYS5802849,D,S,T,2024-07-05,1000000.00,4.529652,101.546875
08:00:45,912810UA4,TSRYS5802849,D,S,T,2024-07-05,1000000.00,4.530601,101.53125
08:00:45,912810UA4,TSRYS5802849,D,S,T,2024-07-05,1000000.00,4.5325,101.5
08:00:45,912810UA4,TSRYS5802849,D,S,T,2024-07-05,2000000.00,4.529652,101.546875
08:00:46,912810UA4,TSRYS5802849,D,S,T,2024-07-05,1000000.00,4.528584,101.564453125
08:00:46,912810UA4,TSRYS5802849,D,S,D,2024-07-05,2000000.00,4.509766,101.875
08:00:46,912810UA4,TSRYS5802849,D,S,D,2024-07-05,1000000.00,4.509766,101.875
08:00:46,912810UA4,TSRYS5802849,D,B,C,2024-07-05,27000000.00,4.530601,101.53125
08:00:46,912810UA4,TSRYS5802849,D,S,T,2024-07-05,1000000.00,4.530601,101.53125
08:00:46,912810UA4,TSRYS5802849,D,S,T,2024-07-05,1000000.00,4.527279,101.5859375
08:00:47,912810UA4,TSRYS5802849,D,S,T,2024-07-05,1000000.00,4.530601,101.53125
08:00:47,912810UA4,TSRYS5802849,D,S,T,2024-07-05,1000000.00,4.530601,101.53125
08:00:47,912810UA4,TSRYS5802849,D,S,D,2024-07-05,1000000.00,4.523013,101.65625
08:00:47,912810UA4,TSRYS5802849,D,S,T,2024-07-05,1000000.00,4.530601,101.53125
08:00:47,912810UA4,TSRYS5802849,D,S,D,2024-07-05,1000000.00,4.523961,101.640625
08:00:47,912810UA4,TSRYS5802849,D,S,T,2024-07-05,1000000.00,4.519248,101.71875
08:00:47,912810UA4,TSRYS5802849,D,S,T,2024-07-05,1000000.00,4.519248,101.71875
08:00:47,912810UA4,TSRYS5802849,D,S,T,2024-07-05,1000000.00,4.521142,101.6875
08:00:47,912810UA4,TSRYS5802849,D,S,C,2024-07-05,55000.00,4.518269,101.734375
08:00:47,912810UA4,TSRYS5802849,D,S,T,2024-07-05,1000000.00,4.521142,101.6875
08:00:47,912810UA4,TSRYS5802849,D,S,T,2024-07-05,1000000.00,4.521142,101.6875
08:00:47,912810UA4,TSRYS5802849,D,S,T,2024-07-05,1000000.00,4.521142,101.6875
08:00:47,912810UA4,TSRYS5802849,D,S,T,2024-07-05,1000000.00,4.521142,101.6875
08:00:47,912810UA4,TSRYS5802849,D,S,T,2024-07-05,1000000.00,4.521142,101.6875
08:00:47,912810UA4,TSRYS5802849,D,S,D,2024-07-05,1000000.00,4.519248,101.71875
08:00:47,912810UA4,TSRYS5802849,D,S,D,2024-07-05,1000000.00,4.519248,101.71875
08:00:47,912810UA4,TSRYS5802849,D,S,D,2024-07-05,1000000.00,4.521142,101.6875
08:00:47,912810UA4,TSRYS5802849,D,S,D,2024-07-05,2000000.00,4.521142,101.6875
08:00:47,912810UA4,TSRYS5802849,D,S,D,2024-07-05,1000000.00,4.521142,101.6875
08:00:47,912810UA4,TSRYS5802849,D,S,D,2024-07-05,1000000.00,4.521142,101.6875
08:00:47,912810UA4,TSRYS5802849,D,S,D,2024-07-05,1000000.00,4.521142,101.6875
08:00:47,912810UA4,TSRYS5802849,D,S,D,2024-07-05,1000000.00,4.522339,101.6677544831
08:00:47,912810UA4,TSRYS5802849,D,S,T,2024-07-05,3000000.00,4.522089,101.671875
08:00:47,912810UA4,TSRYS5802849,D,S,T,2024-07-05,2000000.00,4.530601,101.53125
08:00:47,912810UA4,TSRYS5802849,D,S,D,2024-07-05,1000000.00,4.523037,101.65625
08:00:47,912810UA4,TSRYS5802849,D,S,D,2024-07-05,1000000.00,4.523037,101.65625
08:00:47,912810UA4,TSRYS5802849,D,S,D,2024-07-05,1000000.00,4.523037,101.65625
08:00:47,912810UA4,TSRYS5802849,D,S,T,2024-07-05,1000000.00,4.523037,101.65625
08:00:47,912810UA4,TSRYS5802849,D,S,T,2024-07-05,1000000.00,4.523037,101.65625
08:00:47,912810UA4,TSRYS5802849,D,S,T,2024-07-05,1000000.00,4.522089,101.671875
08:00:47,912810UA4,TSRYS5802849,D,S,T,2024-07-05,1000000.00,4.523037,101.65625
08:00:47,912810UA4,TSRYS5802849,D,S,D,2024-07-05,1000000.00,4.523037,101.65625
08:00:47,912810UA4,TSRYS5802849,D,S,D,2024-07-05,1000000.00,4.523037,101.65625
08:00:47,912810UA4,TSRYS5802849,D,S,D,2024-07-05,1000000.00,4.523037,101.65625
08:00:47,912810UA4,TSRYS5802849,D,S,D,2024-07-05,1000000.00,4.523037,101.65625
08:00:47,912810UA4,TSRYS5802849,D,S,D,2024-07-05,1000000.00,4.523037,101.65625
08:00:47,912810UA4,TSRYS5802849,D,S,D,2024-07-05,1000000.00,4.523037,101.65625
08:00:47,912810UA4,TSRYS5802849,D,S,D,2024-07-05,1000000.00,4.523037,101.65625
08:00:47,912810UA4,TSRYS5802849,D,S,D,2024-07-05,1000000.00,4.523037,101.65625
08:00:47,912810UA4,TSRYS5802849,D,S,D,2024-07-05,4000000.00,4.523037,101.65625
08:00:47,912810UA4,TSRYS5802849,D,S,D,2024-07-05,1000000.00,4.523037,101.65625
08:00:47,912810UA4,TSRYS5802849,D,S,D,2024-07-05,3000000.00,4.523037,101.65625
08:00:47,912810UA4,TSRYS5802849,D,S,D,2024-07-05,1000000.00,4.523037,101.65625
08:00:47,912810UA4,TSRYS5802849,D,S,D,2024-07-05,1000000.00,4.522089,101.671875
08:00:47,912810UA4,TSRYS5802849,D,S,D,2024-07-05,1000000.00,4.522089,101.671875
08:00:47,912810UA4,TSRYS5802849,D,S,D,2024-07-05,1000000.00,4.522089,101.671875
08:00:47,912810UA4,TSRYS5802849,D,S,D,2024-07-05,1000000.00,4.522089,101.671875
08:00:47,912810UA4,TSRYS5802849,D,S,D,2024-07-05,1000000.00,4.522089,101.671875
08:00:47,912810UA4,TSRYS5802849,D,S,D,2024-07-05,1000000.00,4.523985,101.640625
08:00:47,912810UA4,TSRYS5802849,D,S,C,2024-07-05,6900000.00,4.523037,101.65625
08:00:47,912810UA4,TSRYS5802849,D,S,C,2024-07-05,12350000.00,4.528916,101.55899375
08:00:47,912810UA4,TSRYS5802849,D,S,D,2024-07-05,1000000.00,4.521142,101.6875
08:00:47,912810UA4,TSRYS5802849,D,B,C,2024-07-05,30000000.00,4.530601,101.53125
08:00:47,912810UA4,TSRYS5802849,D,S,T,2024-07-05,1000000.00,4.521142,101.6875
08:00:47,912810UA4,TSRYS5802849,D,S,T,2024-07-05,2000000.00,4.521142,101.6875
08:00:47,912810UA4,TSRYS5802849,D,S,T,2024-07-05,2000000.00,4.522089,101.671875
08:00:47,912810UA4,TSRYS5802849,D,S,T,2024-07-05,1000000.00,4.522089,101.671875
08:00:47,912810UA4,TSRYS5802849,D,S,T,2024-07-05,1000000.00,4.523037,101.65625
08:00:48,912810UA4,TSRYS5802849,D,S,T,2024-07-05,1000000.00,4.530601,101.53125
08:00:48,912810UA4,TSRYS5802849,D,B,A,2024-07-05,750000.00,4.529889,101.542969
08:00:48,912810UA4,TSRYS5802849,D,S,T,2024-07-05,1000000.00,4.520195,101.703125
08:00:48,912810UA4,TSRYS5802849,D,S,T,2024-07-05,1000000.00,4.521142,101.6875
08:00:48,912810UA4,TSRYS5802849,D,S,T,2024-07-05,1000000.00,4.521142,101.6875
08:00:48,912810UA4,TSRYS5802849,D,S,D,2024-07-05,1000000.00,4.520195,101.703125
08:00:48,912810UA4,TSRYS5802849,D,S,T,2024-07-05,1000000.00,4.521142,101.6875
08:00:48,912810UA4,TSRYS5802849,D,S,D,2024-07-05,1000000.00,4.520195,101.703125
08:00:48,912810UA4,TSRYS5802849,D,S,D,2024-07-05,1000000.00,4.520195,101.703125
08:00:48,912810UA4,TSRYS5802849,D,S,D,2024-07-05,1000000.00,4.521142,101.6875
08:00:48,912810UA4,TSRYS5802849,D,S,D,2024-07-05,1000000.00,4.521142,101.6875
08:00:48,912810UA4,TSRYS5802849,D,S,D,2024-07-05,1000000.00,4.521142,101.6875
08:00:48,912810UA4,TSRYS5802849,D,S,T,2024-07-05,1000000.00,4.519248,101.71875
08:00:48,912810UA4,TSRYS5802849,D,S,D,2024-07-05,1000000.00,4.519248,101.71875
08:00:48,912810UA4,TSRYS5802849,D,S,D,2024-07-05,1000000.00,4.518302,101.734375
08:00:48,912810UA4,TSRYS5802849,D,S,T,2024-07-05,1000000.00,4.530601,101.53125
08:00:48,912810UA4,TSRYS5802849,D,S,T,2024-07-05,1000000.00,4.518302,101.734375
08:00:48,912810UA4,TSRYS5802849,D,S,D,2024-07-05,100000.00,4.518538,101.73046875
08:00:48,912810UA4,TSRYS5802849,D,S,D,2024-07-05,1000000.00,4.520195,101.703125
08:00:48,912810UA4,TSRYS5802849,D,S,T,2024-07-05,1000000.00,4.5325,101.5
08:00:48,912810UA4,TSRYS5802849,D,S,T,2024-07-05,1000000.00,4.521379,101.68359375
08:00:48,912810UA4,TSRYS5802849,D,S,T,2024-07-05,2000000.00,4.521142,101.6875
08:00:48,912810UA4,TSRYS5802849,D,S,T,2024-07-05,1000000.00,4.523037,101.65625
08:00:48,912810UA4,TSRYS5802849,D,S,C,2024-07-05,1295000.00,4.523037,101.65625
08:00:48,912810UA4,TSRYS5802849,D,S,D,2024-07-05,1000000.00,4.523487,101.6484375
08:00:48,912810UA4,TSRYS5802849,D,S,T,2024-07-05,1000000.00,4.528465,101.56640625
08:00:48,912810UA4,TSRYS5802849,D,S,T,2024-07-05,1000000.00,4.523985,101.640625
08:00:48,912810UA4,TSRYS5802849,D,S,T,2024-07-05,1000000.00,4.523985,101.640625
08:00:48,912810UA4,TSRYS5802849,D,S,T,2024-07-05,1000000.00,4.524458,101.6328125
08:00:48,912810UA4,TSRYS5802849,D,S,T,2024-07-05,1000000.00,4.523985,101.640625
08:00:48,912810UA4,TSRYS5802849,D,S,T,2024-07-05,1000000.00,4.52588,101.609375
08:00:48,912810UA4,TSRYS5802849,D,S,D,2024-07-05,2000000.00,4.545818,101.28125
08:00:48,912810UA4,TSRYS5802849,D,S,T,2024-07-05,1000000.00,4.527777,101.578125
08:00:48,912810UA4,TSRYS5802849,D,S,D,2024-07-05,1000000.00,4.523037,101.65625
08:00:48,912810UA4,TSRYS5802849,D,S,D,2024-07-05,1000000.00,4.5245,101.6321202532
08:00:48,912810UA4,TSRYS5802849,D,S,D,2024-07-05,1000000.00,4.523985,101.640625
08:00:48,912810UA4,TSRYS5802849,D,S,D,2024-07-05,1000000.00,4.523985,101.640625
08:00:48,912810UA4,TSRYS5802849,D,S,D,2024-07-05,1000000.00,4.52588,101.609375
08:00:48,912810UA4,TSRYS5802849,D,S,T,2024-07-05,1000000.00,4.527777,101.578125
08:00:48,912810UA4,TSRYS5802849,D,S,D,2024-07-05,1000000.00,4.527777,101.578125
08:00:48,912810UA4,TSRYS5802849,D,S,D,2024-07-05,1000000.00,4.523985,101.640625
08:00:48,912810UA4,TSRYS5802849,D,S,T,2024-07-05,2000000.00,4.527777,101.578125
08:00:48,912810UA4,TSRYS5802849,D,S,T,2024-07-05,1000000.00,4.527777,101.578125
08:00:48,912810UA4,TSRYS5802849,D,S,T,2024-07-05,1000000.00,4.528726,101.5625
08:00:48,912810UA4,TSRYS5802849,D,S,T,2024-07-05,1000000.00,4.528726,101.5625
08:00:48,912810UA4,TSRYS5802849,D,S,T,2024-07-05,1000000.00,4.528726,101.5625
08:00:48,912810UA4,TSRYS5802849,D,S,T,2024-07-05,1000000.00,4.528726,101.5625
08:00:48,912810UA4,TSRYS5802849,D,S,T,2024-07-05,1000000.00,4.528726,101.5625
08:00:48,912810UA4,TSRYS5802849,D,S,T,2024-07-05,1000000.00,4.5325,101.5
08:00:48,912810UA4,TSRYS5802849,D,S,T,2024-07-05,1000000.00,4.527777,101.578125
08:00:48,912810UA4,TSRYS5802849,D,S,T,2024-07-05,1000000.00,4.527777,101.578125
08:00:48,912810UA4,TSRYS5802849,D,S,T,2024-07-05,1000000.00,4.527777,101.578125
08:00:48,912810UA4,TSRYS5802849,D,S,T,2024-07-05,1000000.00,4.527777,101.578125
08:00:48,912810UA4,TSRYS5802849,D,S,T,2024-07-05,1000000.00,4.527777,101.578125
08:00:48,912810UA4,TSRYS5802849,D,S,T,2024-07-05,1000000.00,4.526829,101.59375
08:00:48,912810UA4,TSRYS5802849,D,S,T,2024-07-05,1000000.00,4.526829,101.59375
08:00:48,912810UA4,TSRYS5802849,D,S,D,2024-07-05,1000000.00,4.527777,101.578125
08:00:48,912810UA4,TSRYS5802849,D,S,D,2024-07-05,1000000.00,4.527777,101.578125
08:00:48,912810UA4,TSRYS5802849,D,S,D,2024-07-05,1000000.00,4.527777,101.578125
08:00:48,912810UA4,TSRYS5802849,D,S,D,2024-07-05,1000000.00,4.528726,101.5625
08:00:48,912810UA4,TSRYS5802849,D,S,D,2024-07-05,1000000.00,4.528726,101.5625
08:00:48,912810UA4,TSRYS5802849,D,S,D,2024-07-05,1000000.00,4.528726,101.5625
08:00:48,912810UA4,TSRYS5802849,D,S,D,2024-07-05,1000000.00,4.528726,101.5625
08:00:48,912810UA4,TSRYS5802849,D,S,D,2024-07-05,1000000.00,4.527777,101.578125
08:00:48,912810UA4,TSRYS5802849,D,S,T,2024-07-05,1000000.00,4.5325,101.5
08:00:48,912810UA4,TSRYS5802849,D,S,D,2024-07-05,27000000.00,4.53155,101.515625
08:00:48,912810UA4,TSRYS5802849,D,S,C,2024-07-05,27000000.00,4.519224,101.71875
08:00:48,912810UA4,TSRYS5802849,D,S,C,2024-07-05,50000.00,4.543906,101.3125
08:00:48,912810UA4,TSRYS5802849,D,S,T,2024-07-05,1000000.00,4.527279,101.5859375
08:00:48,912810UA4,TSRYS5802849,D,S,C,2024-07-05,8053000.00,4.544627,101.30078125
08:00:48,912810UA4,TSRYS5802849,D,B,A,2024-07-05,10000.00,4.542008,101.34375
08:00:48,912810UA4,TSRYS5802849,D,B,C,2024-07-05,15200000.00,4.542008,101.34375
08:00:48,912810UA4,TSRYS5802849,D,B,C,2024-07-05,15200000.00,4.539867,101.37890625
08:00:48,912810UA4,TSRYS5802849,D,B,A,2024-07-05,500000.00,4.542506,101.3359375
08:00:48,912810UA4,TSRYS5802849,D,S,D,2024-07-05,2000000.00,4.54088,101.36227
08:00:48,912810UA4,TSRYS5802849,D,S,D,2024-07-05,12000000.00,4.54063,101.36638
08:00:48,912810UA4,TSRYS5802849,D,S,C,2024-07-05,1000000.00,4.541057,101.359375
08:00:48,912810UA4,TSRYS5802849,D,S,T,2024-07-05,1000000.00,4.5325,101.5
08:00:49,912810UA4,TSRYS5802849,D,S,T,2024-07-05,1000000.00,4.5344,101.46875
08:00:49,912810UA4,TSRYS5802849,D,B,C,2024-07-05,1000000.00,4.5344,101.46875
08:00:49,912810UA4,TSRYS5802849,D,S,C,2024-07-05,17226000.00,4.533925,101.4765625
08:00:52,912810UA4,TSRYS5802849,D,S,D,2024-07-05,1000000.00,4.521828,101.67578125
08:00:52,912810UA4,TSRYS5802849,D,S,D,2024-07-05,1000000.00,4.521118,101.6875
08:00:52,912810UA4,TSRYS5802849,D,B,C,2024-07-05,300000.00,4.531076,101.5234375
08:00:52,912810UA4,TSRYS5802849,D,S,A,2024-07-05,3250000.00,4.542008,101.34375
08:00:52,912810UA4,TSRYS5802849,D,S,T,2024-07-05,1000000.00,4.530601,101.53125
08:00:52,912810UA4,TSRYS5802849,D,S,A,2024-07-05,500000.00,4.529652,101.546875
08:00:52,912810UA4,TSRYS5802849,D,S,A,2024-07-05,3500000.00,4.526805,101.59375
08:00:52,912810UA4,TSRYS5802849,D,B,A,2024-07-05,1000000.00,4.53345,101.484375
08:00:52,912810UA4,TSRYS5802849,D,B,A,2024-07-05,100000.00,4.533925,101.4765625
08:00:52,912810UA4,TSRYS5802849,D,S,D,2024-07-05,1000000.00,4.5344,101.46875
08:00:52,912810UA4,TSRYS5802849,D,B,A,2024-07-05,1000.00,4.529652,101.546875
08:00:52,912810UA4,TSRYS5802849,D,S,D,2024-07-05,1000000.00,4.527754,101.578125
08:00:52,912810UA4,TSRYS5802849,D,S,A,2024-07-05,200000.00,4.522302,101.66796875
08:00:52,912810UA4,TSRYS5802849,D,S,D,2024-07-05,3000000.00,4.521038,101.68881
08:00:52,912810UA4,TSRYS5802849,D,B,C,2024-07-05,2000000.00,4.510238,101.8671875
08:00:52,912810UA4,TSRYS5802849,D,S,T,2024-07-05,1000000.00,4.541532,101.3515625
08:00:52,912810UA4,TSRYS5802849,D,S,A,2024-07-05,76000.00,4.508821,101.890625
08:00:52,912810UA4,TSRYS5802849,D,S,T,2024-07-05,1000000.00,4.505988,101.9375
08:00:52,912810UA4,TSRYS5802849,D,S,T,2024-07-05,1000000.00,4.505988,101.9375
08:00:52,912810UA4,TSRYS5802849,D,S,T,2024-07-05,1000000.00,4.505988,101.9375
08:00:52,912810UA4,TSRYS5802849,D,S,T,2024-07-05,1000000.00,4.505988,101.9375
08:00:52,912810UA4,TSRYS5802849,D,B,A,2024-07-05,1000000.00,4.509521,101.87890625
08:00:52,912810UA4,TSRYS5802849,D,S,T,2024-07-05,1000000.00,4.530601,101.53125
08:00:52,912810UA4,TSRYS5802849,D,S,T,2024-07-05,1000000.00,4.513546,101.8125
08:00:52,912810UA4,TSRYS5802849,D,S,T,2024-07-05,1000000.00,4.510711,101.859375
08:00:52,912810UA4,TSRYS5802849,D,S,T,2024-07-05,1000000.00,4.510711,101.859375
08:00:52,912810UA4,TSRYS5802849,D,S,T,2024-07-05,1000000.00,4.510711,101.859375
08:00:52,912810UA4,TSRYS5802849,D,S,T,2024-07-05,1000000.00,4.510711,101.859375
08:00:52,912810UA4,TSRYS5802849,D,S,T,2024-07-05,1000000.00,4.510711,101.859375
08:00:52,912810UA4,TSRYS5802849,D,S,T,2024-07-05,1000000.00,4.510711,101.859375
08:00:52,912810UA4,TSRYS5802849,D,S,T,2024-07-05,1000000.00,4.510711,101.859375
08:00:52,912810UA4,TSRYS5802849,D,S,T,2024-07-05,1000000.00,4.510711,101.859375
08:00:52,912810UA4,TSRYS5802849,D,S,T,2024-07-05,1000000.00,4.510711,101.859375
08:00:52,912810UA4,TSRYS5802849,D,S,T,2024-07-05,1000000.00,4.510711,101.859375
08:00:52,912810UA4,TSRYS5802849,D,S,T,2024-07-05,1000000.00,4.510711,101.859375
08:00:52,912810UA4,TSRYS5802849,D,S,T,2024-07-05,1000000.00,4.510711,101.859375
08:00:52,912810UA4,TSRYS5802849,D,S,T,2024-07-05,1000000.00,4.543913,101.3125
08:00:52,912810UA4,TSRYS5802849,D,S,D,2024-07-05,1000000.00,4.510711,101.859375
08:00:52,912810UA4,TSRYS5802849,D,S,D,2024-07-05,1000000.00,4.510711,101.859375
08:00:52,912810UA4,TSRYS5802849,D,S,D,2024-07-05,1000000.00,4.510711,101.859375
08:00:52,912810UA4,TSRYS5802849,D,S,D,2024-07-05,1000000.00,4.510711,101.859375
08:00:52,912810UA4,TSRYS5802849,D,S,D,2024-07-05,1000000.00,4.511187,101.8514964323
08:00:52,912810UA4,TSRYS5802849,D,S,D,2024-07-05,1000000.00,4.511187,101.8514964323
08:00:52,912810UA4,TSRYS5802849,D,S,D,2024-07-05,1000000.00,4.511187,101.8514964323
08:00:52,912810UA4,TSRYS5802849,D,S,T,2024-07-05,1000000.00,4.509766,101.875
08:00:52,912810UA4,TSRYS5802849,D,S,D,2024-07-05,1000000.00,4.511187,101.8514964323
08:00:52,912810UA4,TSRYS5802849,D,S,D,2024-07-05,1000000.00,4.511183,101.8515625
08:00:52,912810UA4,TSRYS5802849,D,S,T,2024-07-05,1000000.00,4.510711,101.859375
08:00:52,912810UA4,TSRYS5802849,D,S,D,2024-07-05,1000000.00,4.510711,101.859375
08:00:52,912810UA4,TSRYS5802849,D,S,D,2024-07-05,1000000.00,4.511656,101.84375
08:00:52,912810UA4,TSRYS5802849,D,S,D,2024-07-05,2000000.00,4.511656,101.84375
08:00:52,912810UA4,TSRYS5802849,D,S,T,2024-07-05,1000000.00,4.511537,101.845703125
08:00:52,912810UA4,TSRYS5802849,D,S,T,2024-07-05,1000000.00,4.511537,101.845703125
08:00:52,912810UA4,TSRYS5802849,D,S,T,2024-07-05,1000000.00,4.510711,101.859375
08:00:52,912810UA4,TSRYS5802849,D,S,T,2024-07-05,1000000.00,4.510947,101.85546875
08:00:52,912810UA4,TSRYS5802849,D,S,D,2024-07-05,1000000.00,4.510711,101.859375
08:00:52,912810UA4,TSRYS5802849,D,S,D,2024-07-05,1000000.00,4.510002,101.87109375
08:00:52,912810UA4,TSRYS5802849,D,S,D,2024-07-05,3000000.00,4.509766,101.875
08:00:52,912810UA4,TSRYS5802849,D,S,D,2024-07-05,1000000.00,4.510002,101.87109375
08:00:52,912810UA4,TSRYS5802849,D,S,D,2024-07-05,1000000.00,4.506932,101.921875
08:00:52,912810UA4,TSRYS5802849,D,S,T,2024-07-05,1000000.00,4.507877,101.90625
08:00:52,912810UA4,TSRYS5802849,D,S,D,2024-07-05,1000000.00,4.507877,101.90625
08:00:52,912810UA4,TSRYS5802849,D,S,T,2024-07-05,1000000.00,4.530601,101.53125
08:00:52,912810UA4,TSRYS5802849,D,S,D,2024-07-05,1000000.00,4.520644,101.6953125
08:00:52,912810UA4,TSRYS5802849,D,S,D,2024-07-05,1000000.00,4.519697,101.7109375
08:00:52,912810UA4,TSRYS5802849,D,S,T,2024-07-05,1000000.00,4.5325,101.5
08:00:52,912810UA4,TSRYS5802849,D,S,T,2024-07-05,1000000.00,4.5325,101.5
08:00:52,912810UA4,TSRYS5802849,D,S,D,2024-07-05,2000000.00,4.510396,101.864583333
08:00:52,912810UA4,TSRYS5802849,D,S,T,2024-07-05,1000000.00,4.5325,101.5
08:00:52,912810UA4,TSRYS5802849,D,S,D,2024-07-05,1000000.00,4.510238,101.8671875
08:00:52,912810UA4,TSRYS5802849,D,S,D,2024-07-05,1000000.00,4.509766,101.875
08:00:52,912810UA4,TSRYS5802849,D,S,D,2024-07-05,1000000.00,4.509766,101.875
08:00:52,912810UA4,TSRYS5802849,D,S,A,2024-07-05,10000000.00,4.530364,101.53515625
08:00:52,912810UA4,TSRYS5802849,D,S,D,2024-07-05,1000000.00,4.523013,101.65625
08:00:52,912810UA4,TSRYS5802849,D,S,D,2024-07-05,1000000.00,4.522776,101.66015625
08:00:52,912810UA4,TSRYS5802849,D,S,D,2024-07-05,1000000.00,4.522065,101.671875
08:00:52,912810UA4,TSRYS5802849,D,S,D,2024-07-05,1000000.00,4.522065,101.671875
08:00:52,912810UA4,TSRYS5802849,D,S,D,2024-07-05,1000000.00,4.522302,101.66796875
08:00:52,912810UA4,TSRYS5802849,D,S,D,2024-07-05,1000000.00,4.518514,101.73046875
08:00:53,912810UA4,TSRYS5802849,D,S,T,2024-07-05,5000000.00,4.530601,101.53125
08:00:53,912810UA4,TSRYS5802849,D,S,T,2024-07-05,3000000.00,4.530482,101.533203125
08:00:53,912810UA4,TSRYS5802849,D,S,A,2024-07-05,3000000.00,4.531788,101.51171875
08:00:53,912810UA4,TSRYS5802849,D,S,D,2024-07-05,4000000.00,4.528513,101.565625
08:00:54,912810UA4,TSRYS5802849,D,S,D,2024-07-05,1000000.00,4.529889,101.54296875
08:00:54,912810UA4,TSRYS5802849,D,S,D,2024-07-05,360000.00,4.531076,101.5234375
08:00:54,912810UA4,TSRYS5802849,D,S,T,2024-07-05,1000000.00,4.528584,101.564453125
08:00:54,912810UA4,TSRYS5802849,D,S,A,2024-07-05,5000000.00,4.533687,101.48046875
08:00:54,912810UA4,TSRYS5802849,D,S,D,2024-07-05,3000000.00,4.529335,101.552083333
08:00:55,912810UA4,TSRYS5802849,D,S,T,2024-07-05,1000000.00,4.53345,101.484375
08:00:55,912810UA4,TSRYS5802849,D,S,C,2024-07-05,1000000.00,4.51733,101.75
08:00:55,912810UA4,TSRYS5802849,D,S,T,2024-07-05,2000000.00,4.513901,101.806640625
08:00:55,912810UA4,TSRYS5802849,D,S,D,2024-07-05,1000000.00,4.517567,101.74609375
08:00:55,912810UA4,TSRYS5802849,D,S,D,2024-07-05,1000000.00,4.516384,101.765625
08:00:55,912810UA4,TSRYS5802849,D,S,D,2024-07-05,1000000.00,4.516384,101.765625
08:00:55,912810UA4,TSRYS5802849,D,S,T,2024-07-05,2000000.00,4.513901,101.806640625
08:00:55,912810UA4,TSRYS5802849,D,S,T,2024-07-05,2000000.00,4.513901,101.806640625
08:00:55,912810UA4,TSRYS5802849,D,S,D,2024-07-05,15000000.00,4.511116,101.852678571
08:00:55,912810UA4,TSRYS5802849,D,S,T,2024-07-05,1000000.00,4.513901,101.806640625
08:00:55,912810UA4,TSRYS5802849,D,S,T,2024-07-05,2000000.00,4.513901,101.806640625
08:00:55,912810UA4,TSRYS5802849,D,B,A,2024-07-05,500000.00,4.518301,101.733975
08:00:55,912810UA4,TSRYS5802849,D,S,D,2024-07-05,25000.00,4.508585,101.89453125
08:00:56,912810UA4,TSRYS5802849,D,B,C,2024-07-05,25000.00,4.508585,101.87453125
08:00:56,912810UA4,TSRYS5802849,D,B,A,2024-07-05,5000000.00,4.521355,101.68359375
08:00:56,912810UA4,TSRYS5802849,D,S,T,2024-07-05,1000000.00,4.521473,101.681640625
08:00:56,912810UA4,TSRYS5802849,D,S,T,2024-07-05,1000000.00,4.521473,101.681640625
08:00:56,912810UA4,TSRYS5802849,D,S,T,2024-07-05,1000000.00,4.521473,101.681640625
08:00:56,912810UA4,TSRYS5802849,D,S,T,2024-07-05,1000000.00,4.521473,101.681640625
08:00:56,912810UA4,TSRYS5802849,D,S,D,2024-07-05,1000000.00,4.511892,101.83984375
08:00:56,912810UA4,TSRYS5802849,D,S,D,2024-07-05,1000000.00,4.511656,101.84375
08:00:56,912810UA4,TSRYS5802849,D,S,A,2024-07-05,1000000.00,4.520881,101.69140625
08:00:56,912810UA4,TSRYS5802849,D,S,T,2024-07-05,3000000.00,4.528584,101.564453125
08:00:57,912810UA4,TSRYS5802849,D,S,D,2024-07-05,1000000.00,4.518514,101.73046875
08:00:57,912810UA4,TSRYS5802849,D,S,T,2024-07-05,1000000.00,4.518277,101.734375
08:00:57,912810UA4,TSRYS5802849,D,S,T,2024-07-05,1000000.00,4.516148,101.76953125
08:00:57,912810UA4,TSRYS5802849,D,S,T,2024-07-05,1000000.00,4.516029,101.771484375
08:00:57,912810UA4,TSRYS5802849,D,B,A,2024-07-05,1000000.00,4.514753,101.79256875
08:00:57,912810UA4,TSRYS5802849,D,S,D,2024-07-05,1000000.00,4.512128,101.8359375
08:00:57,912810UA4,TSRYS5802849,D,S,D,2024-07-05,1000000.00,4.510947,101.85546875
08:00:57,912810UA4,TSRYS5802849,D,S,D,2024-07-05,30000000.00,4.513704,101.809895833
08:00:57,912810UA4,TSRYS5802849,D,S,T,2024-07-05,1000000.00,4.530601,101.53125
08:00:58,912810UA4,TSRYS5802849,D,S,D,2024-07-05,1000000.00,4.513546,101.8125
08:00:58,912810UA4,TSRYS5802849,D,S,D,2024-07-05,1000000.00,4.513783,101.80859375
08:00:58,912810UA4,TSRYS5802849,D,S,D,2024-07-05,1000000.00,4.515911,101.7734375
08:00:58,912810UA4,TSRYS5802849,D,S,D,2024-07-05,250000.00,4.513074,101.8203125
08:00:58,912810UA4,TSRYS5802849,D,S,D,2024-07-05,1000000.00,4.512128,101.8359375
08:00:58,912810UA4,TSRYS5802849,D,S,D,2024-07-05,1000000.00,4.511656,101.84375
08:00:58,912810UA4,TSRYS5802849,D,S,D,2024-07-05,1000000.00,4.510947,101.85546875
08:00:59,912810UA4,TSRYS5802849,D,S,D,2024-07-05,1000000.00,4.513546,101.8125
08:00:59,912810UA4,TSRYS5802849,D,S,D,2024-07-05,1000000.00,4.51532,101.783203125
08:00:59,912810UA4,TSRYS5802849,D,S,D,2024-07-05,1000000.00,4.51532,101.783203125
08:00:59,912810UA4,TSRYS5802849,D,S,D,2024-07-05,1000000.00,4.51532,101.783203125
08:00:59,912810UA4,TSRYS5802849,D,S,D,2024-07-05,1000000.00,4.514256,101.80078125
08:00:59,912810UA4,TSRYS5802849,D,S,D,2024-07-05,1000000.00,4.515083,101.787109375
08:00:59,912810UA4,TSRYS5802849,D,S,T,2024-07-05,1000000.00,4.515438,101.78125
08:00:59,912810UA4,TSRYS5802849,D,S,D,2024-07-05,1000000.00,4.51201,101.837890625
08:01:00,912810UA4,TSRYS5802849,D,S,C,2024-07-05,1000000.00,4.541057,101.359375
08:01:00,912810UA4,TSRYS5802849,D,S,D,2024-07-05,1000000.00,4.541057,101.359375
08:01:00,912810UA4,TSRYS5802849,D,S,D,2024-07-05,1000000.00,4.540819,101.36328125
08:01:00,912810UA4,TSRYS5802849,D,S,D,2024-07-05,1000000.00,4.540819,101.36328125
08:01:00,912810UA4,TSRYS5802849,D,S,D,2024-07-05,1000000.00,4.541057,101.359375
08:01:00,912810UA4,TSRYS5802849,D,B,C,2024-07-05,1000000.00,4.539629,101.3828125
08:01:00,912810UA4,TSRYS5802849,D,S,D,2024-07-05,1000000.00,4.540581,101.3671875
08:01:00,912810UA4,TSRYS5802849,D,S,D,2024-07-05,1000000.00,4.542722,101.33203125
08:01:00,912810UA4,TSRYS5802849,D,S,D,2024-07-05,1000000.00,4.540581,101.3671875
08:01:00,912810UA4,TSRYS5802849,D,S,D,2024-07-05,1000000.00,4.539629,101.3828125
08:01:00,912810UA4,TSRYS5802849,D,S,D,2024-07-05,1000000.00,4.54296,101.328125
08:01:00,912810UA4,TSRYS5802849,D,S,D,2024-07-05,1000000.00,4.542484,101.3359375
08:01:00,912810UA4,TSRYS5802849,D,S,D,2024-07-05,1000000.00,4.542484,101.3359375
08:01:00,912810UA4,TSRYS5802849,D,S,A,2024-07-05,6000000.00,4.526331,101.6015625
08:01:00,912810UA4,TSRYS5802849,D,S,C,2024-07-05,1000000.00,4.533687,101.48046875
08:01:00,912810UA4,TSRYS5802849,D,S,D,2024-07-05,1000000.00,4.540581,101.3671875
08:01:00,912810UA4,TSRYS5802849,D,S,D,2024-07-05,1000000.00,4.542484,101.3359375
08:01:00,912810UA4,TSRYS5802849,D,S,D,2024-07-05,1000000.00,4.540581,101.3671875
08:01:00,912810UA4,TSRYS5802849,D,S,C,2024-07-05,1000000.00,4.53844,101.40234375
08:01:00,912810UA4,TSRYS5802849,D,S,C,2024-07-05,1000000.00,4.537252,101.421875
08:01:00,912810UA4,TSRYS5802849,D,S,C,2024-07-05,1000000.00,4.53345,101.484375
08:01:00,912810UA4,TSRYS5802849,D,S,C,2024-07-05,1000000.00,4.53345,101.484375
08:01:00,912810UA4,TSRYS5802849,D,S,D,2024-07-05,1000000.00,4.531313,101.51953125
08:01:00,912810UA4,TSRYS5802849,D,S,D,2024-07-05,1000000.00,4.538202,101.40625
08:01:00,912810UA4,TSRYS5802849,D,S,D,2024-07-05,1000000.00,4.537965,101.41015625
08:01:00,912810UA4,TSRYS5802849,D,S,C,2024-07-05,1000000.00,4.53345,101.484375
08:01:00,912810UA4,TSRYS5802849,D,S,C,2024-07-05,1000000.00,4.53345,101.484375
08:01:00,912810UA4,TSRYS5802849,D,S,D,2024-07-05,1000000.00,4.538202,101.40625
08:01:00,912810UA4,TSRYS5802849,D,S,C,2024-07-05,1000000.00,4.53345,101.484375
08:01:00,912810UA4,TSRYS5802849,D,S,D,2024-07-05,1000000.00,4.53535,101.453125
08:01:00,912810UA4,TSRYS5802849,D,S,D,2024-07-05,1000000.00,4.530838,101.52734375
08:01:00,912810UA4,TSRYS5802849,D,S,D,2024-07-05,1000000.00,4.534162,101.47265625
08:01:00,912810UA4,TSRYS5802849,D,S,D,2024-07-05,1000000.00,4.529652,101.546875
08:01:00,912810UA4,TSRYS5802849,D,S,D,2024-07-05,1000000.00,4.530601,101.53125
08:01:00,912810UA4,TSRYS5802849,D,S,D,2024-07-05,1000000.00,4.53155,101.515625
08:01:00,912810UA4,TSRYS5802849,D,S,D,2024-07-05,1000000.00,4.531076,101.5234375
08:01:00,912810UA4,TSRYS5802849,D,B,C,2024-07-05,1000000.00,4.530601,101.53125
08:01:00,912810UA4,TSRYS5802849,D,S,C,2024-07-05,1000000.00,4.53345,101.484375
08:01:00,912810UA4,TSRYS5802849,D,S,D,2024-07-05,1000000.00,4.529889,101.54296875
08:01:00,912810UA4,TSRYS5802849,D,B,C,2024-07-05,1000000.00,4.534162,101.47265625
08:01:00,912810UA4,TSRYS5802849,D,B,C,2024-07-05,1000000.00,4.531313,101.51953125
08:01:00,912810UA4,TSRYS5802849,D,S,C,2024-07-05,1000000.00,4.530126,101.5390625
08:01:00,912810UA4,TSRYS5802849,D,S,D,2024-07-05,1000000.00,4.534162,101.47265625
