tradeTime,cusip,issueSymbolIdentifier,priceType,reportingSideCode,contraPartyTypeCode,tradeDate,reportedTradeVolume,lastSaleYield,lastSalePrice
08:00:05,912810UA4,TSRYS5802849,D,S,T,2024-07-18,1000000.00,4.382219,104.013671875
08:00:09,912810UA4,TSRYS5802849,D,S,D,2024-07-18,1000000.00,4.389335,103.892578125
08:00:09,912810UA4,TSRYS5802849,D,S,D,2024-07-18,1000000.00,4.38945,103.890625
08:00:09,912810UA4,TSRYS5802849,D,S,T,2024-07-18,1000000.00,4.386694,103.9375
08:00:09,912810UA4,TSRYS5802849,D,S,D,2024-07-18,1000000.00,4.388531,103.90625
08:00:09,912810UA4,TSRYS5802849,D,S,D,2024-07-18,1000000.00,4.388531,103.90625
08:00:09,912810UA4,TSRYS5802849,D,S,D,2024-07-18,1000000.00,4.388072,103.9140625
08:00:09,912810UA4,TSRYS5802849,D,S,D,2024-07-18,1000000.00,4.387383,103.92578125
08:00:09,912810UA4,TSRYS5802849,D,S,D,2024-07-18,1000000.00,4.387153,103.9296875
08:00:09,912810UA4,TSRYS5802849,D,S,D,2024-07-18,1000000.00,4.387153,103.9296875
08:00:09,912810UA4,TSRYS5802849,D,S,D,2024-07-18,1000000.00,4.387383,103.92578125
08:00:09,912810UA4,TSRYS5802849,D,S,T,2024-07-18,1000000.00,4.393243,103.826171875
08:00:09,912810UA4,TSRYS5802849,D,S,T,2024-07-18,1000000.00,4.399571,103.71875
08:00:09,912810UA4,TSRYS5802849,D,S,T,2024-07-18,1000000.00,4.399571,103.71875
08:00:09,912810UA4,TSRYS5802849,D,S,T,2024-07-18,1000000.00,4.401414,103.6875
08:00:09,912810UA4,TSRYS5802849,D,S,T,2024-07-18,1000000.00,4.400032,103.7109375
08:00:09,912810UA4,TSRYS5802849,D,S,T,2024-07-18,1000000.00,4.400493,103.703125
08:00:09,912810UA4,TSRYS5802849,D,S,T,2024-07-18,1000000.00,4.402336,103.671875
08:00:09,912810UA4,TSRYS5802849,D,S,T,2024-07-18,1000000.00,4.402336,103.671875
08:00:09,912810UA4,TSRYS5802849,D,S,T,2024-07-18,1000000.00,4.402336,103.671875
08:00:09,912810UA4,TSRYS5802849,D,S,D,2024-07-18,1000000.00,4.39819,103.7421875
08:00:09,912810UA4,TSRYS5802849,D,S,D,2024-07-18,1000000.00,4.398535,103.736328125
08:00:09,912810UA4,TSRYS5802849,D,S,D,2024-07-18,1000000.00,4.397729,103.75
08:00:09,912810UA4,TSRYS5802849,D,S,D,2024-07-18,1000000.00,4.397844,103.748046875
08:00:09,912810UA4,TSRYS5802849,D,S,D,2024-07-18,1000000.00,4.397729,103.75
08:00:09,912810UA4,TSRYS5802849,D,S,T,2024-07-18,1000000.00,4.396924,103.763671875
08:00:09,912810UA4,TSRYS5802849,D,S,D,2024-07-18,1000000.00,4.396924,103.763671875
08:00:09,912810UA4,TSRYS5802849,D,S,D,2024-07-18,500000.00,4.396118,103.77734375
08:00:09,912810UA4,TSRYS5802849,D,S,D,2024-07-18,500000.00,4.396808,103.765625
08:00:09,912810UA4,TSRYS5802849,D,S,T,2024-07-18,1000000.00,4.396808,103.765625
08:00:09,912810UA4,TSRYS5802849,D,S,D,2024-07-18,1000000.00,4.399571,103.71875
08:00:09,912810UA4,TSRYS5802849,D,S,D,2024-07-18,1000000.00,4.397729,103.75
08:00:09,912810UA4,TSRYS5802849,D,S,T,2024-07-18,1000000.00,4.397844,103.748046875
08:00:09,912810UA4,TSRYS5802849,D,S,T,2024-07-18,1000000.00,4.383939,103.984375
08:00:09,912810UA4,TSRYS5802849,D,S,T,2024-07-18,1000000.00,4.396808,103.765625
08:00:09,912810UA4,TSRYS5802849,D,S,T,2024-07-18,1000000.00,4.396808,103.765625
08:00:09,912810UA4,TSRYS5802849,D,S,T,2024-07-18,2000000.00,4.396808,103.765625
08:00:09,912810UA4,TSRYS5802849,D,S,D,2024-07-18,7000000.00,4.389909,103.8828125
08:00:09,912810UA4,TSRYS5802849,D,S,D,2024-07-18,1000000.00,4.399802,103.71484375
08:00:09,912810UA4,TSRYS5802849,D,S,D,2024-07-18,1000000.00,4.39842,103.73828125
08:00:09,912810UA4,TSRYS5802849,D,S,D,2024-07-18,7000000.00,4.396924,103.763671875
08:00:10,912810UA4,TSRYS5802849,D,S,D,2024-07-18,1000000.00,4.382563,104.0078125
08:00:10,912810UA4,TSRYS5802849,D,S,T,2024-07-18,1000000.00,4.383021,104.0
08:00:10,912810UA4,TSRYS5802849,D,S,T,2024-07-18,1000000.00,4.386579,103.939453125
08:00:10,912810UA4,TSRYS5802849,D,S,T,2024-07-18,1000000.00,4.386579,103.939453125
08:00:10,912810UA4,TSRYS5802849,D,S,T,2024-07-18,1000000.00,4.386579,103.939453125
08:00:10,912810UA4,TSRYS5802849,D,S,D,2024-07-18,1000000.00,4.386234,103.9453125
08:00:10,912810UA4,TSRYS5802849,D,S,T,2024-07-18,1000000.00,4.386694,103.9375
08:00:10,912810UA4,TSRYS5802849,D,S,T,2024-07-18,1000000.00,4.386694,103.9375
08:00:10,912810UA4,TSRYS5802849,D,S,D,2024-07-18,1000000.00,4.390369,103.875
08:00:10,912810UA4,TSRYS5802849,D,S,T,2024-07-18,1000000.00,4.390369,103.875
08:00:10,912810UA4,TSRYS5802849,D,S,T,2024-07-18,1000000.00,4.390369,103.875
08:00:10,912810UA4,TSRYS5802849,D,S,T,2024-07-18,1000000.00,4.390369,103.875
08:00:10,912810UA4,TSRYS5802849,D,S,D,2024-07-18,1000000.00,4.388072,103.9140625
08:00:10,912810UA4,TSRYS5802849,D,S,T,2024-07-18,1000000.00,4.387612,103.921875
08:00:10,912810UA4,TSRYS5802849,D,S,T,2024-07-18,1000000.00,4.387612,103.921875
08:00:10,912810UA4,TSRYS5802849,D,S,D,2024-07-18,1000000.00,4.386234,103.9453125
08:00:10,912810UA4,TSRYS5802849,D,S,T,2024-07-18,1000000.00,4.388531,103.90625
08:00:10,912810UA4,TSRYS5802849,D,S,T,2024-07-18,1000000.00,4.388416,103.908203125
08:00:10,912810UA4,TSRYS5802849,D,S,D,2024-07-18,1000000.00,4.388072,103.9140625
08:00:10,912810UA4,TSRYS5802849,D,S,T,2024-07-18,1000000.00,4.388301,103.91015625
08:00:10,912810UA4,TSRYS5802849,D,S,T,2024-07-18,1000000.00,4.387842,103.91796875
08:00:10,912810UA4,TSRYS5802849,D,S,T,2024-07-18,1000000.00,4.387842,103.91796875
08:00:10,912810UA4,TSRYS5802849,D,S,T,2024-07-18,1000000.00,4.383939,103.984375
08:00:10,912810UA4,TSRYS5802849,D,S,T,2024-07-18,2000000.00,4.382104,104.015625
08:00:10,912810UA4,TSRYS5802849,D,S,T,2024-07-18,1000000.00,4.382104,104.015625
08:00:10,912810UA4,TSRYS5802849,D,S,T,2024-07-18,1000000.00,4.383021,104.0
08:00:10,912810UA4,TSRYS5802849,D,S,D,2024-07-18,1000000.00,4.386234,103.9453125
08:00:10,912810UA4,TSRYS5802849,D,S,T,2024-07-18,1000000.00,4.392208,103.84375
08:00:10,912810UA4,TSRYS5802849,D,S,T,2024-07-18,1000000.00,4.391173,103.861328125
08:00:10,912810UA4,TSRYS5802849,D,S,T,2024-07-18,1000000.00,4.391173,103.861328125
08:00:10,912810UA4,TSRYS5802849,D,S,T,2024-07-18,1000000.00,4.391173,103.861328125
08:00:10,912810UA4,TSRYS5802849,D,S,T,2024-07-18,1000000.00,4.391173,103.861328125
08:00:10,912810UA4,TSRYS5802849,D,S,T,2024-07-18,1000000.00,4.391173,103.861328125
08:00:10,912810UA4,TSRYS5802849,D,S,T,2024-07-18,1000000.00,4.391173,103.861328125
08:00:10,912810UA4,TSRYS5802849,D,S,T,2024-07-18,1000000.00,4.391288,103.859375
08:00:10,912810UA4,TSRYS5802849,D,S,T,2024-07-18,1000000.00,4.393128,103.828125
08:00:10,912810UA4,TSRYS5802849,D,S,D,2024-07-18,1000000.00,4.396348,103.7734375
08:00:10,912810UA4,TSRYS5802849,D,S,T,2024-07-18,1000000.00,4.395888,103.78125
08:00:10,912810UA4,TSRYS5802849,D,S,T,2024-07-18,1000000.00,4.394048,103.8125
08:00:10,912810UA4,TSRYS5802849,D,S,T,2024-07-18,1000000.00,4.393358,103.82421875
08:00:10,912810UA4,TSRYS5802849,D,S,T,2024-07-18,1000000.00,4.394048,103.8125
08:00:10,912810UA4,TSRYS5802849,D,S,T,2024-07-18,1000000.00,4.394968,103.796875
08:00:10,912810UA4,TSRYS5802849,D,S,T,2024-07-18,1000000.00,4.394968,103.796875
08:00:10,912810UA4,TSRYS5802849,D,S,T,2024-07-18,1000000.00,4.395888,103.78125
08:00:10,912810UA4,TSRYS5802849,D,S,T,2024-07-18,1000000.00,4.397729,103.75
08:00:10,912810UA4,TSRYS5802849,D,S,T,2024-07-18,1000000.00,4.399571,103.71875
08:00:10,912810UA4,TSRYS5802849,D,S,T,2024-07-18,1000000.00,4.401414,103.6875
08:00:10,912810UA4,TSRYS5802849,D,S,T,2024-07-18,1000000.00,4.400032,103.7109375
08:00:10,912810UA4,TSRYS5802849,D,S,T,2024-07-18,1000000.00,4.399802,103.71484375
08:00:10,912810UA4,TSRYS5802849,D,S,D,2024-07-18,1000000.00,4.400032,103.7109375
08:00:10,912810UA4,TSRYS5802849,D,S,T,2024-07-18,1000000.00,4.401184,103.69140625
08:00:10,912810UA4,TSRYS5802849,D,S,T,2024-07-18,1000000.00,4.400262,103.70703125
08:00:10,912810UA4,TSRYS5802849,D,S,T,2024-07-18,1000000.00,4.400493,103.703125
08:00:10,912810UA4,TSRYS5802849,D,S,D,2024-07-18,1000000.00,4.39819,103.7421875
08:00:10,912810UA4,TSRYS5802849,D,S,T,2024-07-18,1000000.00,4.397959,103.74609375
08:00:10,912810UA4,TSRYS5802849,D,S,T,2024-07-18,1000000.00,4.398535,103.736328125
08:00:10,912810UA4,TSRYS5802849,D,S,T,2024-07-18,1000000.00,4.398535,103.736328125
08:00:10,912810UA4,TSRYS5802849,D,S,T,2024-07-18,1000000.00,4.398535,103.736328125
08:00:10,912810UA4,TSRYS5802849,D,S,T,2024-07-18,1000000.00,4.398535,103.736328125
08:00:10,912810UA4,TSRYS5802849,D,S,T,2024-07-18,1000000.00,4.398535,103.736328125
08:00:10,912810UA4,TSRYS5802849,D,S,T,2024-07-18,1000000.00,4.397729,103.75
08:00:10,912810UA4,TSRYS5802849,D,S,T,2024-07-18,1000000.00,4.397729,103.75
08:00:10,912810UA4,TSRYS5802849,D,S,T,2024-07-18,1000000.00,4.394738,103.80078125
08:00:11,912810UA4,TSRYS5802849,D,S,T,2024-07-18,1000000.00,4.396924,103.763671875
08:00:11,912810UA4,TSRYS5802849,D,S,T,2024-07-18,1000000.00,4.399341,103.72265625
08:00:11,912810UA4,TSRYS5802849,D,S,T,2024-07-18,1000000.00,4.399341,103.72265625
08:00:11,912810UA4,TSRYS5802849,D,S,T,2024-07-18,1000000.00,4.399341,103.72265625
08:00:11,912810UA4,TSRYS5802849,D,S,T,2024-07-18,1000000.00,4.399341,103.72265625
08:00:12,912810UA4,TSRYS5802849,D,S,C,2024-07-18,1000000.00,4.379352,104.0625
08:00:12,912810UA4,TSRYS5802849,D,S,D,2024-07-18,1000000.00,4.383021,104.0
08:00:12,912810UA4,TSRYS5802849,D,B,C,2024-07-18,1000000.00,4.383021,104.0
08:00:12,912810UA4,TSRYS5802849,D,S,D,2024-07-18,1000000.00,4.382104,104.015625
08:00:12,912810UA4,TSRYS5802849,D,S,D,2024-07-18,1000000.00,4.382104,104.015625
08:00:15,912810UA4,TSRYS5802849,D,S,D,2024-07-18,1000000.00,4.386234,103.9453125
08:00:16,912810UA4,TSRYS5802849,D,S,C,2024-07-18,1250000.00,4.386441,103.94342625
08:00:16,912810UA4,TSRYS5802849,D,S,T,2024-07-18,1000000.00,4.386694,103.9375
08:00:16,912810UA4,TSRYS5802849,D,S,T,2024-07-18,1000000.00,4.386694,103.9375
08:00:16,912810UA4,TSRYS5802849,D,S,T,2024-07-18,1000000.00,4.386694,103.9375
08:00:16,912810UA4,TSRYS5802849,D,S,T,2024-07-18,1000000.00,4.386694,103.9375
08:00:16,912810UA4,TSRYS5802849,D,S,T,2024-07-18,2000000.00,4.386694,103.9375
08:00:16,912810UA4,TSRYS5802849,D,S,T,2024-07-18,1000000.00,4.386694,103.9375
08:00:17,912810UA4,TSRYS5802849,D,S,T,2024-07-18,1000000.00,4.386694,103.9375
08:00:17,912810UA4,TSRYS5802849,D,S,T,2024-07-18,1000000.00,4.386694,103.9375
08:00:17,912810UA4,TSRYS5802849,D,S,T,2024-07-18,1000000.00,4.386694,103.9375
08:00:17,912810UA4,TSRYS5802849,D,S,D,2024-07-18,2000000.00,4.387855,103.91796875
08:00:18,912810UA4,TSRYS5802849,D,S,T,2024-07-18,1000000.00,4.389335,103.892578125
08:00:18,912810UA4,TSRYS5802849,D,S,D,2024-07-18,1000000.00,4.38968,103.88671875
08:00:18,912810UA4,TSRYS5802849,D,S,T,2024-07-18,1000000.00,4.388876,103.900390625
08:00:19,912810UA4,TSRYS5802849,D,S,T,2024-07-18,1000000.00,4.38945,103.890625
08:00:19,912810UA4,TSRYS5802849,D,S,T,2024-07-18,1000000.00,4.38945,103.890625
08:00:19,912810UA4,TSRYS5802849,D,S,T,2024-07-18,1000000.00,4.38968,103.88671875
08:00:19,912810UA4,TSRYS5802849,D,S,T,2024-07-18,1000000.00,4.38945,103.890625
08:00:19,912810UA4,TSRYS5802849,D,S,D,2024-07-18,1000000.00,4.38968,103.88671875
08:00:19,912810UA4,TSRYS5802849,D,S,T,2024-07-18,1000000.00,4.38945,103.890625
08:00:19,912810UA4,TSRYS5802849,D,S,T,2024-07-18,1000000.00,4.38945,103.890625
08:00:19,912810UA4,TSRYS5802849,D,S,D,2024-07-18,1000000.00,4.38922,103.89453125
08:00:19,912810UA4,TSRYS5802849,D,S,T,2024-07-18,1000000.00,4.38945,103.890625
08:00:19,912810UA4,TSRYS5802849,D,S,T,2024-07-18,1000000.00,4.38945,103.890625
08:00:19,912810UA4,TSRYS5802849,D,S,T,2024-07-18,1000000.00,4.389335,103.892578125
08:00:19,912810UA4,TSRYS5802849,D,S,T,2024-07-18,1000000.00,4.38968,103.88671875
08:00:19,912810UA4,TSRYS5802849,D,S,A,2024-07-18,1000000.00,4.38945,103.890625
08:00:19,912810UA4,TSRYS5802849,D,S,T,2024-07-18,1000000.00,4.38945,103.890625
08:00:19,912810UA4,TSRYS5802849,D,S,T,2024-07-18,1000000.00,4.38945,103.890625
08:00:19,912810UA4,TSRYS5802849,D,S,A,2024-07-18,1000000.00,4.390369,103.875
08:00:19,912810UA4,TSRYS5802849,D,S,D,2024-07-18,1000000.00,4.38968,103.88671875
08:00:19,912810UA4,TSRYS5802849,D,S,T,2024-07-18,1000000.00,4.38945,103.890625
08:00:19,912810UA4,TSRYS5802849,D,S,D,2024-07-18,1000000.00,4.38945,103.890625
08:00:19,912810UA4,TSRYS5802849,D,S,T,2024-07-18,1000000.00,4.38945,103.890625
08:00:19,912810UA4,TSRYS5802849,D,S,T,2024-07-18,1000000.00,4.38945,103.890625
08:00:19,912810UA4,TSRYS5802849,D,S,T,2024-07-18,1000000.00,4.38922,103.89453125
08:00:20,912810UA4,TSRYS5802849,D,S,T,2024-07-18,1000000.00,4.38945,103.890625
08:00:20,912810UA4,TSRYS5802849,D,S,T,2024-07-18,1000000.00,4.38968,103.88671875
08:00:20,912810UA4,TSRYS5802849,D,S,T,2024-07-18,1000000.00,4.38945,103.890625
08:00:20,912810UA4,TSRYS5802849,D,S,T,2024-07-18,1000000.00,4.38945,103.890625
08:00:20,912810UA4,TSRYS5802849,D,S,D,2024-07-18,1000000.00,4.38945,103.890625
08:00:20,912810UA4,TSRYS5802849,D,S,T,2024-07-18,1000000.00,4.38945,103.890625
08:00:20,912810UA4,TSRYS5802849,D,S,T,2024-07-18,1000000.00,4.38945,103.890625
08:00:20,912810UA4,TSRYS5802849,D,S,T,2024-07-18,1000000.00,4.38945,103.890625
08:00:20,912810UA4,TSRYS5802849,D,S,T,2024-07-18,1000000.00,4.389105,103.896484375
08:00:20,912810UA4,TSRYS5802849,D,S,T,2024-07-18,1000000.00,4.38968,103.88671875
08:00:20,912810UA4,TSRYS5802849,D,S,T,2024-07-18,1000000.00,4.38968,103.88671875
08:00:20,912810UA4,TSRYS5802849,D,S,T,2024-07-18,1000000.00,4.38945,103.890625
08:00:21,912810UA4,TSRYS5802849,D,S,D,2024-07-18,1000000.00,4.38922,103.89453125
08:00:21,912810UA4,TSRYS5802849,D,S,D,2024-07-18,1000000.00,4.38899,103.8984375
08:00:21,912810UA4,TSRYS5802849,D,S,T,2024-07-18,1000000.00,4.38945,103.890625
08:00:21,912810UA4,TSRYS5802849,D,S,T,2024-07-18,1000000.00,4.38945,103.890625
08:00:21,912810UA4,TSRYS5802849,D,S,T,2024-07-18,1000000.00,4.38945,103.890625
08:00:21,912810UA4,TSRYS5802849,D,S,T,2024-07-18,1000000.00,4.38945,103.890625
08:00:21,912810UA4,TSRYS5802849,D,S,T,2024-07-18,1000000.00,4.38945,103.890625
08:00:22,912810UA4,TSRYS5802849,D,S,T,2024-07-18,1000000.00,4.38945,103.890625
08:00:22,912810UA4,TSRYS5802849,D,S,T,2024-07-18,1000000.00,4.38945,103.890625
08:00:22,912810UA4,TSRYS5802849,D,S,T,2024-07-18,1000000.00,4.386694,103.9375
08:00:23,912810UA4,TSRYS5802849,D,B,A,2024-07-18,5000000.00,4.383251,103.99609375
08:00:26,912810UA4,TSRYS5802849,D,S,C,2024-07-18,418000.00,4.388072,103.9160625
08:00:26,912810UA4,TSRYS5802849,D,S,T,2024-07-18,1000000.00,4.387612,103.921875
08:00:26,912810UA4,TSRYS5802849,D,S,T,2024-07-18,2000000.00,4.393128,103.828125
08:00:26,912810UA4,TSRYS5802849,D,S,T,2024-07-18,5000000.00,4.393128,103.828125
08:00:26,912810UA4,TSRYS5802849,D,S,T,2024-07-18,1000000.00,4.402336,103.671875
08:00:26,912810UA4,TSRYS5802849,D,S,T,2024-07-18,1000000.00,4.394968,103.796875
08:00:26,912810UA4,TSRYS5802849,D,S,T,2024-07-18,1000000.00,4.396808,103.765625
08:00:26,912810UA4,TSRYS5802849,D,S,T,2024-07-18,1000000.00,4.396808,103.765625
08:00:27,912810UA4,TSRYS5802849,D,S,D,2024-07-18,1000000.00,4.387612,103.921875
08:00:27,912810UA4,TSRYS5802849,D,B,C,2024-07-18,16000000.00,4.388531,103.90625
08:00:27,912810UA4,TSRYS5802849,D,S,D,2024-07-18,1000000.00,4.393128,103.828125
08:00:27,912810UA4,TSRYS5802849,D,S,T,2024-07-18,1000000.00,4.386005,103.94921875
08:00:27,912810UA4,TSRYS5802849,D,S,T,2024-07-18,1000000.00,4.388761,103.90234375
08:00:27,912810UA4,TSRYS5802849,D,S,T,2024-07-18,1000000.00,4.393128,103.828125
08:00:27,912810UA4,TSRYS5802849,D,S,T,2024-07-18,1000000.00,4.394968,103.796875
08:00:27,912810UA4,TSRYS5802849,D,S,T,2024-07-18,1000000.00,4.399226,103.724609375
08:00:27,912810UA4,TSRYS5802849,D,S,T,2024-07-18,1000000.00,4.400838,103.697265625
08:00:27,912810UA4,TSRYS5802849,D,S,T,2024-07-18,1000000.00,4.39865,103.734375
08:00:27,912810UA4,TSRYS5802849,D,S,T,2024-07-18,1000000.00,4.394048,103.8125
08:00:27,912810UA4,TSRYS5802849,D,S,T,2024-07-18,1000000.00,4.396924,103.763671875
08:00:27,912810UA4,TSRYS5802849,D,S,T,2024-07-18,1000000.00,4.397729,103.75
08:00:28,912810UA4,TSRYS5802849,D,B,A,2024-07-18,10000000.00,4.386005,103.94921875
08:00:28,912810UA4,TSRYS5802849,D,S,D,2024-07-18,1000000.00,4.387153,103.9296875
08:00:28,912810UA4,TSRYS5802849,D,B,A,2024-07-18,50MM+,4.387,103.93228844
08:00:29,912810UA4,TSRYS5802849,D,S,D,2024-07-18,1000000.00,4.387612,103.921875
08:00:30,912810UA4,TSRYS5802849,D,S,T,2024-07-18,1000000.00,4.37729,104.09765625
08:00:30,912810UA4,TSRYS5802849,D,S,T,2024-07-18,1000000.00,4.381187,104.03125
08:00:30,912810UA4,TSRYS5802849,D,S,T,2024-07-18,1000000.00,4.380269,104.046875
08:00:30,912810UA4,TSRYS5802849,D,S,T,2024-07-18,1000000.00,4.383021,104.0
08:00:30,912810UA4,TSRYS5802849,D,S,T,2024-07-18,1000000.00,4.383021,104.0
08:00:30,912810UA4,TSRYS5802849,D,S,T,2024-07-18,1000000.00,4.381187,104.03125
08:00:30,912810UA4,TSRYS5802849,D,S,T,2024-07-18,1000000.00,4.383939,103.984375
08:00:30,912810UA4,TSRYS5802849,D,S,T,2024-07-18,1000000.00,4.383939,103.984375
08:00:30,912810UA4,TSRYS5802849,D,S,T,2024-07-18,1000000.00,4.384857,103.96875
08:00:30,912810UA4,TSRYS5802849,D,S,T,2024-07-18,1000000.00,4.385775,103.953125
08:00:30,912810UA4,TSRYS5802849,D,S,T,2024-07-18,1000000.00,4.386694,103.9375
08:00:30,912810UA4,TSRYS5802849,D,S,T,2024-07-18,1000000.00,4.386694,103.9375
08:00:30,912810UA4,TSRYS5802849,D,S,T,2024-07-18,1000000.00,4.386005,103.94921875
08:00:30,912810UA4,TSRYS5802849,D,S,T,2024-07-18,1000000.00,4.386005,103.94921875
08:00:30,912810UA4,TSRYS5802849,D,S,T,2024-07-18,1000000.00,4.385775,103.953125
08:00:30,912810UA4,TSRYS5802849,D,S,T,2024-07-18,1000000.00,4.385775,103.953125
08:00:30,912810UA4,TSRYS5802849,D,S,T,2024-07-18,1000000.00,4.385775,103.953125
08:00:30,912810UA4,TSRYS5802849,D,S,T,2024-07-18,1000000.00,4.386694,103.9375
08:00:30,912810UA4,TSRYS5802849,D,S,T,2024-07-18,1000000.00,4.392208,103.84375
08:00:30,912810UA4,TSRYS5802849,D,S,T,2024-07-18,1000000.00,4.392208,103.84375
08:00:30,912810UA4,TSRYS5802849,D,S,T,2024-07-18,1000000.00,4.38945,103.890625
08:00:30,912810UA4,TSRYS5802849,D,S,T,2024-07-18,1000000.00,4.389909,103.8828125
08:00:30,912810UA4,TSRYS5802849,D,S,T,2024-07-18,1000000.00,4.388531,103.90625
08:00:30,912810UA4,TSRYS5802849,D,S,D,2024-07-18,1000000.00,4.38968,103.88671875
08:00:30,912810UA4,TSRYS5802849,D,S,T,2024-07-18,1000000.00,4.388531,103.90625
08:00:30,912810UA4,TSRYS5802849,D,S,T,2024-07-18,1000000.00,4.387612,103.921875
08:00:30,912810UA4,TSRYS5802849,D,S,T,2024-07-18,1000000.00,4.387612,103.921875
08:00:30,912810UA4,TSRYS5802849,D,S,T,2024-07-18,1000000.00,4.387612,103.921875
08:00:30,912810UA4,TSRYS5802849,D,S,T,2024-07-18,1000000.00,4.388072,103.9140625
08:00:30,912810UA4,TSRYS5802849,D,S,T,2024-07-18,1000000.00,4.387612,103.921875
08:00:30,912810UA4,TSRYS5802849,D,S,T,2024-07-18,1000000.00,4.386694,103.9375
08:00:30,912810UA4,TSRYS5802849,D,S,T,2024-07-18,1000000.00,4.387612,103.921875
08:00:30,912810UA4,TSRYS5802849,D,S,T,2024-07-18,1000000.00,4.387612,103.921875
08:00:30,912810UA4,TSRYS5802849,D,S,T,2024-07-18,2000000.00,4.387612,103.921875
08:00:30,912810UA4,TSRYS5802849,D,S,T,2024-07-18,1000000.00,4.387153,103.9296875
08:00:30,912810UA4,TSRYS5802849,D,S,T,2024-07-18,1000000.00,4.387153,103.9296875
08:00:30,912810UA4,TSRYS5802849,D,S,T,2024-07-18,1000000.00,4.387612,103.921875
08:00:30,912810UA4,TSRYS5802849,D,S,T,2024-07-18,1000000.00,4.387612,103.921875
08:00:30,912810UA4,TSRYS5802849,D,S,T,2024-07-18,1000000.00,4.387612,103.921875
08:00:30,912810UA4,TSRYS5802849,D,S,T,2024-07-18,1000000.00,4.387612,103.921875
08:00:30,912810UA4,TSRYS5802849,D,S,T,2024-07-18,1000000.00,4.387842,103.91796875
08:00:30,912810UA4,TSRYS5802849,D,S,T,2024-07-18,1000000.00,4.388531,103.90625
08:00:30,912810UA4,TSRYS5802849,D,S,T,2024-07-18,1000000.00,4.388531,103.90625
08:00:30,912810UA4,TSRYS5802849,D,S,T,2024-07-18,1000000.00,4.38945,103.890625
08:00:30,912810UA4,TSRYS5802849,D,S,T,2024-07-18,1000000.00,4.386694,103.9375
08:00:30,912810UA4,TSRYS5802849,D,S,T,2024-07-18,1000000.00,4.386694,103.9375
08:00:30,912810UA4,TSRYS5802849,D,S,T,2024-07-18,1000000.00,4.385775,103.953125
08:00:30,912810UA4,TSRYS5802849,D,S,T,2024-07-18,1000000.00,4.386005,103.94921875
08:00:30,912810UA4,TSRYS5802849,D,S,T,2024-07-18,1000000.00,4.381645,104.0234375
08:00:30,912810UA4,TSRYS5802849,D,S,T,2024-07-18,1000000.00,4.382104,104.015625
08:00:30,912810UA4,TSRYS5802849,D,S,T,2024-07-18,1000000.00,4.382104,104.015625
08:00:30,912810UA4,TSRYS5802849,D,S,T,2024-07-18,1000000.00,4.380728,104.0390625
08:00:30,912810UA4,TSRYS5802849,D,S,T,2024-07-18,1000000.00,4.380843,104.037109375
08:00:30,912810UA4,TSRYS5802849,D,S,T,2024-07-18,1000000.00,4.380728,104.0390625
08:00:30,912810UA4,TSRYS5802849,D,S,T,2024-07-18,1000000.00,4.382104,104.015625
08:00:30,912810UA4,TSRYS5802849,D,S,T,2024-07-18,1000000.00,4.384857,103.96875
08:00:30,912810UA4,TSRYS5802849,D,S,T,2024-07-18,1000000.00,4.385775,103.953125
08:00:30,912810UA4,TSRYS5802849,D,S,T,2024-07-18,1000000.00,4.384857,103.96875
08:00:33,912810UA4,TSRYS5802849,D,S,T,2024-07-18,1000000.00,4.383021,104.0
08:00:33,912810UA4,TSRYS5802849,D,S,T,2024-07-18,1000000.00,4.386694,103.9375
08:00:33,912810UA4,TSRYS5802849,D,S,T,2024-07-18,1000000.00,4.386694,103.9375
08:00:33,912810UA4,TSRYS5802849,D,S,T,2024-07-18,1000000.00,4.385316,103.9609375
08:00:33,912810UA4,TSRYS5802849,D,S,T,2024-07-18,1000000.00,4.38945,103.890625
08:00:33,912810UA4,TSRYS5802849,D,S,T,2024-07-18,1000000.00,4.38945,103.890625
08:00:33,912810UA4,TSRYS5802849,D,S,T,2024-07-18,1000000.00,4.38945,103.890625
08:00:33,912810UA4,TSRYS5802849,D,S,T,2024-07-18,1000000.00,4.38945,103.890625
08:00:33,912810UA4,TSRYS5802849,D,S,T,2024-07-18,1000000.00,4.391288,103.859375
08:00:33,912810UA4,TSRYS5802849,D,S,T,2024-07-18,1000000.00,4.391288,103.859375
08:00:33,912810UA4,TSRYS5802849,D,S,T,2024-07-18,1000000.00,4.391288,103.859375
08:00:33,912810UA4,TSRYS5802849,D,S,T,2024-07-18,1000000.00,4.390829,103.8671875
08:00:33,912810UA4,TSRYS5802849,D,S,T,2024-07-18,1000000.00,4.390369,103.875
08:00:33,912810UA4,TSRYS5802849,D,S,T,2024-07-18,1000000.00,4.390369,103.875
08:00:33,912810UA4,TSRYS5802849,D,S,T,2024-07-18,1000000.00,4.390369,103.875
08:00:33,912810UA4,TSRYS5802849,D,S,T,2024-07-18,1000000.00,4.390369,103.875
08:00:33,912810UA4,TSRYS5802849,D,S,T,2024-07-18,1000000.00,4.389909,103.8828125
08:00:33,912810UA4,TSRYS5802849,D,S,T,2024-07-18,1000000.00,4.390369,103.875
08:00:33,912810UA4,TSRYS5802849,D,S,T,2024-07-18,1000000.00,4.391173,103.861328125
08:00:33,912810UA4,TSRYS5802849,D,S,D,2024-07-18,1000000.00,4.391748,103.8515625
08:00:33,912810UA4,TSRYS5802849,D,S,D,2024-07-18,1000000.00,4.391748,103.8515625
08:00:33,912810UA4,TSRYS5802849,D,S,T,2024-07-18,1000000.00,4.390369,103.875
08:00:33,912810UA4,TSRYS5802849,D,S,T,2024-07-18,1000000.00,4.38945,103.890625
08:00:33,912810UA4,TSRYS5802849,D,S,T,2024-07-18,1000000.00,4.38945,103.890625
08:00:33,912810UA4,TSRYS5802849,D,S,T,2024-07-18,1000000.00,4.38945,103.890625
08:00:33,912810UA4,TSRYS5802849,D,S,T,2024-07-18,1000000.00,4.389335,103.892578125
08:00:33,912810UA4,TSRYS5802849,D,S,T,2024-07-18,1000000.00,4.393128,103.828125
08:00:33,912810UA4,TSRYS5802849,D,S,T,2024-07-18,1000000.00,4.393128,103.828125
08:00:33,912810UA4,TSRYS5802849,D,S,T,2024-07-18,1000000.00,4.393128,103.828125
08:00:33,912810UA4,TSRYS5802849,D,S,T,2024-07-18,1000000.00,4.393128,103.828125
08:00:33,912810UA4,TSRYS5802849,D,S,T,2024-07-18,2000000.00,4.393128,103.828125
08:00:33,912810UA4,TSRYS5802849,D,S,T,2024-07-18,4000000.00,4.393128,103.828125
08:00:33,912810UA4,TSRYS5802849,D,S,T,2024-07-18,1000000.00,4.393128,103.828125
08:00:33,912810UA4,TSRYS5802849,D,S,T,2024-07-18,1000000.00,4.393128,103.828125
08:00:33,912810UA4,TSRYS5802849,D,S,T,2024-07-18,1000000.00,4.393128,103.828125
08:00:33,912810UA4,TSRYS5802849,D,S,T,2024-07-18,1000000.00,4.393128,103.828125
08:00:33,912810UA4,TSRYS5802849,D,S,T,2024-07-18,1000000.00,4.393128,103.828125
08:00:33,912810UA4,TSRYS5802849,D,S,T,2024-07-18,1000000.00,4.393128,103.828125
08:00:33,912810UA4,TSRYS5802849,D,S,T,2024-07-18,1000000.00,4.393128,103.828125
08:00:33,912810UA4,TSRYS5802849,D,S,T,2024-07-18,1000000.00,4.395888,103.78125
08:00:33,912810UA4,TSRYS5802849,D,S,T,2024-07-18,1000000.00,4.395888,103.78125
08:00:33,912810UA4,TSRYS5802849,D,S,T,2024-07-18,1000000.00,4.395888,103.78125
08:00:33,912810UA4,TSRYS5802849,D,S,T,2024-07-18,1000000.00,4.395888,103.78125
08:00:33,912810UA4,TSRYS5802849,D,S,T,2024-07-18,1000000.00,4.395888,103.78125
08:00:33,912810UA4,TSRYS5802849,D,S,T,2024-07-18,1000000.00,4.395888,103.78125
08:00:33,912810UA4,TSRYS5802849,D,S,T,2024-07-18,1000000.00,4.395888,103.78125
08:00:33,912810UA4,TSRYS5802849,D,S,T,2024-07-18,1000000.00,4.395888,103.78125
08:00:33,912810UA4,TSRYS5802849,D,S,T,2024-07-18,1000000.00,4.395888,103.78125
08:00:33,912810UA4,TSRYS5802849,D,S,T,2024-07-18,1000000.00,4.395888,103.78125
08:00:33,912810UA4,TSRYS5802849,D,S,T,2024-07-18,1000000.00,4.394738,103.80078125
08:00:33,912810UA4,TSRYS5802849,D,S,T,2024-07-18,1000000.00,4.394163,103.810546875
08:00:33,912810UA4,TSRYS5802849,D,S,T,2024-07-18,1000000.00,4.394048,103.8125
08:00:33,912810UA4,TSRYS5802849,D,S,T,2024-07-18,1000000.00,4.395888,103.78125
08:00:33,912810UA4,TSRYS5802849,D,S,T,2024-07-18,3000000.00,4.394968,103.796875
08:00:33,912810UA4,TSRYS5802849,D,S,T,2024-07-18,1000000.00,4.394968,103.796875
08:00:33,912810UA4,TSRYS5802849,D,S,T,2024-07-18,1000000.00,4.394968,103.796875
08:00:33,912810UA4,TSRYS5802849,D,S,T,2024-07-18,1000000.00,4.395888,103.78125
08:00:33,912810UA4,TSRYS5802849,D,S,T,2024-07-18,1000000.00,4.394968,103.796875
08:00:33,912810UA4,TSRYS5802849,D,S,T,2024-07-18,1000000.00,4.394968,103.796875
08:00:33,912810UA4,TSRYS5802849,D,S,T,2024-07-18,2000000.00,4.39865,103.734375
08:00:33,912810UA4,TSRYS5802849,D,S,T,2024-07-18,2000000.00,4.39865,103.734375
08:00:33,912810UA4,TSRYS5802849,D,S,T,2024-07-18,1000000.00,4.39865,103.734375
08:00:33,912810UA4,TSRYS5802849,D,S,T,2024-07-18,1000000.00,4.397729,103.75
08:00:33,912810UA4,TSRYS5802849,D,S,T,2024-07-18,1000000.00,4.397729,103.75
08:00:33,912810UA4,TSRYS5802849,D,S,T,2024-07-18,1000000.00,4.396808,103.765625
08:00:33,912810UA4,TSRYS5802849,D,S,T,2024-07-18,1000000.00,4.396808,103.765625
08:00:33,912810UA4,TSRYS5802849,D,S,T,2024-07-18,1000000.00,4.396808,103.765625
08:00:33,912810UA4,TSRYS5802849,D,S,T,2024-07-18,1000000.00,4.396808,103.765625
08:00:33,912810UA4,TSRYS5802849,D,S,T,2024-07-18,1000000.00,4.396808,103.765625
08:00:33,912810UA4,TSRYS5802849,D,S,T,2024-07-18,1000000.00,4.396808,103.765625
08:00:33,912810UA4,TSRYS5802849,D,S,T,2024-07-18,1000000.00,4.396808,103.765625
08:00:33,912810UA4,TSRYS5802849,D,S,T,2024-07-18,1000000.00,4.396808,103.765625
08:00:33,912810UA4,TSRYS5802849,D,S,T,2024-07-18,1000000.00,4.396808,103.765625
08:00:33,912810UA4,TSRYS5802849,D,S,T,2024-07-18,1000000.00,4.396808,103.765625
08:00:33,912810UA4,TSRYS5802849,D,S,T,2024-07-18,1000000.00,4.396808,103.765625
08:00:33,912810UA4,TSRYS5802849,D,S,T,2024-07-18,1000000.00,4.396808,103.765625
08:00:33,912810UA4,TSRYS5802849,D,S,T,2024-07-18,1000000.00,4.396808,103.765625
08:00:33,912810UA4,TSRYS5802849,D,S,T,2024-07-18,1000000.00,4.396808,103.765625
08:00:33,912810UA4,TSRYS5802849,D,S,T,2024-07-18,1000000.00,4.400493,103.703125
08:00:33,912810UA4,TSRYS5802849,D,S,T,2024-07-18,1000000.00,4.400493,103.703125
08:00:33,912810UA4,TSRYS5802849,D,S,T,2024-07-18,1000000.00,4.400493,103.703125
08:00:33,912810UA4,TSRYS5802849,D,S,T,2024-07-18,1000000.00,4.400838,103.697265625
08:00:33,912810UA4,TSRYS5802849,D,S,T,2024-07-18,1000000.00,4.400493,103.703125
08:00:33,912810UA4,TSRYS5802849,D,S,T,2024-07-18,1000000.00,4.400493,103.703125
08:00:33,912810UA4,TSRYS5802849,D,S,T,2024-07-18,1000000.00,4.400032,103.7109375
08:00:33,912810UA4,TSRYS5802849,D,S,T,2024-07-18,1000000.00,4.400723,103.69921875
08:00:33,912810UA4,TSRYS5802849,D,S,T,2024-07-18,1000000.00,4.400608,103.701171875
08:00:33,912810UA4,TSRYS5802849,D,S,T,2024-07-18,1000000.00,4.400493,103.703125
08:00:33,912810UA4,TSRYS5802849,D,S,T,2024-07-18,1000000.00,4.399571,103.71875
08:00:33,912810UA4,TSRYS5802849,D,S,T,2024-07-18,1000000.00,4.399571,103.71875
08:00:33,912810UA4,TSRYS5802849,D,S,T,2024-07-18,1000000.00,4.39865,103.734375
08:00:33,912810UA4,TSRYS5802849,D,S,T,2024-07-18,1000000.00,4.400493,103.703125
08:00:33,912810UA4,TSRYS5802849,D,S,T,2024-07-18,1000000.00,4.400493,103.703125
08:00:33,912810UA4,TSRYS5802849,D,S,T,2024-07-18,1000000.00,4.400493,103.703125
08:00:33,912810UA4,TSRYS5802849,D,S,T,2024-07-18,1000000.00,4.398765,103.732421875
08:00:33,912810UA4,TSRYS5802849,D,S,T,2024-07-18,1000000.00,4.399571,103.71875
08:00:33,912810UA4,TSRYS5802849,D,S,T,2024-07-18,1000000.00,4.399571,103.71875
08:00:33,912810UA4,TSRYS5802849,D,S,T,2024-07-18,1000000.00,4.399571,103.71875
08:00:33,912810UA4,TSRYS5802849,D,S,T,2024-07-18,1000000.00,4.399571,103.71875
08:00:33,912810UA4,TSRYS5802849,D,S,T,2024-07-18,1000000.00,4.399571,103.71875
08:00:33,912810UA4,TSRYS5802849,D,S,T,2024-07-18,1000000.00,4.399571,103.71875
08:00:33,912810UA4,TSRYS5802849,D,S,T,2024-07-18,1000000.00,4.399571,103.71875
08:00:33,912810UA4,TSRYS5802849,D,S,T,2024-07-18,1000000.00,4.399802,103.71484375
08:00:33,912810UA4,TSRYS5802849,D,S,T,2024-07-18,1000000.00,4.399571,103.71875
08:00:33,912810UA4,TSRYS5802849,D,S,T,2024-07-18,1000000.00,4.39865,103.734375
08:00:33,912810UA4,TSRYS5802849,D,S,T,2024-07-18,1000000.00,4.399571,103.71875
08:00:33,912810UA4,TSRYS5802849,D,S,T,2024-07-18,1000000.00,4.399571,103.71875
08:00:33,912810UA4,TSRYS5802849,D,S,T,2024-07-18,1000000.00,4.399571,103.71875
08:00:33,912810UA4,TSRYS5802849,D,S,T,2024-07-18,1000000.00,4.399571,103.71875
08:00:33,912810UA4,TSRYS5802849,D,S,T,2024-07-18,1000000.00,4.399571,103.71875
08:00:33,912810UA4,TSRYS5802849,D,S,T,2024-07-18,1000000.00,4.399571,103.71875
08:00:33,912810UA4,TSRYS5802849,D,S,T,2024-07-18,1000000.00,4.399571,103.71875
08:00:33,912810UA4,TSRYS5802849,D,S,T,2024-07-18,1000000.00,4.399571,103.71875
08:00:33,912810UA4,TSRYS5802849,D,S,T,2024-07-18,1000000.00,4.399571,103.71875
08:00:33,912810UA4,TSRYS5802849,D,S,T,2024-07-18,1000000.00,4.399571,103.71875
08:00:33,912810UA4,TSRYS5802849,D,S,T,2024-07-18,1000000.00,4.400032,103.7109375
08:00:33,912810UA4,TSRYS5802849,D,S,T,2024-07-18,1000000.00,4.401184,103.69140625
08:00:33,912810UA4,TSRYS5802849,D,S,T,2024-07-18,1000000.00,4.401414,103.6875
08:00:33,912810UA4,TSRYS5802849,D,S,T,2024-07-18,1000000.00,4.401414,103.6875
08:00:33,912810UA4,TSRYS5802849,D,S,T,2024-07-18,1000000.00,4.402336,103.671875
08:00:33,912810UA4,TSRYS5802849,D,S,T,2024-07-18,1000000.00,4.399571,103.71875
08:00:33,912810UA4,TSRYS5802849,D,S,T,2024-07-18,1000000.00,4.399686,103.716796875
08:00:33,912810UA4,TSRYS5802849,D,S,T,2024-07-18,1000000.00,4.399571,103.71875
08:00:33,912810UA4,TSRYS5802849,D,S,T,2024-07-18,1000000.00,4.399571,103.71875
08:00:33,912810UA4,TSRYS5802849,D,S,T,2024-07-18,1000000.00,4.40199,103.677734375
08:00:33,912810UA4,TSRYS5802849,D,S,T,2024-07-18,1000000.00,4.402221,103.673828125
08:00:33,912810UA4,TSRYS5802849,D,S,T,2024-07-18,1000000.00,4.402336,103.671875
08:00:33,912810UA4,TSRYS5802849,D,S,T,2024-07-18,1000000.00,4.399571,103.71875
08:00:33,912810UA4,TSRYS5802849,D,S,T,2024-07-18,1000000.00,4.400493,103.703125
08:00:33,912810UA4,TSRYS5802849,D,S,T,2024-07-18,1000000.00,4.400493,103.703125
08:00:33,912810UA4,TSRYS5802849,D,S,T,2024-07-18,1000000.00,4.400493,103.703125
08:00:33,912810UA4,TSRYS5802849,D,S,T,2024-07-18,1000000.00,4.399226,103.724609375
08:00:33,912810UA4,TSRYS5802849,D,S,T,2024-07-18,1000000.00,4.399226,103.724609375
08:00:33,912810UA4,TSRYS5802849,D,S,T,2024-07-18,1000000.00,4.39865,103.734375
08:00:33,912810UA4,TSRYS5802849,D,S,T,2024-07-18,1000000.00,4.39865,103.734375
08:00:33,912810UA4,TSRYS5802849,D,S,T,2024-07-18,1000000.00,4.39865,103.734375
08:00:33,912810UA4,TSRYS5802849,D,S,T,2024-07-18,1000000.00,4.39865,103.734375
08:00:33,912810UA4,TSRYS5802849,D,S,T,2024-07-18,1000000.00,4.397269,103.7578125
08:00:33,912810UA4,TSRYS5802849,D,S,T,2024-07-18,1000000.00,4.397729,103.75
08:00:33,912810UA4,TSRYS5802849,D,S,D,2024-07-18,1000000.00,4.39865,103.734375
08:00:33,912810UA4,TSRYS5802849,D,S,T,2024-07-18,1000000.00,4.397154,103.759765625
08:00:33,912810UA4,TSRYS5802849,D,S,T,2024-07-18,1000000.00,4.397039,103.76171875
08:00:33,912810UA4,TSRYS5802849,D,S,T,2024-07-18,1000000.00,4.396808,103.765625
08:00:33,912810UA4,TSRYS5802849,D,S,T,2024-07-18,1000000.00,4.397729,103.75
08:00:33,912810UA4,TSRYS5802849,D,S,T,2024-07-18,1000000.00,4.397039,103.76171875
08:00:33,912810UA4,TSRYS5802849,D,S,T,2024-07-18,1000000.00,4.396808,103.765625
08:00:33,912810UA4,TSRYS5802849,D,S,T,2024-07-18,1000000.00,4.396118,103.77734375
08:00:33,912810UA4,TSRYS5802849,D,S,T,2024-07-18,1000000.00,4.394508,103.8046875
08:00:33,912810UA4,TSRYS5802849,D,S,T,2024-07-18,1000000.00,4.395888,103.78125
08:00:33,912810UA4,TSRYS5802849,D,S,T,2024-07-18,1000000.00,4.396808,103.765625
08:00:33,912810UA4,TSRYS5802849,D,S,T,2024-07-18,1000000.00,4.396808,103.765625
08:00:33,912810UA4,TSRYS5802849,D,S,T,2024-07-18,1000000.00,4.396808,103.765625
08:00:33,912810UA4,TSRYS5802849,D,S,T,2024-07-18,1000000.00,4.39865,103.734375
08:00:33,912810UA4,TSRYS5802849,D,S,T,2024-07-18,1000000.00,4.39819,103.7421875
08:00:33,912810UA4,TSRYS5802849,D,S,T,2024-07-18,1000000.00,4.39865,103.734375
08:00:33,912810UA4,TSRYS5802849,D,S,T,2024-07-18,1000000.00,4.39865,103.734375
08:00:33,912810UA4,TSRYS5802849,D,S,T,2024-07-18,1000000.00,4.397614,103.751953125
08:00:33,912810UA4,TSRYS5802849,D,S,T,2024-07-18,1000000.00,4.397729,103.75
08:00:33,912810UA4,TSRYS5802849,D,S,T,2024-07-18,1000000.00,4.397729,103.75
08:00:33,912810UA4,TSRYS5802849,D,S,T,2024-07-18,1000000.00,4.39865,103.734375
08:00:33,912810UA4,TSRYS5802849,D,S,T,2024-07-18,1000000.00,4.396693,103.767578125
08:00:33,912810UA4,TSRYS5802849,D,S,T,2024-07-18,2000000.00,4.396808,103.765625
08:00:33,912810UA4,TSRYS5802849,D,S,T,2024-07-18,1000000.00,4.396808,103.765625
08:00:33,912810UA4,TSRYS5802849,D,S,T,2024-07-18,1000000.00,4.396808,103.765625
08:00:33,912810UA4,TSRYS5802849,D,S,T,2024-07-18,2000000.00,4.396808,103.765625
08:00:33,912810UA4,TSRYS5802849,D,S,T,2024-07-18,1000000.00,4.396808,103.765625
08:00:33,912810UA4,TSRYS5802849,D,S,T,2024-07-18,1000000.00,4.396808,103.765625
08:00:33,912810UA4,TSRYS5802849,D,S,T,2024-07-18,1000000.00,4.396808,103.765625
08:00:33,912810UA4,TSRYS5802849,D,S,T,2024-07-18,1000000.00,4.396808,103.765625
08:00:33,912810UA4,TSRYS5802849,D,S,T,2024-07-18,1000000.00,4.396808,103.765625
08:00:33,912810UA4,TSRYS5802849,D,S,T,2024-07-18,2000000.00,4.394048,103.8125
08:00:33,912810UA4,TSRYS5802849,D,S,T,2024-07-18,1000000.00,4.394048,103.8125
08:00:33,912810UA4,TSRYS5802849,D,S,T,2024-07-18,1000000.00,4.394048,103.8125
08:00:33,912810UA4,TSRYS5802849,D,S,T,2024-07-18,1000000.00,4.393818,103.81640625
08:00:33,912810UA4,TSRYS5802849,D,S,T,2024-07-18,1000000.00,4.394048,103.8125
08:00:33,912810UA4,TSRYS5802849,D,S,T,2024-07-18,1000000.00,4.394048,103.8125
08:00:33,912810UA4,TSRYS5802849,D,S,T,2024-07-18,1000000.00,4.394048,103.8125
08:00:33,912810UA4,TSRYS5802849,D,S,T,2024-07-18,1000000.00,4.394968,103.796875
08:00:33,912810UA4,TSRYS5802849,D,S,T,2024-07-18,1000000.00,4.394968,103.796875
08:00:33,912810UA4,TSRYS5802849,D,S,T,2024-07-18,1000000.00,4.394968,103.796875
08:00:33,912810UA4,TSRYS5802849,D,S,T,2024-07-18,1000000.00,4.396003,103.779296875
08:00:33,912810UA4,TSRYS5802849,D,S,T,2024-07-18,1000000.00,4.395888,103.78125
08:00:33,912810UA4,TSRYS5802849,D,S,T,2024-07-18,1000000.00,4.396808,103.765625
08:00:33,912810UA4,TSRYS5802849,D,S,T,2024-07-18,2000000.00,4.396808,103.765625
08:00:33,912810UA4,TSRYS5802849,D,S,T,2024-07-18,1000000.00,4.396808,103.765625
08:00:33,912810UA4,TSRYS5802849,D,S,T,2024-07-18,1000000.00,4.396808,103.765625
08:00:33,912810UA4,TSRYS5802849,D,S,T,2024-07-18,1000000.00,4.396808,103.765625
08:00:33,912810UA4,TSRYS5802849,D,S,T,2024-07-18,1000000.00,4.397729,103.75
08:00:33,912810UA4,TSRYS5802849,D,S,T,2024-07-18,1000000.00,4.397729,103.75
08:00:33,912810UA4,TSRYS5802849,D,S,T,2024-07-18,1000000.00,4.397729,103.75
08:00:33,912810UA4,TSRYS5802849,D,S,T,2024-07-18,1000000.00,4.397614,103.751953125
08:00:33,912810UA4,TSRYS5802849,D,S,T,2024-07-18,1000000.00,4.39865,103.734375
08:00:33,912810UA4,TSRYS5802849,D,S,T,2024-07-18,1000000.00,4.39865,103.734375
08:00:33,912810UA4,TSRYS5802849,D,S,T,2024-07-18,1000000.00,4.397729,103.75
08:00:33,912810UA4,TSRYS5802849,D,S,T,2024-07-18,1000000.00,4.397729,103.75
08:00:33,912810UA4,TSRYS5802849,D,S,T,2024-07-18,1000000.00,4.397729,103.75
08:00:33,912810UA4,TSRYS5802849,D,S,T,2024-07-18,1000000.00,4.397729,103.75
08:00:33,912810UA4,TSRYS5802849,D,S,T,2024-07-18,1000000.00,4.397729,103.75
08:00:33,912810UA4,TSRYS5802849,D,S,T,2024-07-18,2000000.00,4.39865,103.734375
08:00:33,912810UA4,TSRYS5802849,D,S,T,2024-07-18,1000000.00,4.399571,103.71875
08:00:33,912810UA4,TSRYS5802849,D,S,T,2024-07-18,1000000.00,4.399571,103.71875
08:00:33,912810UA4,TSRYS5802849,D,S,T,2024-07-18,1000000.00,4.397729,103.75
08:00:33,912810UA4,TSRYS5802849,D,S,T,2024-07-18,1000000.00,4.397729,103.75
08:00:33,912810UA4,TSRYS5802849,D,S,T,2024-07-18,1000000.00,4.397729,103.75
08:00:33,912810UA4,TSRYS5802849,D,S,T,2024-07-18,3000000.00,4.397729,103.75
08:00:33,912810UA4,TSRYS5802849,D,S,T,2024-07-18,1000000.00,4.397614,103.751953125
08:00:33,912810UA4,TSRYS5802849,D,S,T,2024-07-18,1000000.00,4.397729,103.75
08:00:33,912810UA4,TSRYS5802849,D,S,T,2024-07-18,1000000.00,4.395888,103.78125
08:00:33,912810UA4,TSRYS5802849,D,S,T,2024-07-18,1000000.00,4.396233,103.775390625
08:00:33,912810UA4,TSRYS5802849,D,S,T,2024-07-18,1000000.00,4.396233,103.775390625
08:00:33,912810UA4,TSRYS5802849,D,S,T,2024-07-18,1000000.00,4.396808,103.765625
08:00:33,912810UA4,TSRYS5802849,D,S,T,2024-07-18,1000000.00,4.397729,103.75
08:00:33,912810UA4,TSRYS5802849,D,S,T,2024-07-18,1000000.00,4.397614,103.751953125
08:00:33,912810UA4,TSRYS5802849,D,S,T,2024-07-18,1000000.00,4.396808,103.765625
08:00:33,912810UA4,TSRYS5802849,D,S,T,2024-07-18,1000000.00,4.400493,103.703125
08:00:33,912810UA4,TSRYS5802849,D,S,T,2024-07-18,1000000.00,4.400493,103.703125
08:00:33,912810UA4,TSRYS5802849,D,S,T,2024-07-18,1000000.00,4.400493,103.703125
08:00:33,912810UA4,TSRYS5802849,D,S,T,2024-07-18,1000000.00,4.400493,103.703125
08:00:33,912810UA4,TSRYS5802849,D,S,T,2024-07-18,1000000.00,4.400493,103.703125
08:00:33,912810UA4,TSRYS5802849,D,S,T,2024-07-18,1000000.00,4.400493,103.703125
08:00:33,912810UA4,TSRYS5802849,D,S,T,2024-07-18,1000000.00,4.399917,103.712890625
08:00:33,912810UA4,TSRYS5802849,D,S,T,2024-07-18,1000000.00,4.400147,103.708984375
08:00:33,912810UA4,TSRYS5802849,D,S,T,2024-07-18,1000000.00,4.400493,103.703125
08:00:33,912810UA4,TSRYS5802849,D,S,T,2024-07-18,1000000.00,4.400147,103.708984375
08:00:33,912810UA4,TSRYS5802849,D,S,T,2024-07-18,1000000.00,4.399571,103.71875
08:00:33,912810UA4,TSRYS5802849,D,S,T,2024-07-18,1000000.00,4.398996,103.728515625
08:00:33,912810UA4,TSRYS5802849,D,S,T,2024-07-18,1000000.00,4.398305,103.740234375
08:00:33,912810UA4,TSRYS5802849,D,S,D,2024-07-18,1000000.00,4.381875,104.01953125
08:00:33,912810UA4,TSRYS5802849,D,S,D,2024-07-18,1000000.00,4.381875,104.01953125
08:00:33,912810UA4,TSRYS5802849,D,S,D,2024-07-18,1000000.00,4.382104,104.015625
08:00:33,912810UA4,TSRYS5802849,D,S,D,2024-07-18,1000000.00,4.382104,104.015625
08:00:33,912810UA4,TSRYS5802849,D,S,D,2024-07-18,1000000.00,4.382333,104.01171875
08:00:33,912810UA4,TSRYS5802849,D,S,D,2024-07-18,1000000.00,4.38371,103.98828125
08:00:33,912810UA4,TSRYS5802849,D,S,D,2024-07-18,1000000.00,4.386234,103.9453125
08:00:33,912810UA4,TSRYS5802849,D,S,D,2024-07-18,1000000.00,4.390829,103.8671875
08:00:33,912810UA4,TSRYS5802849,D,S,D,2024-07-18,1000000.00,4.38945,103.890625
08:00:33,912810UA4,TSRYS5802849,D,S,D,2024-07-18,1000000.00,4.38945,103.890625
08:00:33,912810UA4,TSRYS5802849,D,S,D,2024-07-18,1000000.00,4.387612,103.921875
08:00:33,912810UA4,TSRYS5802849,D,S,D,2024-07-18,1000000.00,4.387612,103.921875
08:00:33,912810UA4,TSRYS5802849,D,S,D,2024-07-18,1000000.00,4.388531,103.90625
08:00:33,912810UA4,TSRYS5802849,D,S,D,2024-07-18,1000000.00,4.388531,103.90625
08:00:33,912810UA4,TSRYS5802849,D,S,D,2024-07-18,1000000.00,4.388531,103.90625
08:00:33,912810UA4,TSRYS5802849,D,S,D,2024-07-18,1000000.00,4.388301,103.91015625
08:00:33,912810UA4,TSRYS5802849,D,S,D,2024-07-18,1000000.00,4.388301,103.91015625
08:00:33,912810UA4,TSRYS5802849,D,S,D,2024-07-18,1000000.00,4.387153,103.9296875
08:00:33,912810UA4,TSRYS5802849,D,S,D,2024-07-18,1000000.00,4.384857,103.96875
08:00:33,912810UA4,TSRYS5802849,D,S,D,2024-07-18,1000000.00,4.380728,104.0390625
08:00:33,912810UA4,TSRYS5802849,D,S,D,2024-07-18,1000000.00,4.380728,104.0390625
08:00:33,912810UA4,TSRYS5802849,D,S,D,2024-07-18,1000000.00,4.383021,104.0
08:00:33,912810UA4,TSRYS5802849,D,S,D,2024-07-18,1000000.00,4.384169,103.98046875
08:00:33,912810UA4,TSRYS5802849,D,S,D,2024-07-18,1000000.00,4.379811,104.0546875
08:00:33,912810UA4,TSRYS5802849,D,S,D,2024-07-18,1000000.00,4.385775,103.953125
08:00:33,912810UA4,TSRYS5802849,D,S,D,2024-07-18,1000000.00,4.385316,103.9609375
08:00:33,912810UA4,TSRYS5802849,D,S,D,2024-07-18,1000000.00,4.386694,103.9375
08:00:33,912810UA4,TSRYS5802849,D,S,D,2024-07-18,1000000.00,4.391288,103.859375
08:00:33,912810UA4,TSRYS5802849,D,S,D,2024-07-18,1000000.00,4.391518,103.85546875
08:00:33,912810UA4,TSRYS5802849,D,S,D,2024-07-18,1000000.00,4.391518,103.85546875
08:00:33,912810UA4,TSRYS5802849,D,S,D,2024-07-18,1000000.00,4.38945,103.890625
08:00:33,912810UA4,TSRYS5802849,D,S,D,2024-07-18,1000000.00,4.391288,103.859375
08:00:33,912810UA4,TSRYS5802849,D,S,D,2024-07-18,1000000.00,4.391748,103.8515625
08:00:33,912810UA4,TSRYS5802849,D,S,D,2024-07-18,1000000.00,4.391748,103.8515625
08:00:33,912810UA4,TSRYS5802849,D,S,D,2024-07-18,1000000.00,4.391748,103.8515625
08:00:33,912810UA4,TSRYS5802849,D,S,D,2024-07-18,1000000.00,4.391748,103.8515625
08:00:33,912810UA4,TSRYS5802849,D,S,D,2024-07-18,1000000.00,4.393818,103.81640625
08:00:33,912810UA4,TSRYS5802849,D,S,D,2024-07-18,1000000.00,4.394508,103.8046875
08:00:33,912810UA4,TSRYS5802849,D,S,D,2024-07-18,1000000.00,4.393818,103.81640625
08:00:33,912810UA4,TSRYS5802849,D,S,D,2024-07-18,1000000.00,4.394968,103.796875
08:00:33,912810UA4,TSRYS5802849,D,S,D,2024-07-18,1000000.00,4.395888,103.78125
08:00:33,912810UA4,TSRYS5802849,D,S,D,2024-07-18,1000000.00,4.400032,103.7109375
08:00:33,912810UA4,TSRYS5802849,D,S,D,2024-07-18,1000000.00,4.399802,103.71484375
08:00:33,912810UA4,TSRYS5802849,D,S,D,2024-07-18,1000000.00,4.401414,103.6875
08:00:33,912810UA4,TSRYS5802849,D,S,D,2024-07-18,1000000.00,4.401414,103.6875
08:00:33,912810UA4,TSRYS5802849,D,S,D,2024-07-18,1000000.00,4.399802,103.71484375
08:00:33,912810UA4,TSRYS5802849,D,S,D,2024-07-18,1000000.00,4.399571,103.71875
08:00:33,912810UA4,TSRYS5802849,D,S,D,2024-07-18,1000000.00,4.400032,103.7109375
08:00:33,912810UA4,TSRYS5802849,D,S,D,2024-07-18,1000000.00,4.399111,103.7265625
08:00:33,912810UA4,TSRYS5802849,D,S,D,2024-07-18,1000000.00,4.39865,103.734375
08:00:33,912810UA4,TSRYS5802849,D,S,D,2024-07-18,1000000.00,4.394508,103.8046875
08:00:33,912810UA4,TSRYS5802849,D,S,D,2024-07-18,1000000.00,4.396808,103.765625
08:00:33,912810UA4,TSRYS5802849,D,S,D,2024-07-18,1000000.00,4.396578,103.76953125
08:00:33,912810UA4,TSRYS5802849,D,S,D,2024-07-18,1000000.00,4.396808,103.765625
08:00:33,912810UA4,TSRYS5802849,D,S,D,2024-07-18,1000000.00,4.394278,103.80859375
08:00:33,912810UA4,TSRYS5802849,D,S,D,2024-07-18,1000000.00,4.394048,103.8125
08:00:33,912810UA4,TSRYS5802849,D,S,D,2024-07-18,1000000.00,4.394048,103.8125
08:00:33,912810UA4,TSRYS5802849,D,S,D,2024-07-18,1000000.00,4.396808,103.765625
08:00:33,912810UA4,TSRYS5802849,D,S,D,2024-07-18,1000000.00,4.39819,103.7421875
08:00:33,912810UA4,TSRYS5802849,D,S,D,2024-07-18,1000000.00,4.382448,104.009765625
08:00:33,912810UA4,TSRYS5802849,D,S,D,2024-07-18,1000000.00,4.382219,104.013671875
08:00:33,912810UA4,TSRYS5802849,D,S,D,2024-07-18,1000000.00,4.382219,104.013671875
08:00:33,912810UA4,TSRYS5802849,D,S,D,2024-07-18,1000000.00,4.381875,104.01953125
08:00:33,912810UA4,TSRYS5802849,D,S,D,2024-07-18,1000000.00,4.382219,104.013671875
08:00:33,912810UA4,TSRYS5802849,D,S,D,2024-07-18,1000000.00,4.382333,104.01171875
08:00:33,912810UA4,TSRYS5802849,D,S,D,2024-07-18,2000000.00,4.38348,103.9921875
08:00:33,912810UA4,TSRYS5802849,D,S,D,2024-07-18,1000000.00,4.389335,103.892578125
08:00:33,912810UA4,TSRYS5802849,D,S,D,2024-07-18,1000000.00,4.389335,103.892578125
08:00:33,912810UA4,TSRYS5802849,D,S,D,2024-07-18,1000000.00,4.389335,103.892578125
08:00:33,912810UA4,TSRYS5802849,D,S,D,2024-07-18,1000000.00,4.389335,103.892578125
08:00:33,912810UA4,TSRYS5802849,D,S,D,2024-07-18,1000000.00,4.389335,103.892578125
08:00:33,912810UA4,TSRYS5802849,D,S,D,2024-07-18,1000000.00,4.389335,103.892578125
08:00:33,912810UA4,TSRYS5802849,D,S,D,2024-07-18,1000000.00,4.389335,103.892578125
08:00:33,912810UA4,TSRYS5802849,D,S,D,2024-07-18,1000000.00,4.390369,103.875
08:00:33,912810UA4,TSRYS5802849,D,S,D,2024-07-18,1000000.00,4.388531,103.90625
08:00:33,912810UA4,TSRYS5802849,D,S,D,2024-07-18,1000000.00,4.388531,103.90625
08:00:33,912810UA4,TSRYS5802849,D,S,D,2024-07-18,1000000.00,4.388416,103.908203125
08:00:33,912810UA4,TSRYS5802849,D,S,D,2024-07-18,2000000.00,4.388416,103.908203125
08:00:33,912810UA4,TSRYS5802849,D,S,D,2024-07-18,2000000.00,4.388416,103.908203125
08:00:33,912810UA4,TSRYS5802849,D,S,D,2024-07-18,2000000.00,4.388416,103.908203125
08:00:33,912810UA4,TSRYS5802849,D,S,D,2024-07-18,1000000.00,4.386234,103.9453125
08:00:33,912810UA4,TSRYS5802849,D,S,D,2024-07-18,1000000.00,4.385201,103.962890625
08:00:33,912810UA4,TSRYS5802849,D,S,D,2024-07-18,1000000.00,4.385201,103.962890625
08:00:33,912810UA4,TSRYS5802849,D,S,D,2024-07-18,1000000.00,4.385201,103.962890625
08:00:33,912810UA4,TSRYS5802849,D,S,D,2024-07-18,1000000.00,4.385201,103.962890625
08:00:33,912810UA4,TSRYS5802849,D,S,D,2024-07-18,1000000.00,4.385201,103.962890625
08:00:33,912810UA4,TSRYS5802849,D,S,D,2024-07-18,1000000.00,4.380728,104.0390625
08:00:33,912810UA4,TSRYS5802849,D,S,D,2024-07-18,1000000.00,4.380728,104.0390625
08:00:33,912810UA4,TSRYS5802849,D,S,D,2024-07-18,1000000.00,4.380728,104.0390625
08:00:33,912810UA4,TSRYS5802849,D,S,D,2024-07-18,1000000.00,4.382219,104.013671875
08:00:33,912810UA4,TSRYS5802849,D,S,D,2024-07-18,1000000.00,4.38176,104.021484375
08:00:33,912810UA4,TSRYS5802849,D,S,D,2024-07-18,1000000.00,4.38176,104.021484375
08:00:33,912810UA4,TSRYS5802849,D,S,D,2024-07-18,1000000.00,4.385775,103.953125
08:00:33,912810UA4,TSRYS5802849,D,S,D,2024-07-18,1000000.00,4.385775,103.953125
08:00:33,912810UA4,TSRYS5802849,D,S,D,2024-07-18,1000000.00,4.38589,103.951171875
08:00:33,912810UA4,TSRYS5802849,D,S,D,2024-07-18,1000000.00,4.385201,103.962890625
08:00:33,912810UA4,TSRYS5802849,D,S,D,2024-07-18,1000000.00,4.385201,103.962890625
08:00:33,912810UA4,TSRYS5802849,D,S,D,2024-07-18,1000000.00,4.385201,103.962890625
08:00:33,912810UA4,TSRYS5802849,D,S,D,2024-07-18,1000000.00,4.385201,103.962890625
08:00:33,912810UA4,TSRYS5802849,D,S,D,2024-07-18,1000000.00,4.385087,103.96484375
08:00:33,912810UA4,TSRYS5802849,D,S,D,2024-07-18,1000000.00,4.385087,103.96484375
08:00:33,912810UA4,TSRYS5802849,D,S,D,2024-07-18,1000000.00,4.385546,103.95703125
08:00:33,912810UA4,TSRYS5802849,D,S,D,2024-07-18,1000000.00,4.385431,103.958984375
08:00:33,912810UA4,TSRYS5802849,D,S,D,2024-07-18,1000000.00,4.391403,103.857421875
08:00:33,912810UA4,TSRYS5802849,D,S,D,2024-07-18,1000000.00,4.391288,103.859375
08:00:33,912810UA4,TSRYS5802849,D,S,D,2024-07-18,1000000.00,4.391173,103.861328125
08:00:33,912810UA4,TSRYS5802849,D,S,D,2024-07-18,1000000.00,4.392668,103.8359375
08:00:33,912810UA4,TSRYS5802849,D,S,D,2024-07-18,1000000.00,4.392783,103.833984375
08:00:33,912810UA4,TSRYS5802849,D,S,D,2024-07-18,1000000.00,4.392668,103.8359375
08:00:33,912810UA4,TSRYS5802849,D,S,D,2024-07-18,1000000.00,4.395658,103.78515625
08:00:33,912810UA4,TSRYS5802849,D,S,D,2024-07-18,1000000.00,4.395083,103.794921875
08:00:33,912810UA4,TSRYS5802849,D,S,D,2024-07-18,1000000.00,4.394623,103.802734375
08:00:33,912810UA4,TSRYS5802849,D,S,D,2024-07-18,1000000.00,4.397729,103.75
08:00:33,912810UA4,TSRYS5802849,D,S,D,2024-07-18,1000000.00,4.400032,103.7109375
08:00:33,912810UA4,TSRYS5802849,D,S,D,2024-07-18,1000000.00,4.399456,103.720703125
08:00:33,912810UA4,TSRYS5802849,D,S,D,2024-07-18,1000000.00,4.399686,103.716796875
08:00:33,912810UA4,TSRYS5802849,D,S,D,2024-07-18,1000000.00,4.399686,103.716796875
08:00:33,912810UA4,TSRYS5802849,D,S,D,2024-07-18,1000000.00,4.400147,103.708984375
08:00:33,912810UA4,TSRYS5802849,D,S,D,2024-07-18,1000000.00,4.397269,103.7578125
08:00:33,912810UA4,TSRYS5802849,D,S,D,2024-07-18,1000000.00,4.39865,103.734375
08:00:33,912810UA4,TSRYS5802849,D,S,D,2024-07-18,1000000.00,4.398075,103.744140625
08:00:33,912810UA4,TSRYS5802849,D,S,D,2024-07-18,1000000.00,4.397959,103.74609375
08:00:33,912810UA4,TSRYS5802849,D,S,D,2024-07-18,1000000.00,4.398535,103.736328125
08:00:33,912810UA4,TSRYS5802849,D,S,D,2024-07-18,1000000.00,4.39865,103.734375
08:00:33,912810UA4,TSRYS5802849,D,S,D,2024-07-18,1000000.00,4.397039,103.76171875
08:00:33,912810UA4,TSRYS5802849,D,S,D,2024-07-18,1000000.00,4.397154,103.759765625
08:00:33,912810UA4,TSRYS5802849,D,S,D,2024-07-18,1000000.00,4.397154,103.759765625
08:00:33,912810UA4,TSRYS5802849,D,S,D,2024-07-18,1000000.00,4.397729,103.75
08:00:33,912810UA4,TSRYS5802849,D,S,D,2024-07-18,1000000.00,4.397614,103.751953125
08:00:33,912810UA4,TSRYS5802849,D,S,D,2024-07-18,1000000.00,4.397729,103.75
08:00:33,912810UA4,TSRYS5802849,D,S,D,2024-07-18,1000000.00,4.397729,103.75
08:00:33,912810UA4,TSRYS5802849,D,S,D,2024-07-18,1000000.00,4.396693,103.767578125
08:00:33,912810UA4,TSRYS5802849,D,S,D,2024-07-18,1000000.00,4.397729,103.75
08:00:33,912810UA4,TSRYS5802849,D,S,D,2024-07-18,1000000.00,4.396463,103.771484375
08:00:33,912810UA4,TSRYS5802849,D,S,D,2024-07-18,1000000.00,4.396808,103.765625
08:00:33,912810UA4,TSRYS5802849,D,S,D,2024-07-18,1000000.00,4.396003,103.779296875
08:00:33,912810UA4,TSRYS5802849,D,S,D,2024-07-18,1000000.00,4.396003,103.779296875
08:00:33,912810UA4,TSRYS5802849,D,S,D,2024-07-18,1000000.00,4.396578,103.76953125
08:00:33,912810UA4,TSRYS5802849,D,S,T,2024-07-18,1000000.00,4.382219,104.013671875
08:00:33,912810UA4,TSRYS5802849,D,S,T,2024-07-18,1000000.00,4.381645,104.0234375
08:00:33,912810UA4,TSRYS5802849,D,S,T,2024-07-18,1000000.00,4.381645,104.0234375
08:00:33,912810UA4,TSRYS5802849,D,S,T,2024-07-18,1000000.00,4.380499,104.04296875
08:00:33,912810UA4,TSRYS5802849,D,S,T,2024-07-18,1000000.00,4.382219,104.013671875
08:00:33,912810UA4,TSRYS5802849,D,S,T,2024-07-18,1000000.00,4.38371,103.98828125
08:00:33,912810UA4,TSRYS5802849,D,S,T,2024-07-18,1000000.00,4.390829,103.8671875
08:00:33,912810UA4,TSRYS5802849,D,S,T,2024-07-18,1000000.00,4.389335,103.892578125
08:00:33,912810UA4,TSRYS5802849,D,S,T,2024-07-18,1000000.00,4.389335,103.892578125
08:00:33,912810UA4,TSRYS5802849,D,S,T,2024-07-18,1000000.00,4.388531,103.90625
08:00:33,912810UA4,TSRYS5802849,D,S,T,2024-07-18,1000000.00,4.388531,103.90625
08:00:33,912810UA4,TSRYS5802849,D,S,T,2024-07-18,1000000.00,4.388416,103.908203125
08:00:33,912810UA4,TSRYS5802849,D,S,T,2024-07-18,1000000.00,4.384857,103.96875
08:00:33,912810UA4,TSRYS5802849,D,S,T,2024-07-18,1000000.00,4.381645,104.0234375
08:00:33,912810UA4,TSRYS5802849,D,S,T,2024-07-18,1000000.00,4.380728,104.0390625
08:00:33,912810UA4,TSRYS5802849,D,S,T,2024-07-18,1000000.00,4.380728,104.0390625
08:00:33,912810UA4,TSRYS5802849,D,S,T,2024-07-18,1000000.00,4.380728,104.0390625
08:00:33,912810UA4,TSRYS5802849,D,S,T,2024-07-18,1000000.00,4.38348,103.9921875
08:00:33,912810UA4,TSRYS5802849,D,S,T,2024-07-18,1000000.00,4.385201,103.962890625
08:00:33,912810UA4,TSRYS5802849,D,S,T,2024-07-18,1000000.00,4.385087,103.96484375
08:00:33,912810UA4,TSRYS5802849,D,S,T,2024-07-18,1000000.00,4.385087,103.96484375
08:00:33,912810UA4,TSRYS5802849,D,S,T,2024-07-18,1000000.00,4.391403,103.857421875
08:00:33,912810UA4,TSRYS5802849,D,S,T,2024-07-18,1000000.00,4.390944,103.865234375
08:00:33,912810UA4,TSRYS5802849,D,S,T,2024-07-18,1000000.00,4.390829,103.8671875
08:00:33,912810UA4,TSRYS5802849,D,S,T,2024-07-18,1000000.00,4.392668,103.8359375
08:00:33,912810UA4,TSRYS5802849,D,S,T,2024-07-18,1000000.00,4.394853,103.798828125
08:00:33,912810UA4,TSRYS5802849,D,S,T,2024-07-18,1000000.00,4.395083,103.794921875
08:00:33,912810UA4,TSRYS5802849,D,S,T,2024-07-18,1000000.00,4.395083,103.794921875
08:00:33,912810UA4,TSRYS5802849,D,S,T,2024-07-18,1000000.00,4.395428,103.7890625
08:00:33,912810UA4,TSRYS5802849,D,S,T,2024-07-18,1000000.00,4.395083,103.794921875
08:00:33,912810UA4,TSRYS5802849,D,S,T,2024-07-18,1000000.00,4.392438,103.83984375
08:00:33,912810UA4,TSRYS5802849,D,S,T,2024-07-18,1000000.00,4.392668,103.8359375
08:00:33,912810UA4,TSRYS5802849,D,S,T,2024-07-18,1000000.00,4.393933,103.814453125
08:00:33,912810UA4,TSRYS5802849,D,S,T,2024-07-18,1000000.00,4.395083,103.794921875
08:00:33,912810UA4,TSRYS5802849,D,S,T,2024-07-18,1000000.00,4.394968,103.796875
08:00:33,912810UA4,TSRYS5802849,D,S,T,2024-07-18,1000000.00,4.399341,103.72265625
08:00:33,912810UA4,TSRYS5802849,D,S,T,2024-07-18,1000000.00,4.400032,103.7109375
08:00:33,912810UA4,TSRYS5802849,D,S,T,2024-07-18,1000000.00,4.399917,103.712890625
08:00:33,912810UA4,TSRYS5802849,D,S,T,2024-07-18,1000000.00,4.399571,103.71875
08:00:33,912810UA4,TSRYS5802849,D,S,T,2024-07-18,1000000.00,4.399571,103.71875
08:00:33,912810UA4,TSRYS5802849,D,S,T,2024-07-18,1000000.00,4.399571,103.71875
08:00:33,912810UA4,TSRYS5802849,D,S,T,2024-07-18,1000000.00,4.399571,103.71875
08:00:33,912810UA4,TSRYS5802849,D,S,T,2024-07-18,1000000.00,4.399571,103.71875
08:00:33,912810UA4,TSRYS5802849,D,S,T,2024-07-18,1000000.00,4.399571,103.71875
08:00:33,912810UA4,TSRYS5802849,D,S,T,2024-07-18,1000000.00,4.399571,103.71875
08:00:33,912810UA4,TSRYS5802849,D,S,T,2024-07-18,1000000.00,4.399571,103.71875
08:00:33,912810UA4,TSRYS5802849,D,S,T,2024-07-18,1000000.00,4.399571,103.71875
08:00:33,912810UA4,TSRYS5802849,D,S,T,2024-07-18,1000000.00,4.399571,103.71875
08:00:33,912810UA4,TSRYS5802849,D,S,T,2024-07-18,1000000.00,4.399802,103.71484375
08:00:33,912810UA4,TSRYS5802849,D,S,T,2024-07-18,1000000.00,4.401184,103.69140625
08:00:33,912810UA4,TSRYS5802849,D,S,T,2024-07-18,1000000.00,4.401529,103.685546875
08:00:33,912810UA4,TSRYS5802849,D,S,D,2024-07-18,1000000.00,4.401414,103.6875
08:00:33,912810UA4,TSRYS5802849,D,S,T,2024-07-18,1000000.00,4.401414,103.6875
08:00:33,912810UA4,TSRYS5802849,D,S,T,2024-07-18,1000000.00,4.401414,103.6875
08:00:33,912810UA4,TSRYS5802849,D,S,T,2024-07-18,1000000.00,4.401414,103.6875
08:00:33,912810UA4,TSRYS5802849,D,S,T,2024-07-18,1000000.00,4.401414,103.6875
08:00:33,912810UA4,TSRYS5802849,D,S,T,2024-07-18,1000000.00,4.401414,103.6875
08:00:33,912810UA4,TSRYS5802849,D,S,T,2024-07-18,1000000.00,4.399802,103.71484375
08:00:33,912810UA4,TSRYS5802849,D,S,T,2024-07-18,1000000.00,4.399686,103.716796875
08:00:33,912810UA4,TSRYS5802849,D,S,T,2024-07-18,1000000.00,4.400147,103.708984375
08:00:33,912810UA4,TSRYS5802849,D,S,T,2024-07-18,1000000.00,4.401414,103.6875
08:00:33,912810UA4,TSRYS5802849,D,S,T,2024-07-18,1000000.00,4.401414,103.6875
08:00:33,912810UA4,TSRYS5802849,D,S,T,2024-07-18,1000000.00,4.399111,103.7265625
08:00:33,912810UA4,TSRYS5802849,D,S,T,2024-07-18,1000000.00,4.39865,103.734375
08:00:33,912810UA4,TSRYS5802849,D,S,T,2024-07-18,1000000.00,4.39865,103.734375
08:00:33,912810UA4,TSRYS5802849,D,S,T,2024-07-18,1000000.00,4.397959,103.74609375
08:00:33,912810UA4,TSRYS5802849,D,S,T,2024-07-18,1000000.00,4.396924,103.763671875
08:00:33,912810UA4,TSRYS5802849,D,S,T,2024-07-18,1000000.00,4.396693,103.767578125
08:00:33,912810UA4,TSRYS5802849,D,S,T,2024-07-18,1000000.00,4.396924,103.763671875
08:00:33,912810UA4,TSRYS5802849,D,S,T,2024-07-18,1000000.00,4.397154,103.759765625
08:00:33,912810UA4,TSRYS5802849,D,S,T,2024-07-18,1000000.00,4.396808,103.765625
08:00:33,912810UA4,TSRYS5802849,D,S,T,2024-07-18,1000000.00,4.394278,103.80859375
08:00:33,912810UA4,TSRYS5802849,D,S,T,2024-07-18,1000000.00,4.394163,103.810546875
08:00:33,912810UA4,TSRYS5802849,D,S,T,2024-07-18,1000000.00,4.394278,103.80859375
08:00:33,912810UA4,TSRYS5802849,D,S,T,2024-07-18,2000000.00,4.394853,103.798828125
08:00:33,912810UA4,TSRYS5802849,D,S,T,2024-07-18,1000000.00,4.397154,103.759765625
08:00:33,912810UA4,TSRYS5802849,D,S,T,2024-07-18,1000000.00,4.397039,103.76171875
08:00:33,912810UA4,TSRYS5802849,D,S,T,2024-07-18,1000000.00,4.396924,103.763671875
08:00:33,912810UA4,TSRYS5802849,D,S,T,2024-07-18,1000000.00,4.396808,103.765625
08:00:33,912810UA4,TSRYS5802849,D,S,T,2024-07-18,1000000.00,4.399571,103.71875
08:00:33,912810UA4,TSRYS5802849,D,S,T,2024-07-18,1000000.00,4.39888,103.73046875
08:00:33,912810UA4,TSRYS5802849,D,S,T,2024-07-18,1000000.00,4.397729,103.75
08:00:33,912810UA4,TSRYS5802849,D,S,T,2024-07-18,1000000.00,4.39819,103.7421875
08:00:33,912810UA4,TSRYS5802849,D,S,D,2024-07-18,1000000.00,4.387612,103.921875
08:00:33,912810UA4,TSRYS5802849,D,B,C,2024-07-18,26000000.00,4.370207,104.21875
08:00:33,912810UA4,TSRYS5802849,D,B,C,2024-07-18,26000000.00,4.370207,104.21875
08:00:33,912810UA4,TSRYS5802849,D,S,D,2024-07-18,1250000.00,4.386464,103.94140625
08:00:33,912810UA4,TSRYS5802849,D,S,A,2024-07-18,5000000.00,4.391748,103.8515625
08:00:33,912810UA4,TSRYS5802849,D,S,D,2024-07-18,1000000.00,4.384401,103.9765114379
08:00:33,912810UA4,TSRYS5802849,D,B,C,2024-07-18,5000000.00,4.383939,103.984375
08:00:33,912810UA4,TSRYS5802849,D,S,A,2024-07-18,3000000.00,4.38348,103.9921875
08:00:33,912810UA4,TSRYS5802849,D,S,D,2024-07-18,1000000.00,4.381144,104.03198189
08:00:33,912810UA4,TSRYS5802849,D,S,D,2024-07-18,1000000.00,4.381187,104.03125
08:00:33,912810UA4,TSRYS5802849,D,S,C,2024-07-18,7000000.00,4.385546,103.95703125
08:00:33,912810UA4,TSRYS5802849,D,S,A,2024-07-18,10000000.00,4.385775,103.953125
08:00:33,912810UA4,TSRYS5802849,D,S,C,2024-07-18,3200000.00,4.392668,103.8359375
08:00:33,912810UA4,TSRYS5802849,D,S,C,2024-07-18,2400000.00,4.390369,103.875
08:00:33,912810UA4,TSRYS5802849,D,S,A,2024-07-18,3000000.00,4.38945,103.890625
08:00:33,912810UA4,TSRYS5802849,D,S,A,2024-07-18,500000.00,4.393128,103.828125
08:00:33,912810UA4,TSRYS5802849,D,S,A,2024-07-18,10000000.00,4.395888,103.78125
08:00:33,912810UA4,TSRYS5802849,D,B,A,2024-07-18,2500000.00,4.396578,103.76953125
08:00:33,912810UA4,TSRYS5802849,D,S,D,2024-07-18,37000000.00,4.391505,103.8557
08:00:33,912810UA4,TSRYS5802849,D,S,A,2024-07-18,10000000.00,4.393091,103.828125
08:00:33,912810UA4,TSRYS5802849,D,S,A,2024-07-18,150000.00,4.400032,103.7109375
08:00:33,912810UA4,TSRYS5802849,D,S,D,2024-07-18,6000000.00,4.399571,103.71875
08:00:33,912810UA4,TSRYS5802849,D,S,D,2024-07-18,1000000.00,4.399571,103.71875
08:00:33,912810UA4,TSRYS5802849,D,S,D,2024-07-18,2000000.00,4.399571,103.71875
08:00:33,912810UA4,TSRYS5802849,D,S,D,2024-07-18,1000000.00,4.399571,103.71875
08:00:33,912810UA4,TSRYS5802849,D,B,A,2024-07-18,1000000.00,4.400262,103.70703125
08:00:33,912810UA4,TSRYS5802849,D,S,D,2024-07-18,1000000.00,4.399571,103.71875
08:00:33,912810UA4,TSRYS5802849,D,S,D,2024-07-18,1000000.00,4.399571,103.71875
08:00:33,912810UA4,TSRYS5802849,D,S,D,2024-07-18,6000000.00,4.399571,103.71875
08:00:33,912810UA4,TSRYS5802849,D,S,D,2024-07-18,1000000.00,4.399686,103.716796875
08:00:33,912810UA4,TSRYS5802849,D,S,D,2024-07-18,1000000.00,4.399686,103.716796875
08:00:33,912810UA4,TSRYS5802849,D,S,D,2024-07-18,2000000.00,4.399571,103.71875
08:00:33,912810UA4,TSRYS5802849,D,B,C,2024-07-18,7000000.00,4.400032,103.7109375
08:00:33,912810UA4,TSRYS5802849,D,S,D,2024-07-18,1000000.00,4.39865,103.734375
08:00:33,912810UA4,TSRYS5802849,D,S,D,2024-07-18,1000000.00,4.39865,103.734375
08:00:33,912810UA4,TSRYS5802849,D,S,D,2024-07-18,1000000.00,4.39865,103.734375
08:00:33,912810UA4,TSRYS5802849,D,S,D,2024-07-18,1000000.00,4.39865,103.734375
08:00:33,912810UA4,TSRYS5802849,D,B,C,2024-07-18,5000000.00,4.397269,103.7578125
08:00:33,912810UA4,TSRYS5802849,D,S,T,2024-07-18,1000000.00,4.397729,103.75
08:00:33,912810UA4,TSRYS5802849,D,S,D,2024-07-18,1000000.00,4.397252,103.7581005965
08:00:33,912810UA4,TSRYS5802849,D,S,T,2024-07-18,1000000.00,4.397729,103.75
08:00:33,912810UA4,TSRYS5802849,D,S,D,2024-07-18,1000000.00,4.397252,103.7581005965
08:00:33,912810UA4,TSRYS5802849,D,S,D,2024-07-18,1000000.00,4.397729,103.75
08:00:33,912810UA4,TSRYS5802849,D,S,T,2024-07-18,1000000.00,4.397729,103.75
08:00:33,912810UA4,TSRYS5802849,D,S,D,2024-07-18,1000000.00,4.397252,103.7581005965
08:00:33,912810UA4,TSRYS5802849,D,S,T,2024-07-18,1000000.00,4.397729,103.75
08:00:33,912810UA4,TSRYS5802849,D,S,T,2024-07-18,1000000.00,4.397729,103.75
08:00:33,912810UA4,TSRYS5802849,D,S,D,2024-07-18,1000000.00,4.397252,103.7581005965
08:00:33,912810UA4,TSRYS5802849,D,S,D,2024-07-18,1000000.00,4.397252,103.7581005965
08:00:33,912810UA4,TSRYS5802849,D,S,D,2024-07-18,1000000.00,4.399571,103.71875
08:00:33,912810UA4,TSRYS5802849,D,S,D,2024-07-18,1000000.00,4.399187,103.7252717391
08:00:33,912810UA4,TSRYS5802849,D,S,D,2024-07-18,1000000.00,4.399571,103.71875
08:00:33,912810UA4,TSRYS5802849,D,S,T,2024-07-18,1000000.00,4.397729,103.75
08:00:33,912810UA4,TSRYS5802849,D,S,C,2024-07-18,26500000.00,4.39865,103.734375
08:00:33,912810UA4,TSRYS5802849,D,S,D,2024-07-18,1000000.00,4.394883,103.7983186141
08:00:33,912810UA4,TSRYS5802849,D,S,T,2024-07-18,1000000.00,4.397729,103.75
08:00:33,912810UA4,TSRYS5802849,D,S,D,2024-07-18,1000000.00,4.39819,103.7421875
08:00:33,912810UA4,TSRYS5802849,D,S,D,2024-07-18,1000000.00,4.39819,103.7421875
08:00:33,912810UA4,TSRYS5802849,D,S,T,2024-07-18,1000000.00,4.397729,103.75
08:00:33,912810UA4,TSRYS5802849,D,S,T,2024-07-18,1000000.00,4.397729,103.75
08:00:33,912810UA4,TSRYS5802849,D,S,D,2024-07-18,25000000.00,4.397067,103.7612350258
08:00:33,912810UA4,TSRYS5802849,D,S,D,2024-07-18,1000000.00,4.397729,103.75
08:00:33,912810UA4,TSRYS5802849,D,S,T,2024-07-18,1000000.00,4.397729,103.75
08:00:33,912810UA4,TSRYS5802849,D,S,T,2024-07-18,1000000.00,4.397729,103.75
08:00:34,912810UA4,TSRYS5802849,D,S,C,2024-07-18,150000.00,4.39819,103.7421875
08:00:34,912810UA4,TSRYS5802849,D,S,T,2024-07-18,1000000.00,4.397729,103.75
08:00:34,912810UA4,TSRYS5802849,D,S,D,2024-07-18,2000000.00,4.394968,103.796875
08:00:34,912810UA4,TSRYS5802849,D,S,A,2024-07-18,500000.00,4.394048,103.8125
08:00:34,912810UA4,TSRYS5802849,D,S,D,2024-07-18,2000000.00,4.39888,103.73046875
08:00:34,912810UA4,TSRYS5802849,D,S,D,2024-07-18,1000000.00,4.388531,103.90625
08:00:34,912810UA4,TSRYS5802849,D,S,A,2024-07-18,78600.00,4.400262,103.70703125
08:00:37,912810UA4,TSRYS5802849,D,S,D,2024-07-18,1000000.00,4.38945,103.890625
08:00:37,912810UA4,TSRYS5802849,D,S,D,2024-07-18,1000000.00,4.38922,103.89453125
08:00:37,912810UA4,TSRYS5802849,D,S,D,2024-07-18,1000000.00,4.38968,103.88671875
08:00:37,912810UA4,TSRYS5802849,D,S,D,2024-07-18,1000000.00,4.38968,103.88671875
08:00:37,912810UA4,TSRYS5802849,D,S,D,2024-07-18,1000000.00,4.38968,103.88671875
08:00:37,912810UA4,TSRYS5802849,D,S,D,2024-07-18,1000000.00,4.38945,103.890625
08:00:37,912810UA4,TSRYS5802849,D,S,D,2024-07-18,1000000.00,4.38922,103.89453125
08:00:37,912810UA4,TSRYS5802849,D,S,D,2024-07-18,1000000.00,4.38899,103.8984375
08:00:37,912810UA4,TSRYS5802849,D,S,D,2024-07-18,1000000.00,4.388301,103.91015625
08:00:37,912810UA4,TSRYS5802849,D,S,D,2024-07-18,1000000.00,4.387153,103.9296875
08:00:37,912810UA4,TSRYS5802849,D,S,C,2024-07-18,1000000.00,4.388531,103.90625
08:00:37,912810UA4,TSRYS5802849,D,S,C,2024-07-18,1000000.00,4.388531,103.90625
08:00:37,912810UA4,TSRYS5802849,D,S,C,2024-07-18,1000000.00,4.388761,103.90234375
08:00:37,912810UA4,TSRYS5802849,D,S,C,2024-07-18,1800000.00,4.391518,103.85546875
08:00:37,912810UA4,TSRYS5802849,D,S,A,2024-07-18,10000000.00,4.399571,103.71875
08:00:39,912810UA4,TSRYS5802849,D,S,D,2024-07-18,500000.00,4.385967,103.94921875
08:00:39,912810UA4,TSRYS5802849,D,S,D,2024-07-18,1000000.00,4.386247,103.9453125
08:00:39,912810UA4,TSRYS5802849,D,S,T,2024-07-18,2000000.00,4.386694,103.9375
08:00:39,912810UA4,TSRYS5802849,D,S,D,2024-07-18,1000000.00,4.387383,103.92578125
08:00:39,912810UA4,TSRYS5802849,D,S,T,2024-07-18,1000000.00,4.387268,103.927734375
08:00:39,912810UA4,TSRYS5802849,D,S,D,2024-07-18,1000000.00,4.381339,104.028645833
08:00:39,912810UA4,TSRYS5802849,D,S,D,2024-07-18,1000000.00,4.383021,104.0
08:00:40,912810UA4,TSRYS5802849,D,S,D,2024-07-18,4000000.00,4.387612,103.921875
08:00:40,912810UA4,TSRYS5802849,D,S,D,2024-07-18,1000000.00,4.387153,103.9296875
08:00:40,912810UA4,TSRYS5802849,D,S,D,2024-07-18,1000000.00,4.387153,103.9296875
08:00:40,912810UA4,TSRYS5802849,D,S,D,2024-07-18,1000000.00,4.386234,103.9453125
08:00:40,912810UA4,TSRYS5802849,D,S,C,2024-07-18,1600000.00,4.392196,103.84395
08:00:40,912810UA4,TSRYS5802849,D,S,D,2024-07-18,1000000.00,4.388761,103.90234375
08:00:40,912810UA4,TSRYS5802849,D,S,C,2024-07-18,2000000.00,4.389208,103.89473125
08:00:40,912810UA4,TSRYS5802849,D,S,C,2024-07-18,1200000.00,4.391506,103.85566875
08:00:40,912810UA4,TSRYS5802849,D,S,C,2024-07-18,7000000.00,4.397039,103.76171875
08:00:40,912810UA4,TSRYS5802849,D,S,A,2024-07-18,776000.00,4.386234,103.9453125
08:00:40,912810UA4,TSRYS5802849,D,S,C,2024-07-18,8000000.00,4.396118,103.77734375
08:00:40,912810UA4,TSRYS5802849,D,S,D,2024-07-18,500000.00,4.381622,104.0238375
08:00:40,912810UA4,TSRYS5802849,D,S,T,2024-07-18,1000000.00,4.383021,104.0
08:00:41,912810UA4,TSRYS5802849,D,S,T,2024-07-18,1000000.00,4.383366,103.994140625
08:00:41,912810UA4,TSRYS5802849,D,S,D,2024-07-18,6000000.00,4.396674,103.767903646
08:00:41,912810UA4,TSRYS5802849,D,S,T,2024-07-18,1000000.00,4.385775,103.953125
08:00:41,912810UA4,TSRYS5802849,D,S,T,2024-07-18,1000000.00,4.385775,103.953125
08:00:41,912810UA4,TSRYS5802849,D,S,T,2024-07-18,1000000.00,4.386579,103.939453125
08:00:41,912810UA4,TSRYS5802849,D,S,T,2024-07-18,1000000.00,4.386694,103.9375
08:00:41,912810UA4,TSRYS5802849,D,S,D,2024-07-18,1000000.00,4.385316,103.9609375
08:00:41,912810UA4,TSRYS5802849,D,S,D,2024-07-18,200000.00,4.390369,103.875
08:00:41,912810UA4,TSRYS5802849,D,S,C,2024-07-18,4000000.00,4.387612,103.921875
08:00:42,912810UA4,TSRYS5802849,D,S,D,2024-07-18,1600000.00,4.392196,103.84395
08:00:42,912810UA4,TSRYS5802849,D,S,C,2024-07-18,8700000.00,4.390127,103.87910625
08:00:42,912810UA4,TSRYS5802849,D,S,A,2024-07-18,5000000.00,4.390139,103.87890625
08:00:42,912810UA4,TSRYS5802849,D,S,C,2024-07-18,700000.00,4.389208,103.89473125
08:00:42,912810UA4,TSRYS5802849,D,B,C,2024-07-18,15000000.00,4.397729,103.75
08:00:42,912810UA4,TSRYS5802849,D,S,D,2024-07-18,1000000.00,4.39865,103.734375
08:00:42,912810UA4,TSRYS5802849,D,S,D,2024-07-18,1000000.00,4.39865,103.734375
08:00:42,912810UA4,TSRYS5802849,D,S,D,2024-07-18,1000000.00,4.396808,103.765625
08:00:42,912810UA4,TSRYS5802849,D,S,D,2024-07-18,1000000.00,4.397729,103.75
08:00:42,912810UA4,TSRYS5802849,D,S,D,2024-07-18,2000000.00,4.389208,103.89473125
08:00:42,912810UA4,TSRYS5802849,D,S,D,2024-07-18,1000000.00,4.397729,103.75
08:00:42,912810UA4,TSRYS5802849,D,S,D,2024-07-18,2000000.00,4.397039,103.76171875
08:00:42,912810UA4,TSRYS5802849,D,S,D,2024-07-18,1200000.00,4.391506,103.85566875
08:00:42,912810UA4,TSRYS5802849,D,B,C,2024-07-18,10000000.00,4.39888,103.73046875
08:00:42,912810UA4,TSRYS5802849,D,B,C,2024-07-18,1000.00,4.398674,103.733975
08:00:43,912810UA4,TSRYS5802849,D,S,D,2024-07-18,5000000.00,4.394163,103.810546875
08:00:43,912810UA4,TSRYS5802849,D,S,T,2024-07-18,1000000.00,4.396808,103.765625
08:00:43,912810UA4,TSRYS5802849,D,S,T,2024-07-18,1000000.00,4.396808,103.765625
08:00:43,912810UA4,TSRYS5802849,D,S,T,2024-07-18,1000000.00,4.396808,103.765625
08:00:43,912810UA4,TSRYS5802849,D,S,T,2024-07-18,1000000.00,4.39865,103.734375
08:00:43,912810UA4,TSRYS5802849,D,S,T,2024-07-18,1000000.00,4.399917,103.712890625
08:00:43,912810UA4,TSRYS5802849,D,S,D,2024-07-18,2000000.00,4.400032,103.7109375
08:00:44,912810UA4,TSRYS5802849,D,S,T,2024-07-18,1000000.00,4.40199,103.677734375
08:00:44,912810UA4,TSRYS5802849,D,S,A,2024-07-18,2000000.00,4.401414,103.6875
08:00:44,912810UA4,TSRYS5802849,D,S,D,2024-07-18,1000000.00,4.399802,103.71484375
08:00:44,912810UA4,TSRYS5802849,D,S,D,2024-07-18,1000000.00,4.397959,103.74609375
08:00:45,912810UA4,TSRYS5802849,D,S,D,2024-07-18,1000000.00,4.397154,103.759765625
08:00:45,912810UA4,TSRYS5802849,D,S,D,2024-07-18,1000000.00,4.397844,103.748046875
08:00:45,912810UA4,TSRYS5802849,D,S,D,2024-07-18,1000000.00,4.397844,103.748046875
08:00:45,912810UA4,TSRYS5802849,D,S,D,2024-07-18,8000000.00,4.396118,103.77734375
08:00:45,912810UA4,TSRYS5802849,D,S,D,2024-07-18,1700000.00,4.399571,103.71875
08:00:45,912810UA4,TSRYS5802849,D,S,D,2024-07-18,1000000.00,4.396808,103.765625
08:00:45,912810UA4,TSRYS5802849,D,S,D,2024-07-18,1000000.00,4.380728,104.0390625
08:00:45,912810UA4,TSRYS5802849,D,S,D,2024-07-18,1000000.00,4.380728,104.0390625
08:00:46,912810UA4,TSRYS5802849,D,S,D,2024-07-18,1000000.00,4.400262,103.70703125
08:00:46,912810UA4,TSRYS5802849,D,S,D,2024-07-18,1000000.00,4.386464,103.94140625
08:00:46,912810UA4,TSRYS5802849,D,S,D,2024-07-18,1000000.00,4.386694,103.9375
08:00:46,912810UA4,TSRYS5802849,D,S,D,2024-07-18,500000.00,4.396821,103.765625
08:00:46,912810UA4,TSRYS5802849,D,S,D,2024-07-18,1000000.00,4.384169,103.98046875
08:00:46,912810UA4,TSRYS5802849,D,S,D,2024-07-18,1000000.00,4.379811,104.0546875
08:00:47,912810UA4,TSRYS5802849,D,S,D,2024-07-18,1000000.00,4.39819,103.7421875
08:00:47,912810UA4,TSRYS5802849,D,S,D,2024-07-18,1000000.00,4.39819,103.7421875
08:00:47,912810UA4,TSRYS5802849,D,S,D,2024-07-18,2000000.00,4.394048,103.8125
08:00:47,912810UA4,TSRYS5802849,D,S,D,2024-07-18,1000000.00,4.381875,104.01953125
08:00:47,912810UA4,TSRYS5802849,D,S,D,2024-07-18,1000000.00,4.381875,104.01953125
08:00:47,912810UA4,TSRYS5802849,D,S,D,2024-07-18,1000000.00,4.381875,104.01953125
08:00:47,912810UA4,TSRYS5802849,D,S,D,2024-07-18,1000000.00,4.381875,104.01953125
08:00:47,912810UA4,TSRYS5802849,D,S,D,2024-07-18,418000.00,4.388072,103.9140625
08:00:48,912810UA4,TSRYS5802849,D,S,C,2024-07-18,1000000.00,4.381187,104.03125
08:00:48,912810UA4,TSRYS5802849,D,S,D,2024-07-18,1000000.00,4.388072,103.9140625
08:00:49,912810UA4,TSRYS5802849,D,S,D,2024-07-18,1000000.00,4.382792,104.00390625
08:00:49,912810UA4,TSRYS5802849,D,S,A,2024-07-18,500000.00,4.383251,103.99609375
08:00:49,912810UA4,TSRYS5802849,D,B,A,2024-07-18,9100000.00,4.386464,103.94140625
08:00:49,912810UA4,TSRYS5802849,D,S,T,2024-07-18,1000000.00,4.385775,103.953125
08:00:49,912810UA4,TSRYS5802849,D,S,T,2024-07-18,1000000.00,4.385775,103.953125
08:00:49,912810UA4,TSRYS5802849,D,S,T,2024-07-18,1000000.00,4.385775,103.953125
08:00:49,912810UA4,TSRYS5802849,D,S,T,2024-07-18,1000000.00,4.385775,103.953125
08:00:49,912810UA4,TSRYS5802849,D,S,T,2024-07-18,1000000.00,4.386464,103.94140625
08:00:49,912810UA4,TSRYS5802849,D,S,D,2024-07-18,1000000.00,4.385316,103.9609375
08:00:49,912810UA4,TSRYS5802849,D,S,D,2024-07-18,1000000.00,4.384283,103.978515625
08:00:49,912810UA4,TSRYS5802849,D,S,D,2024-07-18,1000000.00,4.386579,103.939453125
08:00:50,912810UA4,TSRYS5802849,D,S,D,2024-07-18,8700000.00,4.390127,103.87910625
08:00:50,912810UA4,TSRYS5802849,D,S,A,2024-07-18,5000000.00,4.391288,103.859375
08:00:50,912810UA4,TSRYS5802849,D,S,D,2024-07-18,12000000.00,4.390024,103.880859375
08:00:50,912810UA4,TSRYS5802849,D,S,D,2024-07-18,1000000.00,4.386694,103.9375
08:00:50,912810UA4,TSRYS5802849,D,S,D,2024-07-18,1000000.00,4.392438,103.83984375
08:00:50,912810UA4,TSRYS5802849,D,S,D,2024-07-18,12000000.00,4.391518,103.85546875
08:00:50,912810UA4,TSRYS5802849,D,S,D,2024-07-18,700000.00,4.389208,103.89473125
08:00:51,912810UA4,TSRYS5802849,D,S,D,2024-07-18,14000000.00,4.39335,103.82435
08:00:51,912810UA4,TSRYS5802849,D,S,D,2024-07-18,1000000.00,4.391288,103.859375
08:00:51,912810UA4,TSRYS5802849,D,S,D,2024-07-18,1000000.00,4.391518,103.85546875
08:00:51,912810UA4,TSRYS5802849,D,S,D,2024-07-18,1000000.00,4.391518,103.85546875
08:00:52,912810UA4,TSRYS5802849,D,B,A,2024-07-18,10000000.00,4.396578,103.76953125
08:00:52,912810UA4,TSRYS5802849,D,S,T,2024-07-18,1000000.00,4.396808,103.765625
08:00:52,912810UA4,TSRYS5802849,D,S,T,2024-07-18,1000000.00,4.396808,103.765625
08:00:52,912810UA4,TSRYS5802849,D,S,A,2024-07-18,1000000.00,4.397269,103.7578125
08:00:52,912810UA4,TSRYS5802849,D,S,D,2024-07-18,1000000.00,4.38945,103.890625
08:00:52,912810UA4,TSRYS5802849,D,S,D,2024-07-18,1000000.00,4.392438,103.83984375
08:00:52,912810UA4,TSRYS5802849,D,S,D,2024-07-18,1000000.00,4.391748,103.8515625
08:00:52,912810UA4,TSRYS5802849,D,S,D,2024-07-18,1000000.00,4.391748,103.8515625
08:00:53,912810UA4,TSRYS5802849,D,B,A,2024-07-18,500000.00,4.400262,103.70703125
08:00:53,912810UA4,TSRYS5802849,D,S,D,2024-07-18,1000000.00,4.398535,103.736328125
08:00:53,912810UA4,TSRYS5802849,D,S,D,2024-07-18,1000000.00,4.398075,103.744140625
08:00:53,912810UA4,TSRYS5802849,D,S,D,2024-07-18,1000000.00,4.398075,103.744140625
08:00:53,912810UA4,TSRYS5802849,D,S,D,2024-07-18,1000000.00,4.397959,103.74609375
08:00:53,912810UA4,TSRYS5802849,D,S,D,2024-07-18,1000000.00,4.397729,103.75
08:00:53,912810UA4,TSRYS5802849,D,S,D,2024-07-18,1000000.00,4.397614,103.751953125
08:00:53,912810UA4,TSRYS5802849,D,S,D,2024-07-18,1000000.00,4.396808,103.765625
08:00:53,912810UA4,TSRYS5802849,D,S,D,2024-07-18,7000000.00,4.397039,103.76171875
08:00:53,912810UA4,TSRYS5802849,D,S,D,2024-07-18,22000000.00,4.397852,103.74792
08:00:53,912810UA4,TSRYS5802849,D,S,D,2024-07-18,13000000.00,4.396751,103.7666
08:00:54,912810UA4,TSRYS5802849,D,B,A,2024-07-18,25000000.00,4.39865,103.734375
08:00:54,912810UA4,TSRYS5802849,D,B,A,2024-07-18,25000000.00,4.400493,103.703125
08:00:54,912810UA4,TSRYS5802849,D,S,D,2024-07-18,1000000.00,4.400953,103.6953125
08:00:55,912810UA4,TSRYS5802849,D,S,D,2024-07-18,2000000.00,4.391518,103.85546875
08:00:55,912810UA4,TSRYS5802849,D,S,D,2024-07-18,1000000.00,4.391518,103.85546875
08:00:55,912810UA4,TSRYS5802849,D,S,D,2024-07-18,1000000.00,4.393128,103.828125
08:00:55,912810UA4,TSRYS5802849,D,S,D,2024-07-18,1000000.00,4.39842,103.73828125
08:00:55,912810UA4,TSRYS5802849,D,S,D,2024-07-18,1000000.00,4.39819,103.7421875
08:00:56,912810UA4,TSRYS5802849,D,S,C,2024-07-18,500000.00,4.381622,104.0258375
08:00:57,912810UA4,TSRYS5802849,D,S,C,2024-07-18,50MM+,4.368364,104.25
08:00:58,912810UA4,TSRYS5802849,D,S,T,2024-07-18,1000000.00,4.399571,103.71875
08:00:58,912810UA4,TSRYS5802849,D,S,T,2024-07-18,1000000.00,4.39865,103.734375
08:00:59,912810UA4,TSRYS5802849,D,B,C,2024-07-18,1000000.00,4.394048,103.8125
08:00:59,912810UA4,TSRYS5802849,D,S,D,2024-07-18,1000000.00,4.394048,103.8125
08:00:59,912810UA4,TSRYS5802849,D,S,D,2024-07-18,1000000.00,4.393818,103.81640625
08:00:59,912810UA4,TSRYS5802849,D,B,C,2024-07-18,1000000.00,4.394048,103.8125
08:00:59,912810UA4,TSRYS5802849,D,S,D,2024-07-18,1000000.00,4.394048,103.8125
08:00:59,912810UA4,TSRYS5802849,D,S,D,2024-07-18,1000000.00,4.393588,103.8203125
08:00:59,912810UA4,TSRYS5802849,D,S,D,2024-07-18,1000000.00,4.394508,103.8046875
08:00:59,912810UA4,TSRYS5802849,D,S,D,2024-07-18,1000000.00,4.393818,103.81640625
08:00:59,912810UA4,TSRYS5802849,D,S,D,2024-07-18,1000000.00,4.394968,103.796875
08:00:59,912810UA4,TSRYS5802849,D,S,D,2024-07-18,2000000.00,4.394968,103.796875
08:01:00,912810UA4,TSRYS5802849,D,S,C,2024-07-18,1000000.00,4.379582,104.05859375
08:01:00,912810UA4,TSRYS5802849,D,S,D,2024-07-18,1000000.00,4.379352,104.0625
08:01:01,912810UA4,TSRYS5802849,D,S,D,2024-07-18,1000000.00,4.395888,103.78125
08:01:01,912810UA4,TSRYS5802849,D,S,A,2024-07-18,2000000.00,4.386005,103.94921875
08:01:02,912810UA4,TSRYS5802849,D,S,T,2024-07-18,1000000.00,4.397729,103.75
08:01:02,912810UA4,TSRYS5802849,D,S,T,2024-07-18,1000000.00,4.396808,103.765625
08:01:02,912810UA4,TSRYS5802849,D,S,D,2024-07-18,1000000.00,4.400032,103.7109375
08:01:02,912810UA4,TSRYS5802849,D,S,D,2024-07-18,1000000.00,4.399802,103.71484375
08:01:02,912810UA4,TSRYS5802849,D,S,C,2024-07-18,1000.00,4.398627,103.734775
08:01:02,912810UA4,TSRYS5802849,D,S,T,2024-07-18,9500000.00,4.368364,104.25
08:01:02,912810UA4,TSRYS5802849,D,B,C,2024-07-18,1500000.00,4.396118,103.77734375
08:01:02,912810UA4,TSRYS5802849,D,S,T,2024-07-18,1000000.00,4.396586,103.76940625
08:01:02,912810UA4,TSRYS5802849,D,S,T,2024-07-18,1000000.00,4.396586,103.76940625
08:01:03,912810UA4,TSRYS5802849,D,S,T,2024-07-18,1000000.00,4.396586,103.76940625
08:01:03,912810UA4,TSRYS5802849,D,S,T,2024-07-18,2000000.00,4.396816,103.7655
08:01:03,912810UA4,TSRYS5802849,D,S,T,2024-07-18,1000000.00,4.396808,103.765625
08:01:03,912810UA4,TSRYS5802849,D,S,D,2024-07-18,2000000.00,4.400493,103.703125
08:01:03,912810UA4,TSRYS5802849,D,S,T,2024-07-18,1000000.00,4.397614,103.751953125
08:01:03,912810UA4,TSRYS5802849,D,S,T,2024-07-18,1000000.00,4.397614,103.751953125
08:01:03,912810UA4,TSRYS5802849,D,S,D,2024-07-18,1000000.00,4.402336,103.671875
08:01:03,912810UA4,TSRYS5802849,D,S,D,2024-07-18,1000000.00,4.402336,103.671875
08:01:04,912810UA4,TSRYS5802849,D,S,A,2024-07-18,5000.00,4.380728,104.0390625
08:01:04,912810UA4,TSRYS5802849,D,S,D,2024-07-18,1000000.00,4.399571,103.71875
08:01:04,912810UA4,TSRYS5802849,D,S,D,2024-07-18,1000000.00,4.400032,103.7109375
08:01:06,912810UA4,TSRYS5802849,D,S,D,2024-07-18,1000000.00,4.399111,103.7265625
08:01:07,912810UA4,TSRYS5802849,D,S,C,2024-07-18,50MM+,,104.25
08:01:07,912810UA4,TSRYS5802849,D,S,D,2024-07-18,1000.00,,103.734775
08:01:07,912810UA4,TSRYS5802849,D,S,T,2024-07-18,1000000.00,4.396808,103.765625
08:01:07,912810UA4,TSRYS5802849,D,S,T,2024-07-18,1000000.00,4.395888,103.78125
08:01:07,912810UA4,TSRYS5802849,D,S,D,2024-07-18,1000000.00,4.381875,104.01953125
08:01:07,912810UA4,TSRYS5802849,D,S,D,2024-07-18,1000000.00,4.382563,104.0078125
08:01:07,912810UA4,TSRYS5802849,D,S,D,2024-07-18,1000000.00,4.381875,104.01953125
08:01:07,912810UA4,TSRYS5802849,D,S,D,2024-07-18,1000000.00,4.382104,104.015625
08:01:07,912810UA4,TSRYS5802849,D,S,D,2024-07-18,1000000.00,4.381875,104.01953125
08:01:07,912810UA4,TSRYS5802849,D,S,D,2024-07-18,1000000.00,4.382104,104.015625
08:01:07,912810UA4,TSRYS5802849,D,S,D,2024-07-18,1000000.00,4.381875,104.01953125
08:01:07,912810UA4,TSRYS5802849,D,S,D,2024-07-18,1000000.00,4.386234,103.9453125
08:01:07,912810UA4,TSRYS5802849,D,S,D,2024-07-18,1000000.00,4.386234,103.9453125
08:01:07,912810UA4,TSRYS5802849,D,S,C,2024-07-18,1000000.00,4.386234,103.9453125
08:01:07,912810UA4,TSRYS5802849,D,S,C,2024-07-18,1000000.00,4.386234,103.9453125
08:01:07,912810UA4,TSRYS5802849,D,S,C,2024-07-18,1000000.00,4.386234,103.9453125
08:01:07,912810UA4,TSRYS5802849,D,S,C,2024-07-18,1000000.00,4.386005,103.94921875
08:01:07,912810UA4,TSRYS5802849,D,B,A,2024-07-18,140000.00,4.397269,103.7578125
08:01:07,912810UA4,TSRYS5802849,D,S,C,2024-07-18,1000000.00,4.386005,103.94921875
08:01:07,912810UA4,TSRYS5802849,D,S,D,2024-07-18,1000000.00,4.386234,103.9453125
08:01:07,912810UA4,TSRYS5802849,D,S,C,2024-07-18,1000000.00,4.386234,103.9453125
08:01:07,912810UA4,TSRYS5802849,D,B,C,2024-07-18,1000000.00,4.386234,103.9453125
08:01:07,912810UA4,TSRYS5802849,D,S,C,2024-07-18,1000000.00,4.386234,103.9453125
08:01:07,912810UA4,TSRYS5802849,D,S,C,2024-07-18,1000000.00,4.386234,103.9453125
08:01:07,912810UA4,TSRYS5802849,D,S,C,2024-07-18,1000000.00,4.386234,103.9453125
08:01:07,912810UA4,TSRYS5802849,D,B,C,2024-07-18,1000000.00,4.386234,103.9453125
08:01:07,912810UA4,TSRYS5802849,D,S,D,2024-07-18,1000000.00,4.390369,103.875
08:01:07,912810UA4,TSRYS5802849,D,S,D,2024-07-18,1000000.00,4.388072,103.9140625
08:01:07,912810UA4,TSRYS5802849,D,S,D,2024-07-18,1000000.00,4.387383,103.92578125
08:01:07,912810UA4,TSRYS5802849,D,S,D,2024-07-18,1000000.00,4.387612,103.921875
08:01:07,912810UA4,TSRYS5802849,D,S,D,2024-07-18,1000000.00,4.386234,103.9453125
08:01:07,912810UA4,TSRYS5802849,D,S,D,2024-07-18,1000000.00,4.386694,103.9375
08:01:07,912810UA4,TSRYS5802849,D,S,D,2024-07-18,1000000.00,4.387153,103.9296875
08:01:07,912810UA4,TSRYS5802849,D,S,D,2024-07-18,1000000.00,4.387153,103.9296875
08:01:07,912810UA4,TSRYS5802849,D,S,D,2024-07-18,1000000.00,4.387612,103.921875
08:01:07,912810UA4,TSRYS5802849,D,S,D,2024-07-18,1000000.00,4.388531,103.90625
08:01:07,912810UA4,TSRYS5802849,D,S,D,2024-07-18,1000000.00,4.38968,103.88671875
08:01:07,912810UA4,TSRYS5802849,D,S,D,2024-07-18,1000000.00,4.38968,103.88671875
08:01:07,912810UA4,TSRYS5802849,D,S,D,2024-07-18,1000000.00,4.38945,103.890625
08:01:07,912810UA4,TSRYS5802849,D,S,D,2024-07-18,2000000.00,4.388072,103.9140625
08:01:07,912810UA4,TSRYS5802849,D,S,D,2024-07-18,1000000.00,4.38968,103.88671875
08:01:07,912810UA4,TSRYS5802849,D,S,D,2024-07-18,1000000.00,4.38922,103.89453125
08:01:07,912810UA4,TSRYS5802849,D,S,D,2024-07-18,1000000.00,4.38899,103.8984375
08:01:07,912810UA4,TSRYS5802849,D,S,D,2024-07-18,1000000.00,4.388072,103.9140625
08:01:07,912810UA4,TSRYS5802849,D,S,D,2024-07-18,1000000.00,4.388072,103.9140625
08:01:07,912810UA4,TSRYS5802849,D,S,D,2024-07-18,1000000.00,4.388072,103.9140625
08:01:07,912810UA4,TSRYS5802849,D,S,D,2024-07-18,1000000.00,4.388301,103.91015625
08:01:07,912810UA4,TSRYS5802849,D,S,D,2024-07-18,1000000.00,4.387153,103.9296875
08:01:07,912810UA4,TSRYS5802849,D,S,D,2024-07-18,1000000.00,4.387153,103.9296875
08:01:07,912810UA4,TSRYS5802849,D,S,D,2024-07-18,1000000.00,4.387153,103.9296875
08:01:08,912810UA4,TSRYS5802849,D,S,D,2024-07-18,1000000.00,4.386234,103.9453125
08:01:08,912810UA4,TSRYS5802849,D,S,D,2024-07-18,1000000.00,4.388531,103.90625
08:01:08,912810UA4,TSRYS5802849,D,S,D,2024-07-18,1000000.00,4.388531,103.90625
08:01:08,912810UA4,TSRYS5802849,D,B,C,2024-07-18,1000000.00,4.381875,104.01953125
08:01:08,912810UA4,TSRYS5802849,D,S,D,2024-07-18,1000000.00,4.388761,103.90234375
08:01:08,912810UA4,TSRYS5802849,D,B,C,2024-07-18,1000000.00,4.380957,104.03515625
08:01:08,912810UA4,TSRYS5802849,D,S,D,2024-07-18,1000000.00,4.381875,104.01953125
08:01:08,912810UA4,TSRYS5802849,D,S,D,2024-07-18,1000000.00,4.380957,104.03515625
08:01:08,912810UA4,TSRYS5802849,D,S,D,2024-07-18,1000000.00,4.382792,104.00390625
08:01:08,912810UA4,TSRYS5802849,D,S,D,2024-07-18,1000000.00,4.385775,103.953125
08:01:08,912810UA4,TSRYS5802849,D,S,D,2024-07-18,1000000.00,4.386694,103.9375
08:01:08,912810UA4,TSRYS5802849,D,S,D,2024-07-18,1000000.00,4.386464,103.94140625
08:01:08,912810UA4,TSRYS5802849,D,S,D,2024-07-18,1000000.00,4.386694,103.9375
08:01:08,912810UA4,TSRYS5802849,D,S,D,2024-07-18,1000000.00,4.384169,103.98046875
08:01:08,912810UA4,TSRYS5802849,D,S,D,2024-07-18,1000000.00,4.379811,104.0546875
08:01:08,912810UA4,TSRYS5802849,D,S,D,2024-07-18,1000000.00,4.381187,104.03125
08:01:08,912810UA4,TSRYS5802849,D,S,D,2024-07-18,1000000.00,4.385775,103.953125
08:01:08,912810UA4,TSRYS5802849,D,S,D,2024-07-18,1000000.00,4.385316,103.9609375
08:01:08,912810UA4,TSRYS5802849,D,S,D,2024-07-18,1000000.00,4.386694,103.9375
08:01:08,912810UA4,TSRYS5802849,D,S,D,2024-07-18,1000000.00,4.386234,103.9453125
08:01:08,912810UA4,TSRYS5802849,D,S,D,2024-07-18,1000000.00,4.391518,103.85546875
08:01:08,912810UA4,TSRYS5802849,D,S,D,2024-07-18,1000000.00,4.391288,103.859375
08:01:08,912810UA4,TSRYS5802849,D,S,D,2024-07-18,1000000.00,4.391518,103.85546875
08:01:08,912810UA4,TSRYS5802849,D,S,D,2024-07-18,1000000.00,4.391288,103.859375
08:01:08,912810UA4,TSRYS5802849,D,S,D,2024-07-18,1000000.00,4.38945,103.890625
08:01:08,912810UA4,TSRYS5802849,D,S,D,2024-07-18,1000000.00,4.392438,103.83984375
08:01:08,912810UA4,TSRYS5802849,D,S,D,2024-07-18,1000000.00,4.391748,103.8515625
08:01:08,912810UA4,TSRYS5802849,D,S,D,2024-07-18,1000000.00,4.391748,103.8515625
08:01:08,912810UA4,TSRYS5802849,D,B,C,2024-07-18,1000000.00,4.391978,103.84765625
08:01:08,912810UA4,TSRYS5802849,D,S,D,2024-07-18,1000000.00,4.391978,103.84765625
08:01:08,912810UA4,TSRYS5802849,D,S,D,2024-07-18,1000000.00,4.391518,103.85546875
08:01:08,912810UA4,TSRYS5802849,D,S,D,2024-07-18,2000000.00,4.391518,103.85546875
08:01:08,912810UA4,TSRYS5802849,D,S,D,2024-07-18,1000000.00,4.393128,103.828125
08:01:08,912810UA4,TSRYS5802849,D,S,D,2024-07-18,1000000.00,4.393818,103.81640625
08:01:08,912810UA4,TSRYS5802849,D,S,D,2024-07-18,1000000.00,4.394048,103.8125
08:01:08,912810UA4,TSRYS5802849,D,S,D,2024-07-18,1000000.00,4.393128,103.828125
08:01:08,912810UA4,TSRYS5802849,D,S,D,2024-07-18,1000000.00,4.393588,103.8203125
08:01:08,912810UA4,TSRYS5802849,D,S,D,2024-07-18,1000000.00,4.393588,103.8203125
08:01:08,912810UA4,TSRYS5802849,D,S,D,2024-07-18,1000000.00,4.394508,103.8046875
08:01:08,912810UA4,TSRYS5802849,D,S,D,2024-07-18,1000000.00,4.39865,103.734375
08:01:08,912810UA4,TSRYS5802849,D,S,D,2024-07-18,1000000.00,4.39865,103.734375
08:01:08,912810UA4,TSRYS5802849,D,S,D,2024-07-18,1000000.00,4.396808,103.765625
08:01:08,912810UA4,TSRYS5802849,D,S,D,2024-07-18,1000000.00,4.397729,103.75
08:01:08,912810UA4,TSRYS5802849,D,S,D,2024-07-18,1000000.00,4.397729,103.75
08:01:08,912810UA4,TSRYS5802849,D,S,D,2024-07-18,1000000.00,4.396348,103.7734375
08:01:08,912810UA4,TSRYS5802849,D,S,D,2024-07-18,1000000.00,4.39819,103.7421875
08:01:08,912810UA4,TSRYS5802849,D,S,D,2024-07-18,1000000.00,4.394508,103.8046875
08:01:08,912810UA4,TSRYS5802849,D,S,D,2024-07-18,1000000.00,4.394508,103.8046875
08:01:08,912810UA4,TSRYS5802849,D,S,D,2024-07-18,1000000.00,4.396808,103.765625
08:01:08,912810UA4,TSRYS5802849,D,S,D,2024-07-18,1000000.00,4.393818,103.81640625
08:01:08,912810UA4,TSRYS5802849,D,S,D,2024-07-18,1000000.00,4.394738,103.80078125
08:01:08,912810UA4,TSRYS5802849,D,B,C,2024-07-18,1000000.00,4.394738,103.80078125
08:01:08,912810UA4,TSRYS5802849,D,S,D,2024-07-18,1000000.00,4.395658,103.78515625
08:01:08,912810UA4,TSRYS5802849,D,S,C,2024-07-18,1000000.00,4.397269,103.7578125
08:01:08,912810UA4,TSRYS5802849,D,S,D,2024-07-18,1000000.00,4.395658,103.78515625
08:01:08,912810UA4,TSRYS5802849,D,S,D,2024-07-18,1000000.00,4.395888,103.78125
08:01:08,912810UA4,TSRYS5802849,D,S,C,2024-07-18,1000000.00,4.396808,103.765625
08:01:08,912810UA4,TSRYS5802849,D,S,C,2024-07-18,1000000.00,4.395888,103.78125
08:01:08,912810UA4,TSRYS5802849,D,S,C,2024-07-18,1000000.00,4.397729,103.75
08:01:08,912810UA4,TSRYS5802849,D,S,D,2024-07-18,2000000.00,4.396578,103.76953125
08:01:08,912810UA4,TSRYS5802849,D,S,D,2024-07-18,1000000.00,4.397729,103.75
08:01:08,912810UA4,TSRYS5802849,D,S,D,2024-07-18,1000000.00,4.400032,103.7109375
08:01:08,912810UA4,TSRYS5802849,D,S,D,2024-07-18,1000000.00,4.399802,103.71484375
08:01:08,912810UA4,TSRYS5802849,D,S,D,2024-07-18,1000000.00,4.400493,103.703125
08:01:08,912810UA4,TSRYS5802849,D,S,D,2024-07-18,2000000.00,4.400032,103.7109375
08:01:08,912810UA4,TSRYS5802849,D,S,D,2024-07-18,2000000.00,4.400493,103.703125
08:01:08,912810UA4,TSRYS5802849,D,S,C,2024-07-18,1000000.00,4.402336,103.671875
08:01:08,912810UA4,TSRYS5802849,D,S,C,2024-07-18,1000000.00,4.402336,103.671875
08:01:08,912810UA4,TSRYS5802849,D,S,C,2024-07-18,1000000.00,4.402336,103.671875
08:01:08,912810UA4,TSRYS5802849,D,S,D,2024-07-18,1000000.00,4.402336,103.671875
08:01:08,912810UA4,TSRYS5802849,D,S,D,2024-07-18,1000000.00,4.402336,103.671875
08:01:08,912810UA4,TSRYS5802849,D,S,D,2024-07-18,1000000.00,4.400032,103.7109375
08:01:08,912810UA4,TSRYS5802849,D,S,D,2024-07-18,1000000.00,4.399571,103.71875
08:01:08,912810UA4,TSRYS5802849,D,S,D,2024-07-18,1000000.00,4.399802,103.71484375
08:01:08,912810UA4,TSRYS5802849,D,S,D,2024-07-18,1000000.00,4.39819,103.7421875
08:01:08,912810UA4,TSRYS5802849,D,S,D,2024-07-18,1000000.00,4.39865,103.734375
08:01:08,912810UA4,TSRYS5802849,D,S,D,2024-07-18,1000000.00,4.39865,103.734375
08:01:08,912810UA4,TSRYS5802849,D,S,D,2024-07-18,1000000.00,4.396808,103.765625
08:01:08,912810UA4,TSRYS5802849,D,S,D,2024-07-18,1000000.00,4.397729,103.75
08:01:08,912810UA4,TSRYS5802849,D,S,D,2024-07-18,1000000.00,4.397729,103.75
08:01:08,912810UA4,TSRYS5802849,D,S,D,2024-07-18,1000000.00,4.396808,103.765625
08:01:09,912810UA4,TSRYS5802849,D,S,D,2024-07-18,1000000.00,4.39819,103.7421875
08:01:09,912810UA4,TSRYS5802849,D,S,D,2024-07-18,1000000.00,4.394508,103.8046875
08:01:09,912810UA4,TSRYS5802849,D,S,C,2024-07-18,1000000.00,4.395198,103.79296875
08:01:09,912810UA4,TSRYS5802849,D,S,D,2024-07-18,1000000.00,4.396578,103.76953125
08:01:09,912810UA4,TSRYS5802849,D,S,D,2024-07-18,1000000.00,4.396808,103.765625
08:01:09,912810UA4,TSRYS5802849,D,S,D,2024-07-18,1000000.00,4.397269,103.7578125
08:01:09,912810UA4,TSRYS5802849,D,S,C,2024-07-18,500000.00,4.3959,103.78125
08:01:09,912810UA4,TSRYS5802849,D,S,D,2024-07-18,1000000.00,4.396808,103.765625
08:01:09,912810UA4,TSRYS5802849,D,S,D,2024-07-18,1000000.00,4.394048,103.8125
08:01:09,912810UA4,TSRYS5802849,D,S,D,2024-07-18,1000000.00,4.394508,103.8046875
08:01:09,912810UA4,TSRYS5802849,D,S,D,2024-07-18,1000000.00,4.396808,103.765625
08:01:09,912810UA4,TSRYS5802849,D,S,D,2024-07-18,1000000.00,4.396348,103.7734375
08:01:09,912810UA4,TSRYS5802849,D,S,C,2024-07-18,1000000.00,4.396118,103.77734375
08:01:09,912810UA4,TSRYS5802849,D,S,D,2024-07-18,1000000.00,4.397269,103.7578125
08:01:09,912810UA4,TSRYS5802849,D,S,D,2024-07-18,1000000.00,4.397729,103.75
08:01:09,912810UA4,TSRYS5802849,D,S,D,2024-07-18,1000000.00,4.397729,103.75
08:01:09,912810UA4,TSRYS5802849,D,S,D,2024-07-18,1000000.00,4.397729,103.75
08:01:09,912810UA4,TSRYS5802849,D,S,D,2024-07-18,1000000.00,4.399571,103.71875
08:01:09,912810UA4,TSRYS5802849,D,S,D,2024-07-18,1000000.00,4.399571,103.71875
08:01:09,912810UA4,TSRYS5802849,D,S,D,2024-07-18,1000000.00,4.396578,103.76953125
08:01:09,912810UA4,TSRYS5802849,D,S,D,2024-07-18,500000.00,4.3961,103.77764375
08:01:11,912810UA4,TSRYS5802849,D,S,D,2024-07-18,1000000.00,4.396808,103.765625
08:01:12,912810UA4,TSRYS5802849,D,S,D,2024-07-18,3500000.00,4.383021,104.0
08:01:12,912810UA4,TSRYS5802849,D,S,D,2024-07-18,1000000.00,4.394278,103.80859375
08:01:12,912810UA4,TSRYS5802849,D,S,D,2024-07-18,1000000.00,4.394048,103.8125
08:01:12,912810UA4,TSRYS5802849,D,S,D,2024-07-18,2000000.00,4.394048,103.8125
08:01:13,912810UA4,TSRYS5802849,D,S,D,2024-07-18,1000000.00,4.386694,103.9375
08:01:13,912810UA4,TSRYS5802849,D,S,D,2024-07-18,1000000.00,4.387153,103.9296875
08:01:13,912810UA4,TSRYS5802849,D,S,D,2024-07-18,1000000.00,4.387153,103.9296875
08:01:13,912810UA4,TSRYS5802849,D,S,D,2024-07-18,1000000.00,4.387612,103.921875
08:01:13,912810UA4,TSRYS5802849,D,S,D,2024-07-18,1000000.00,4.388531,103.90625
08:01:13,912810UA4,TSRYS5802849,D,S,D,2024-07-18,1000000.00,4.391288,103.859375
08:01:13,912810UA4,TSRYS5802849,D,S,D,2024-07-18,1000000.00,4.393588,103.8203125
08:01:13,912810UA4,TSRYS5802849,D,S,A,2024-07-18,5000.00,4.396312,103.7734375
08:01:13,912810UA4,TSRYS5802849,D,S,T,2024-07-18,1000000.00,4.397039,103.76171875
08:01:13,912810UA4,TSRYS5802849,D,S,T,2024-07-18,1000000.00,4.396808,103.765625
08:01:13,912810UA4,TSRYS5802849,D,S,D,2024-07-18,1000000.00,4.39819,103.7421875
08:01:13,912810UA4,TSRYS5802849,D,S,D,2024-07-18,1000000.00,4.397269,103.7578125
08:01:13,912810UA4,TSRYS5802849,D,S,D,2024-07-18,1000000.00,4.394048,103.8125
08:01:13,912810UA4,TSRYS5802849,D,S,D,2024-07-18,1000000.00,4.396348,103.7734375
08:01:13,912810UA4,TSRYS5802849,D,S,D,2024-07-18,1000000.00,4.397269,103.7578125
08:01:13,912810UA4,TSRYS5802849,D,S,D,2024-07-18,1000000.00,4.397729,103.75
08:01:13,912810UA4,TSRYS5802849,D,S,T,2024-07-18,1000000.00,4.397729,103.75
08:01:13,912810UA4,TSRYS5802849,D,S,T,2024-07-18,1000000.00,4.396348,103.7734375
08:01:13,912810UA4,TSRYS5802849,D,S,T,2024-07-18,1000000.00,4.396924,103.763671875
08:01:13,912810UA4,TSRYS5802849,D,S,T,2024-07-18,1000000.00,4.396469,103.771384375
08:01:13,912810UA4,TSRYS5802849,D,S,T,2024-07-18,1000000.00,4.396469,103.771384375
08:01:13,912810UA4,TSRYS5802849,D,S,T,2024-07-18,1000000.00,4.396584,103.76943125
08:01:13,912810UA4,TSRYS5802849,D,S,T,2024-07-18,1000000.00,4.396584,103.76943125
08:01:13,912810UA4,TSRYS5802849,D,S,T,2024-07-18,1000000.00,4.388537,103.90615
08:01:13,912810UA4,TSRYS5802849,D,S,T,2024-07-18,1000000.00,4.387044,103.931540625
08:01:13,912810UA4,TSRYS5802849,D,S,T,2024-07-18,2000000.00,4.387274,103.927634375
08:01:13,912810UA4,TSRYS5802849,D,S,T,2024-07-18,1000000.00,4.391294,103.859275
08:01:13,912810UA4,TSRYS5802849,D,S,T,2024-07-18,1000000.00,4.391294,103.859275
08:01:14,912810UA4,TSRYS5802849,D,S,T,2024-07-18,1000000.00,4.393593,103.8202125
08:01:14,912810UA4,TSRYS5802849,D,S,T,2024-07-18,1000000.00,4.393593,103.8202125
08:01:14,912810UA4,TSRYS5802849,D,S,T,2024-07-18,1000000.00,4.393593,103.8202125
08:01:14,912810UA4,TSRYS5802849,D,S,T,2024-07-18,1000000.00,4.393133,103.828025
08:01:14,912810UA4,TSRYS5802849,D,S,T,2024-07-18,2000000.00,4.393593,103.8202125
08:01:14,912810UA4,TSRYS5802849,D,S,T,2024-07-18,1000000.00,4.392674,103.8358375
08:01:14,912810UA4,TSRYS5802849,D,S,T,2024-07-18,1000000.00,4.392674,103.8358375
08:01:14,912810UA4,TSRYS5802849,D,S,T,2024-07-18,1000000.00,4.392674,103.8358375
08:01:14,912810UA4,TSRYS5802849,D,S,T,2024-07-18,1000000.00,4.393593,103.8202125
08:01:14,912810UA4,TSRYS5802849,D,S,T,2024-07-18,1000000.00,4.392674,103.8358375
08:01:14,912810UA4,TSRYS5802849,D,S,T,2024-07-18,1000000.00,4.393593,103.8202125
08:01:14,912810UA4,TSRYS5802849,D,S,T,2024-07-18,1000000.00,4.396354,103.7733375
08:01:14,912810UA4,TSRYS5802849,D,S,T,2024-07-18,1000000.00,4.396354,103.7733375
08:01:14,912810UA4,TSRYS5802849,D,S,T,2024-07-18,1000000.00,4.395434,103.7889625
08:01:14,912810UA4,TSRYS5802849,D,S,T,2024-07-18,1000000.00,4.39762,103.751853125
08:01:14,912810UA4,TSRYS5802849,D,S,T,2024-07-18,1000000.00,4.397735,103.7499
08:01:14,912810UA4,TSRYS5802849,D,S,T,2024-07-18,1000000.00,4.397735,103.7499
08:01:14,912810UA4,TSRYS5802849,D,S,T,2024-07-18,1000000.00,4.397735,103.7499
08:01:14,912810UA4,TSRYS5802849,D,S,T,2024-07-18,1000000.00,4.397275,103.7577125
08:01:14,912810UA4,TSRYS5802849,D,S,T,2024-07-18,1000000.00,4.398196,103.7420875
08:01:14,912810UA4,TSRYS5802849,D,S,T,2024-07-18,1000000.00,4.398196,103.7420875
08:01:14,912810UA4,TSRYS5802849,D,S,T,2024-07-18,1000000.00,4.398196,103.7420875
08:01:14,912810UA4,TSRYS5802849,D,S,T,2024-07-18,1000000.00,4.398196,103.7420875
08:01:14,912810UA4,TSRYS5802849,D,S,T,2024-07-18,1000000.00,4.398886,103.73036875
08:01:14,912810UA4,TSRYS5802849,D,S,T,2024-07-18,1000000.00,4.400038,103.7108375
08:01:14,912810UA4,TSRYS5802849,D,S,T,2024-07-18,1000000.00,4.397275,103.7577125
08:01:14,912810UA4,TSRYS5802849,D,S,T,2024-07-18,2000000.00,4.394053,103.8124
08:01:14,912810UA4,TSRYS5802849,D,S,T,2024-07-18,1000000.00,4.396354,103.7733375
08:01:14,912810UA4,TSRYS5802849,D,S,T,2024-07-18,1000000.00,4.397275,103.7577125
08:01:14,912810UA4,TSRYS5802849,D,S,T,2024-07-18,1000000.00,4.397275,103.7577125
08:01:14,912810UA4,TSRYS5802849,D,S,T,2024-07-18,1000000.00,4.397275,103.7577125
08:01:14,912810UA4,TSRYS5802849,D,S,T,2024-07-18,1000000.00,4.397275,103.7577125
08:01:14,912810UA4,TSRYS5802849,D,S,T,2024-07-18,1000000.00,4.397275,103.7577125
08:01:14,912810UA4,TSRYS5802849,D,S,T,2024-07-18,1000000.00,4.397735,103.7499
08:01:14,912810UA4,TSRYS5802849,D,S,T,2024-07-18,1000000.00,4.400038,103.7108375
08:01:14,912810UA4,TSRYS5802849,D,S,T,2024-07-18,1000000.00,4.400038,103.7108375
08:01:14,912810UA4,TSRYS5802849,D,S,T,2024-07-18,1000000.00,4.400038,103.7108375
08:01:14,912810UA4,TSRYS5802849,D,S,T,2024-07-18,1000000.00,4.400038,103.7108375
08:01:14,912810UA4,TSRYS5802849,D,S,T,2024-07-18,1000000.00,4.400038,103.7108375
08:01:14,912810UA4,TSRYS5802849,D,S,T,2024-07-18,1000000.00,4.400959,103.6952125
08:01:14,912810UA4,TSRYS5802849,D,S,T,2024-07-18,1000000.00,4.400959,103.6952125
08:01:14,912810UA4,TSRYS5802849,D,S,D,2024-07-18,2945000.00,4.399802,103.71484375
08:01:14,912810UA4,TSRYS5802849,D,S,T,2024-07-18,1000000.00,4.391302,103.85915
08:01:14,912810UA4,TSRYS5802849,D,S,T,2024-07-18,1000000.00,4.393141,103.8279
08:01:14,912810UA4,TSRYS5802849,D,S,T,2024-07-18,1000000.00,4.392221,103.843525
08:01:14,912810UA4,TSRYS5802849,D,S,T,2024-07-18,1000000.00,4.394061,103.812275
08:01:14,912810UA4,TSRYS5802849,D,S,T,2024-07-18,1000000.00,4.396822,103.7654
08:01:15,912810UA4,TSRYS5802849,D,S,T,2024-07-18,1000000.00,4.397742,103.749775
08:01:15,912810UA4,TSRYS5802849,D,S,D,2024-07-18,1000000.00,4.392167,103.84445
08:01:15,912810UA4,TSRYS5802849,D,B,C,2024-07-18,4000000.00,4.388251,103.9110094
08:01:15,912810UA4,TSRYS5802849,D,S,D,2024-07-18,1000000.00,4.383898,103.985075
08:01:15,912810UA4,TSRYS5802849,D,S,D,2024-07-18,2000000.00,4.384816,103.96945
08:01:15,912810UA4,TSRYS5802849,D,S,D,2024-07-18,1000000.00,4.385734,103.953825
08:01:15,912810UA4,TSRYS5802849,D,S,D,2024-07-18,1000000.00,4.386653,103.9382
08:01:15,912810UA4,TSRYS5802849,D,S,D,2024-07-18,1000000.00,4.385734,103.953825
08:01:15,912810UA4,TSRYS5802849,D,S,D,2024-07-18,1000000.00,4.386653,103.9382
08:01:15,912810UA4,TSRYS5802849,D,S,D,2024-07-18,1000000.00,4.387571,103.922575
08:01:15,912810UA4,TSRYS5802849,D,S,C,2024-07-18,1000000.00,4.384498,103.9748576
08:01:15,912810UA4,TSRYS5802849,D,S,D,2024-07-18,1000000.00,4.391247,103.860075
08:01:15,912810UA4,TSRYS5802849,D,S,D,2024-07-18,1000000.00,4.393086,103.828825
08:01:15,912810UA4,TSRYS5802849,D,B,C,2024-07-18,25000000.00,4.393991,103.8134623
08:01:15,912810UA4,TSRYS5802849,D,S,C,2024-07-18,2000000.00,4.394878,103.7984038
08:01:15,912810UA4,TSRYS5802849,D,B,C,2024-07-18,33000000.00,4.397407,103.7554696
08:01:15,912810UA4,TSRYS5802849,D,S,D,2024-07-18,1000000.00,4.394048,103.8125
08:01:15,912810UA4,TSRYS5802849,D,S,D,2024-07-18,1000000.00,4.394048,103.8125
08:01:15,912810UA4,TSRYS5802849,D,S,D,2024-07-18,1000000.00,4.396808,103.765625
08:01:15,912810UA4,TSRYS5802849,D,S,D,2024-07-18,1000000.00,4.397269,103.7578125
08:01:15,912810UA4,TSRYS5802849,D,S,D,2024-07-18,1000000.00,4.397729,103.75
08:01:15,912810UA4,TSRYS5802849,D,S,D,2024-07-18,1000000.00,4.397729,103.75
08:01:15,912810UA4,TSRYS5802849,D,S,D,2024-07-18,1000000.00,4.397729,103.75
08:01:15,912810UA4,TSRYS5802849,D,S,D,2024-07-18,1000000.00,4.399571,103.71875
08:01:15,912810UA4,TSRYS5802849,D,S,D,2024-07-18,1000000.00,4.397499,103.75390625
08:01:16,912810UA4,TSRYS5802849,D,S,C,2024-07-18,200000.00,4.390369,103.8775
08:01:16,912810UA4,TSRYS5802849,D,S,T,2024-07-18,1000000.00,4.396808,103.765625
08:01:16,912810UA4,TSRYS5802849,D,S,T,2024-07-18,1000000.00,4.396808,103.765625
08:01:17,912810UA4,TSRYS5802849,D,S,D,2024-07-18,250000.00,4.394968,103.796875
08:01:17,912810UA4,TSRYS5802849,D,S,D,2024-07-18,1000000.00,4.400953,103.6953125
08:01:17,912810UA4,TSRYS5802849,D,S,D,2024-07-18,1000000.00,4.397729,103.75
08:01:17,912810UA4,TSRYS5802849,D,S,D,2024-07-18,1000000.00,4.39842,103.73828125
08:01:17,912810UA4,TSRYS5802849,D,B,A,2024-07-18,5000000.00,4.398362,103.739257812
08:01:18,912810UA4,TSRYS5802849,D,B,A,2024-07-18,250000.00,4.386247,103.9453125
08:01:18,912810UA4,TSRYS5802849,D,S,D,2024-07-18,1000000.00,4.381072,104.03320312
08:01:19,912810UA4,TSRYS5802849,D,S,D,2024-07-18,1000000.00,4.39819,103.7421875
08:01:19,912810UA4,TSRYS5802849,D,S,D,2024-07-18,1000000.00,4.39819,103.7421875
08:01:19,912810UA4,TSRYS5802849,D,S,D,2024-07-18,1000000.00,4.397959,103.74609375
08:01:19,912810UA4,TSRYS5802849,D,S,D,2024-07-18,1000000.00,4.39819,103.7421875
08:01:19,912810UA4,TSRYS5802849,D,S,D,2024-07-18,1000000.00,4.39819,103.7421875
08:01:19,912810UA4,TSRYS5802849,D,S,T,2024-07-18,1000000.00,4.38176,104.02148437
08:01:19,912810UA4,TSRYS5802849,D,B,C,2024-07-18,11794000.00,4.399825,103.71444375
08:01:19,912810UA4,TSRYS5802849,D,S,T,2024-07-18,1000000.00,4.397729,103.75
08:01:19,912810UA4,TSRYS5802849,D,B,A,2024-07-18,1000000.00,4.397729,103.75
08:01:19,912810UA4,TSRYS5802849,D,S,T,2024-07-18,1000000.00,4.397729,103.75
08:01:19,912810UA4,TSRYS5802849,D,B,A,2024-07-18,1000000.00,4.397729,103.75
08:01:20,912810UA4,TSRYS5802849,D,S,D,2024-07-18,9500000.00,4.368364,104.25
08:01:20,912810UA4,TSRYS5802849,D,B,C,2024-07-18,1000000.00,4.382219,104.01367187
08:01:21,912810UA4,TSRYS5802849,D,B,C,2024-07-18,1000000.00,4.382219,104.01367187
08:01:21,912810UA4,TSRYS5802849,D,B,C,2024-07-18,1000000.00,4.382219,104.01367187
08:01:21,912810UA4,TSRYS5802849,D,S,C,2024-07-18,6000000.00,4.381273,104.02977
08:01:21,912810UA4,TSRYS5802849,D,B,C,2024-07-18,1000000.00,4.388072,103.9140625
08:01:21,912810UA4,TSRYS5802849,D,S,A,2024-07-18,1000000.00,4.389909,103.8828125
08:01:21,912810UA4,TSRYS5802849,D,B,C,2024-07-18,1000000.00,4.387038,103.93164062
08:01:21,912810UA4,TSRYS5802849,D,S,D,2024-07-18,2500000.00,4.395888,103.78125
