tradeTime,cusip,issueSymbolIdentifier,priceType,reportingSideCode,contraPartyTypeCode,tradeDate,reportedTradeVolume,lastSaleYield,lastSalePrice
08:00:02,912810UC0,TSRYS5860825,D,B,C,2024-09-13,1000000.00,3.97102,104.85546875
08:00:02,912810UC0,TSRYS5860825,D,S,T,2024-09-13,1000000.00,3.970803,104.859375
08:00:03,912810UC0,TSRYS5860825,D,S,D,2024-09-13,1000000.00,3.968417,104.90234375
08:00:03,912810UC0,TSRYS5860825,D,S,D,2024-09-13,1000000.00,3.9682,104.90625
08:00:03,912810UC0,TSRYS5860825,D,S,D,2024-09-13,1000000.00,3.972756,104.82421875
08:00:03,912810UC0,TSRYS5860825,D,S,T,2024-09-13,1000000.00,3.972539,104.828125
08:00:03,912810UC0,TSRYS5860825,D,S,D,2024-09-13,1000000.00,3.971237,104.8515625
08:00:03,912810UC0,TSRYS5860825,D,S,D,2024-09-13,1000000.00,3.970911,104.857421875
08:00:03,912810UC0,TSRYS5860825,D,S,T,2024-09-13,1000000.00,3.970911,104.857421875
08:00:03,912810UC0,TSRYS5860825,D,S,D,2024-09-13,1000000.00,3.971779,104.841796875
08:00:03,912810UC0,TSRYS5860825,D,S,T,2024-09-13,1000000.00,3.971779,104.841796875
08:00:03,912810UC0,TSRYS5860825,D,S,T,2024-09-13,1000000.00,3.971888,104.83984375
08:00:03,912810UC0,TSRYS5860825,D,S,D,2024-09-13,1000000.00,3.969067,104.890625
08:00:03,912810UC0,TSRYS5860825,D,S,D,2024-09-13,1000000.00,3.969067,104.890625
08:00:03,912810UC0,TSRYS5860825,D,S,C,2024-09-13,1000000.00,3.969935,104.875
08:00:03,912810UC0,TSRYS5860825,D,S,C,2024-09-13,1000000.00,3.969718,104.87890625
08:00:03,912810UC0,TSRYS5860825,D,S,T,2024-09-13,1000000.00,3.965599,104.953125
08:00:03,912810UC0,TSRYS5860825,D,S,T,2024-09-13,1000000.00,3.965599,104.953125
08:00:03,912810UC0,TSRYS5860825,D,S,T,2024-09-13,1000000.00,3.962458,105.009765625
08:00:03,912810UC0,TSRYS5860825,D,S,T,2024-09-13,1000000.00,3.964407,104.974609375
08:00:03,912810UC0,TSRYS5860825,D,S,C,2024-09-13,1000000.00,3.964841,104.966796875
08:00:03,912810UC0,TSRYS5860825,D,S,C,2024-09-13,1000000.00,3.964841,104.966796875
08:00:03,912810UC0,TSRYS5860825,D,S,C,2024-09-13,1000000.00,3.964841,104.966796875
08:00:03,912810UC0,TSRYS5860825,D,B,C,2024-09-13,1000000.00,3.964082,104.98046875
08:00:03,912810UC0,TSRYS5860825,D,B,C,2024-09-13,1000000.00,3.965382,104.95703125
08:00:03,912810UC0,TSRYS5860825,D,S,T,2024-09-13,1000000.00,3.964949,104.96484375
08:00:03,912810UC0,TSRYS5860825,D,B,C,2024-09-13,1000000.00,3.965382,104.95703125
08:00:03,912810UC0,TSRYS5860825,D,B,C,2024-09-13,1000000.00,3.965382,104.95703125
08:00:03,912810UC0,TSRYS5860825,D,B,C,2024-09-13,1000000.00,3.964082,104.98046875
08:00:03,912810UC0,TSRYS5860825,D,S,T,2024-09-13,1000000.00,3.963866,104.984375
08:00:03,912810UC0,TSRYS5860825,D,B,C,2024-09-13,1000000.00,3.964082,104.98046875
08:00:03,912810UC0,TSRYS5860825,D,S,T,2024-09-13,1000000.00,3.964732,104.96875
08:00:03,912810UC0,TSRYS5860825,D,B,C,2024-09-13,1000000.00,3.964082,104.98046875
08:00:03,912810UC0,TSRYS5860825,D,S,T,2024-09-13,1000000.00,3.963866,104.984375
08:00:03,912810UC0,TSRYS5860825,D,S,C,2024-09-13,1000000.00,3.966466,104.9375
08:00:03,912810UC0,TSRYS5860825,D,S,D,2024-09-13,1000000.00,3.966466,104.9375
08:00:03,912810UC0,TSRYS5860825,D,B,C,2024-09-13,1000000.00,3.966791,104.931640625
08:00:03,912810UC0,TSRYS5860825,D,B,C,2024-09-13,1000000.00,3.966791,104.931640625
08:00:03,912810UC0,TSRYS5860825,D,S,C,2024-09-13,1000000.00,3.966357,104.939453125
08:00:03,912810UC0,TSRYS5860825,D,S,C,2024-09-13,1000000.00,3.966357,104.939453125
08:00:03,912810UC0,TSRYS5860825,D,B,C,2024-09-13,1000000.00,3.966791,104.931640625
08:00:03,912810UC0,TSRYS5860825,D,S,T,2024-09-13,1000000.00,3.966466,104.9375
08:00:03,912810UC0,TSRYS5860825,D,B,C,2024-09-13,1000000.00,3.966574,104.935546875
08:00:03,912810UC0,TSRYS5860825,D,B,C,2024-09-13,1000000.00,3.966574,104.935546875
08:00:03,912810UC0,TSRYS5860825,D,B,C,2024-09-13,1000000.00,3.966466,104.9375
08:00:03,912810UC0,TSRYS5860825,D,S,C,2024-09-13,1000000.00,3.966357,104.939453125
08:00:03,912810UC0,TSRYS5860825,D,B,C,2024-09-13,1000000.00,3.966791,104.931640625
08:00:03,912810UC0,TSRYS5860825,D,B,C,2024-09-13,1000000.00,3.966791,104.931640625
08:00:03,912810UC0,TSRYS5860825,D,B,C,2024-09-13,1000000.00,3.969718,104.87890625
08:00:03,912810UC0,TSRYS5860825,D,S,T,2024-09-13,1000000.00,3.969067,104.890625
08:00:03,912810UC0,TSRYS5860825,D,B,C,2024-09-13,1000000.00,3.968308,104.904296875
08:00:03,912810UC0,TSRYS5860825,D,S,T,2024-09-13,1000000.00,3.967766,104.9140625
08:00:03,912810UC0,TSRYS5860825,D,B,C,2024-09-13,1000000.00,3.967983,104.91015625
08:00:03,912810UC0,TSRYS5860825,D,S,T,2024-09-13,1000000.00,3.967766,104.9140625
08:00:03,912810UC0,TSRYS5860825,D,B,C,2024-09-13,1000000.00,3.966682,104.93359375
08:00:03,912810UC0,TSRYS5860825,D,S,T,2024-09-13,1000000.00,3.966466,104.9375
08:00:03,912810UC0,TSRYS5860825,D,S,T,2024-09-13,1000000.00,3.966574,104.935546875
08:00:03,912810UC0,TSRYS5860825,D,S,T,2024-09-13,1000000.00,3.969501,104.8828125
08:00:03,912810UC0,TSRYS5860825,D,S,T,2024-09-13,1000000.00,3.968959,104.892578125
08:00:03,912810UC0,TSRYS5860825,D,S,T,2024-09-13,1000000.00,3.960726,105.041015625
08:00:03,912810UC0,TSRYS5860825,D,S,T,2024-09-13,1000000.00,3.960618,105.04296875
08:00:03,912810UC0,TSRYS5860825,D,S,T,2024-09-13,1000000.00,3.96235,105.01171875
08:00:03,912810UC0,TSRYS5860825,D,S,D,2024-09-13,1000000.00,3.962999,105.0
08:00:03,912810UC0,TSRYS5860825,D,S,D,2024-09-13,1000000.00,3.962999,105.0
08:00:03,912810UC0,TSRYS5860825,D,S,T,2024-09-13,1000000.00,3.962891,105.001953125
08:00:03,912810UC0,TSRYS5860825,D,S,D,2024-09-13,1000000.00,3.962999,105.0
08:00:03,912810UC0,TSRYS5860825,D,S,D,2024-09-13,1000000.00,3.959752,105.05859375
08:00:03,912810UC0,TSRYS5860825,D,S,T,2024-09-13,1000000.00,3.959752,105.05859375
08:00:03,912810UC0,TSRYS5860825,D,S,T,2024-09-13,1000000.00,3.967333,104.921875
08:00:03,912810UC0,TSRYS5860825,D,S,D,2024-09-13,1000000.00,3.967224,104.923828125
08:00:03,912810UC0,TSRYS5860825,D,S,T,2024-09-13,1000000.00,3.967224,104.923828125
08:00:03,912810UC0,TSRYS5860825,D,S,T,2024-09-13,1000000.00,3.969935,104.875
08:00:03,912810UC0,TSRYS5860825,D,S,D,2024-09-13,1000000.00,3.970369,104.8671875
08:00:03,912810UC0,TSRYS5860825,D,S,D,2024-09-13,1000000.00,3.970369,104.8671875
08:00:03,912810UC0,TSRYS5860825,D,S,T,2024-09-13,1000000.00,3.970369,104.8671875
08:00:03,912810UC0,TSRYS5860825,D,S,D,2024-09-13,1000000.00,3.971562,104.845703125
08:00:03,912810UC0,TSRYS5860825,D,S,D,2024-09-13,1000000.00,3.970152,104.87109375
08:00:03,912810UC0,TSRYS5860825,D,S,D,2024-09-13,1000000.00,3.97026,104.869140625
08:00:03,912810UC0,TSRYS5860825,D,S,C,2024-09-13,1000000.00,3.969935,104.875
08:00:03,912810UC0,TSRYS5860825,D,S,C,2024-09-13,1000000.00,3.969935,104.875
08:00:03,912810UC0,TSRYS5860825,D,S,D,2024-09-13,1000000.00,3.969935,104.875
08:00:03,912810UC0,TSRYS5860825,D,S,D,2024-09-13,1000000.00,3.969935,104.875
08:00:03,912810UC0,TSRYS5860825,D,S,C,2024-09-13,1000000.00,3.970043,104.873046875
08:00:03,912810UC0,TSRYS5860825,D,S,D,2024-09-13,1000000.00,3.973733,104.806640625
08:00:03,912810UC0,TSRYS5860825,D,B,C,2024-09-13,1000000.00,3.97243,104.830078125
08:00:03,912810UC0,TSRYS5860825,D,S,T,2024-09-13,1000000.00,3.972213,104.833984375
08:00:03,912810UC0,TSRYS5860825,D,S,C,2024-09-13,1000000.00,3.972864,104.822265625
08:00:03,912810UC0,TSRYS5860825,D,B,C,2024-09-13,1000000.00,3.97623,104.76171875
08:00:03,912810UC0,TSRYS5860825,D,S,T,2024-09-13,1000000.00,3.976013,104.765625
08:00:03,912810UC0,TSRYS5860825,D,S,T,2024-09-13,1000000.00,3.975796,104.76953125
08:00:03,912810UC0,TSRYS5860825,D,B,C,2024-09-13,1000000.00,3.977316,104.7421875
08:00:03,912810UC0,TSRYS5860825,D,B,C,2024-09-13,1000000.00,3.977642,104.736328125
08:00:03,912810UC0,TSRYS5860825,D,B,C,2024-09-13,1000000.00,3.977425,104.740234375
08:00:03,912810UC0,TSRYS5860825,D,B,C,2024-09-13,1000000.00,3.977316,104.7421875
08:00:03,912810UC0,TSRYS5860825,D,S,C,2024-09-13,1000000.00,3.978838,104.71484375
08:00:03,912810UC0,TSRYS5860825,D,B,C,2024-09-13,1000000.00,3.978729,104.716796875
08:00:03,912810UC0,TSRYS5860825,D,S,C,2024-09-13,1000000.00,3.97862,104.71875
08:00:03,912810UC0,TSRYS5860825,D,S,D,2024-09-13,1000000.00,3.97862,104.71875
08:00:03,912810UC0,TSRYS5860825,D,B,C,2024-09-13,1000000.00,3.978729,104.716796875
08:00:03,912810UC0,TSRYS5860825,D,B,C,2024-09-13,1000000.00,3.977099,104.74609375
08:00:03,912810UC0,TSRYS5860825,D,S,D,2024-09-13,1000000.00,3.976556,104.755859375
08:00:03,912810UC0,TSRYS5860825,D,S,T,2024-09-13,1000000.00,3.976556,104.755859375
08:00:03,912810UC0,TSRYS5860825,D,S,D,2024-09-13,1000000.00,3.975361,104.77734375
08:00:03,912810UC0,TSRYS5860825,D,S,T,2024-09-13,1000000.00,3.974601,104.791015625
08:00:03,912810UC0,TSRYS5860825,D,S,T,2024-09-13,1000000.00,3.974601,104.791015625
08:00:03,912810UC0,TSRYS5860825,D,B,C,2024-09-13,1000000.00,3.97319,104.81640625
08:00:03,912810UC0,TSRYS5860825,D,B,C,2024-09-13,1000000.00,3.971779,104.841796875
08:00:03,912810UC0,TSRYS5860825,D,B,C,2024-09-13,1000000.00,3.971888,104.83984375
08:00:03,912810UC0,TSRYS5860825,D,B,C,2024-09-13,1000000.00,3.973624,104.80859375
08:00:03,912810UC0,TSRYS5860825,D,S,T,2024-09-13,1000000.00,3.973407,104.8125
08:00:03,912810UC0,TSRYS5860825,D,S,T,2024-09-13,1000000.00,3.973624,104.80859375
08:00:03,912810UC0,TSRYS5860825,D,S,D,2024-09-13,1000000.00,3.973733,104.806640625
08:00:03,912810UC0,TSRYS5860825,D,S,T,2024-09-13,1000000.00,3.97786,104.732421875
08:00:03,912810UC0,TSRYS5860825,D,S,T,2024-09-13,1000000.00,3.977968,104.73046875
08:00:03,912810UC0,TSRYS5860825,D,S,D,2024-09-13,1000000.00,3.977208,104.744140625
08:00:03,912810UC0,TSRYS5860825,D,S,D,2024-09-13,1000000.00,3.97623,104.76171875
08:00:03,912810UC0,TSRYS5860825,D,S,T,2024-09-13,1000000.00,3.97623,104.76171875
08:00:03,912810UC0,TSRYS5860825,D,S,D,2024-09-13,1000000.00,3.978186,104.7265625
08:00:08,912810UC0,TSRYS5860825,D,S,T,2024-09-13,1000000.00,3.967333,104.921875
08:00:08,912810UC0,TSRYS5860825,D,S,T,2024-09-13,1000000.00,3.967333,104.921875
08:00:08,912810UC0,TSRYS5860825,D,S,D,2024-09-13,2000000.00,3.970586,104.86328125
08:00:09,912810UC0,TSRYS5860825,D,S,D,2024-09-13,2000000.00,3.970803,104.859375
08:00:09,912810UC0,TSRYS5860825,D,S,D,2024-09-13,3000000.00,3.971505,104.84765625
08:00:09,912810UC0,TSRYS5860825,D,S,A,2024-09-13,10000000.00,3.972322,104.83203125
08:00:11,912810UC0,TSRYS5860825,D,S,T,2024-09-13,1000000.00,3.967333,104.921875
08:00:12,912810UC0,TSRYS5860825,D,S,T,2024-09-13,2000000.00,3.9682,104.90625
08:00:12,912810UC0,TSRYS5860825,D,S,T,2024-09-13,1000000.00,3.967333,104.921875
08:00:12,912810UC0,TSRYS5860825,D,S,T,2024-09-13,1000000.00,3.970803,104.859375
08:00:12,912810UC0,TSRYS5860825,D,S,T,2024-09-13,1000000.00,3.970803,104.859375
08:00:12,912810UC0,TSRYS5860825,D,S,T,2024-09-13,1000000.00,3.969067,104.890625
08:00:12,912810UC0,TSRYS5860825,D,S,T,2024-09-13,1000000.00,3.966466,104.9375
08:00:12,912810UC0,TSRYS5860825,D,S,T,2024-09-13,1000000.00,3.964732,104.96875
08:00:12,912810UC0,TSRYS5860825,D,S,T,2024-09-13,1000000.00,3.965599,104.953125
08:00:12,912810UC0,TSRYS5860825,D,S,T,2024-09-13,1000000.00,3.966682,104.93359375
08:00:12,912810UC0,TSRYS5860825,D,S,T,2024-09-13,1000000.00,3.967008,104.927734375
08:00:12,912810UC0,TSRYS5860825,D,S,T,2024-09-13,1000000.00,3.963216,104.99609375
08:00:12,912810UC0,TSRYS5860825,D,S,T,2024-09-13,1000000.00,3.951754,105.203125
08:00:12,912810UC0,TSRYS5860825,D,S,T,2024-09-13,1000000.00,3.952618,105.1875
08:00:12,912810UC0,TSRYS5860825,D,S,T,2024-09-13,1000000.00,3.960726,105.041015625
08:00:12,912810UC0,TSRYS5860825,D,S,T,2024-09-13,1000000.00,3.960618,105.04296875
08:00:12,912810UC0,TSRYS5860825,D,S,T,2024-09-13,1000000.00,3.962891,105.001953125
08:00:12,912810UC0,TSRYS5860825,D,S,T,2024-09-13,1000000.00,3.961267,105.03125
08:00:12,912810UC0,TSRYS5860825,D,S,T,2024-09-13,1000000.00,3.961917,105.01953125
08:00:12,912810UC0,TSRYS5860825,D,S,D,2024-09-13,1000000.00,3.969935,104.875
08:00:12,912810UC0,TSRYS5860825,D,S,T,2024-09-13,1000000.00,3.975144,104.78125
08:00:12,912810UC0,TSRYS5860825,D,S,T,2024-09-13,1000000.00,3.971671,104.84375
08:00:12,912810UC0,TSRYS5860825,D,S,D,2024-09-13,1000000.00,3.97471,104.7890625
08:00:12,912810UC0,TSRYS5860825,D,S,T,2024-09-13,1000000.00,3.971671,104.84375
08:00:12,912810UC0,TSRYS5860825,D,S,T,2024-09-13,1000000.00,3.973407,104.8125
08:00:12,912810UC0,TSRYS5860825,D,S,T,2024-09-13,1000000.00,3.973081,104.818359375
08:00:12,912810UC0,TSRYS5860825,D,S,D,2024-09-13,1000000.00,3.979925,104.6953125
08:00:12,912810UC0,TSRYS5860825,D,S,T,2024-09-13,1000000.00,3.98036,104.6875
08:00:12,912810UC0,TSRYS5860825,D,S,T,2024-09-13,1000000.00,3.973081,104.818359375
08:00:12,912810UC0,TSRYS5860825,D,S,T,2024-09-13,1000000.00,3.972973,104.8203125
08:00:12,912810UC0,TSRYS5860825,D,B,A,2024-09-13,10000000.00,3.967766,104.9140625
08:00:13,912810UC0,TSRYS5860825,D,S,D,2024-09-13,1000000.00,3.961051,105.03515625
08:00:13,912810UC0,TSRYS5860825,D,S,A,2024-09-13,3840000.00,3.966032,104.9453125
08:00:13,912810UC0,TSRYS5860825,D,S,A,2024-09-13,100000.00,3.971854,104.83984375
08:00:13,912810UC0,TSRYS5860825,D,S,D,2024-09-13,1000000.00,3.976447,104.7578125
08:00:15,912810UC0,TSRYS5860825,D,S,T,2024-09-13,1000000.00,3.972647,104.826171875
08:00:15,912810UC0,TSRYS5860825,D,S,A,2024-09-13,1000000.00,3.973407,104.8125
08:00:16,912810UC0,TSRYS5860825,D,S,T,2024-09-13,1000000.00,3.967333,104.921875
08:00:16,912810UC0,TSRYS5860825,D,S,T,2024-09-13,1000000.00,3.970803,104.859375
08:00:17,912810UC0,TSRYS5860825,D,S,T,2024-09-13,1000000.00,3.98036,104.6875
08:00:17,912810UC0,TSRYS5860825,D,S,T,2024-09-13,1000000.00,3.965599,104.953125
08:00:18,912810UC0,TSRYS5860825,D,S,T,2024-09-13,1000000.00,3.972864,104.822265625
08:00:18,912810UC0,TSRYS5860825,D,S,D,2024-09-13,1000000.00,3.967549,104.91796875
08:00:18,912810UC0,TSRYS5860825,D,S,T,2024-09-13,1000000.00,3.965599,104.953125
08:00:18,912810UC0,TSRYS5860825,D,S,T,2024-09-13,1000000.00,3.965599,104.953125
08:00:18,912810UC0,TSRYS5860825,D,S,T,2024-09-13,1000000.00,3.972647,104.826171875
08:00:18,912810UC0,TSRYS5860825,D,S,A,2024-09-13,1000000.00,3.972539,104.828125
08:00:20,912810UC0,TSRYS5860825,D,S,T,2024-09-13,1000000.00,3.967333,104.921875
08:00:22,912810UC0,TSRYS5860825,D,S,D,2024-09-13,1000000.00,3.969067,104.890625
08:00:22,912810UC0,TSRYS5860825,D,S,D,2024-09-13,1000000.00,3.9682,104.90625
08:00:22,912810UC0,TSRYS5860825,D,S,D,2024-09-13,1000000.00,3.969935,104.875
08:00:23,912810UC0,TSRYS5860825,D,B,C,2024-09-13,1000000.00,3.967333,104.921875
08:00:23,912810UC0,TSRYS5860825,D,S,D,2024-09-13,1000000.00,3.967333,104.921875
08:00:24,912810UC0,TSRYS5860825,D,S,T,2024-09-13,1000000.00,3.967333,104.921875
08:00:24,912810UC0,TSRYS5860825,D,S,T,2024-09-13,1000000.00,3.9682,104.90625
08:00:25,912810UC0,TSRYS5860825,D,S,C,2024-09-13,1000000.00,3.9682,104.90625
08:00:25,912810UC0,TSRYS5860825,D,S,C,2024-09-13,1000000.00,3.9682,104.90625
08:00:26,912810UC0,TSRYS5860825,D,S,D,2024-09-13,1000000.00,3.9682,104.90625
08:00:26,912810UC0,TSRYS5860825,D,S,D,2024-09-13,1000000.00,3.972973,104.8203125
08:00:26,912810UC0,TSRYS5860825,D,S,T,2024-09-13,5000000.00,3.970803,104.859375
08:00:26,912810UC0,TSRYS5860825,D,S,C,2024-09-13,2000000.00,3.9682,104.90625
08:00:26,912810UC0,TSRYS5860825,D,S,C,2024-09-13,1000000.00,3.9682,104.90625
08:00:26,912810UC0,TSRYS5860825,D,S,C,2024-09-13,1000000.00,3.968634,104.8984375
08:00:26,912810UC0,TSRYS5860825,D,S,T,2024-09-13,1000000.00,3.969067,104.890625
08:00:26,912810UC0,TSRYS5860825,D,S,T,2024-09-13,1000000.00,3.965599,104.953125
08:00:26,912810UC0,TSRYS5860825,D,S,T,2024-09-13,1000000.00,3.965599,104.953125
08:00:26,912810UC0,TSRYS5860825,D,S,T,2024-09-13,1000000.00,3.960402,105.046875
08:00:26,912810UC0,TSRYS5860825,D,S,T,2024-09-13,1000000.00,3.961267,105.03125
08:00:26,912810UC0,TSRYS5860825,D,S,T,2024-09-13,1000000.00,3.961267,105.03125
08:00:26,912810UC0,TSRYS5860825,D,S,T,2024-09-13,1000000.00,3.962133,105.015625
08:00:26,912810UC0,TSRYS5860825,D,S,T,2024-09-13,1000000.00,3.962999,105.0
08:00:26,912810UC0,TSRYS5860825,D,S,T,2024-09-13,1000000.00,3.962999,105.0
08:00:26,912810UC0,TSRYS5860825,D,S,T,2024-09-13,1000000.00,3.962999,105.0
08:00:27,912810UC0,TSRYS5860825,D,S,T,2024-09-13,1000000.00,3.971671,104.84375
08:00:27,912810UC0,TSRYS5860825,D,S,T,2024-09-13,1000000.00,3.98036,104.6875
08:00:27,912810UC0,TSRYS5860825,D,S,T,2024-09-13,1000000.00,3.972647,104.826171875
08:00:27,912810UC0,TSRYS5860825,D,S,D,2024-09-13,1000000.00,3.9682,104.90625
08:00:27,912810UC0,TSRYS5860825,D,S,D,2024-09-13,1000000.00,3.969067,104.890625
08:00:27,912810UC0,TSRYS5860825,D,S,T,2024-09-13,1000000.00,3.966032,104.9453125
08:00:27,912810UC0,TSRYS5860825,D,S,T,2024-09-13,1000000.00,3.964082,104.98046875
08:00:27,912810UC0,TSRYS5860825,D,S,C,2024-09-13,2000000.00,3.971671,104.84375
08:00:27,912810UC0,TSRYS5860825,D,S,T,2024-09-13,1000000.00,3.967549,104.91796875
08:00:27,912810UC0,TSRYS5860825,D,S,D,2024-09-13,1000000.00,3.964949,104.96484375
08:00:27,912810UC0,TSRYS5860825,D,S,T,2024-09-13,1000000.00,3.967333,104.921875
08:00:27,912810UC0,TSRYS5860825,D,S,T,2024-09-13,1000000.00,3.968634,104.8984375
08:00:27,912810UC0,TSRYS5860825,D,S,D,2024-09-13,1000000.00,3.971237,104.8515625
08:00:27,912810UC0,TSRYS5860825,D,S,D,2024-09-13,1000000.00,3.971671,104.84375
08:00:27,912810UC0,TSRYS5860825,D,S,T,2024-09-13,1000000.00,3.971888,104.83984375
08:00:27,912810UC0,TSRYS5860825,D,S,D,2024-09-13,1000000.00,3.979707,104.69921875
08:00:27,912810UC0,TSRYS5860825,D,S,A,2024-09-13,2000000.00,3.962999,105.0
08:00:27,912810UC0,TSRYS5860825,D,S,D,2024-09-13,2000000.00,3.96235,105.01171875
08:00:27,912810UC0,TSRYS5860825,D,S,T,2024-09-13,1000000.00,3.970911,104.857421875
08:00:28,912810UC0,TSRYS5860825,D,B,A,2024-09-13,10000000.00,3.964481,104.97265625
08:00:28,912810UC0,TSRYS5860825,D,S,T,2024-09-13,1000000.00,3.967333,104.921875
08:00:28,912810UC0,TSRYS5860825,D,S,T,2024-09-13,1000000.00,3.963866,104.984375
08:00:28,912810UC0,TSRYS5860825,D,S,T,2024-09-13,1000000.00,3.963866,104.984375
08:00:28,912810UC0,TSRYS5860825,D,S,T,2024-09-13,1000000.00,3.963866,104.984375
08:00:28,912810UC0,TSRYS5860825,D,S,T,2024-09-13,1000000.00,3.963866,104.984375
08:00:28,912810UC0,TSRYS5860825,D,S,T,2024-09-13,1000000.00,3.963866,104.984375
08:00:28,912810UC0,TSRYS5860825,D,S,T,2024-09-13,1000000.00,3.963866,104.984375
08:00:28,912810UC0,TSRYS5860825,D,S,T,2024-09-13,1000000.00,3.963866,104.984375
08:00:28,912810UC0,TSRYS5860825,D,S,T,2024-09-13,1000000.00,3.963866,104.984375
08:00:28,912810UC0,TSRYS5860825,D,S,T,2024-09-13,1000000.00,3.966466,104.9375
08:00:28,912810UC0,TSRYS5860825,D,S,T,2024-09-13,1000000.00,3.965599,104.953125
08:00:28,912810UC0,TSRYS5860825,D,S,T,2024-09-13,1000000.00,3.966466,104.9375
08:00:29,912810UC0,TSRYS5860825,D,S,T,2024-09-13,1000000.00,3.967333,104.921875
08:00:30,912810UC0,TSRYS5860825,D,S,T,2024-09-13,3000000.00,3.9682,104.90625
08:00:30,912810UC0,TSRYS5860825,D,S,T,2024-09-13,1000000.00,3.965599,104.953125
08:00:30,912810UC0,TSRYS5860825,D,S,T,2024-09-13,1000000.00,3.967333,104.921875
08:00:30,912810UC0,TSRYS5860825,D,S,T,2024-09-13,1000000.00,3.967116,104.92578125
08:00:30,912810UC0,TSRYS5860825,D,S,T,2024-09-13,1000000.00,3.967333,104.921875
08:00:30,912810UC0,TSRYS5860825,D,S,T,2024-09-13,1000000.00,3.967333,104.921875
08:00:30,912810UC0,TSRYS5860825,D,S,T,2024-09-13,1000000.00,3.967549,104.91796875
08:00:30,912810UC0,TSRYS5860825,D,S,T,2024-09-13,1000000.00,3.967766,104.9140625
08:00:30,912810UC0,TSRYS5860825,D,S,D,2024-09-13,1000000.00,3.97102,104.85546875
08:00:30,912810UC0,TSRYS5860825,D,S,T,2024-09-13,1000000.00,3.967549,104.91796875
08:00:30,912810UC0,TSRYS5860825,D,S,T,2024-09-13,1000000.00,3.967549,104.91796875
08:00:30,912810UC0,TSRYS5860825,D,S,T,2024-09-13,1000000.00,3.968417,104.90234375
08:00:30,912810UC0,TSRYS5860825,D,S,T,2024-09-13,1000000.00,3.96885,104.89453125
08:00:30,912810UC0,TSRYS5860825,D,S,T,2024-09-13,1000000.00,3.969935,104.875
08:00:30,912810UC0,TSRYS5860825,D,S,T,2024-09-13,1000000.00,3.970477,104.865234375
08:00:30,912810UC0,TSRYS5860825,D,S,T,2024-09-13,1000000.00,3.967333,104.921875
08:00:30,912810UC0,TSRYS5860825,D,S,T,2024-09-13,1000000.00,3.967333,104.921875
08:00:30,912810UC0,TSRYS5860825,D,S,T,2024-09-13,1000000.00,3.967333,104.921875
08:00:30,912810UC0,TSRYS5860825,D,S,D,2024-09-13,1000000.00,3.969067,104.890625
08:00:30,912810UC0,TSRYS5860825,D,S,T,2024-09-13,1000000.00,3.967333,104.921875
08:00:30,912810UC0,TSRYS5860825,D,S,T,2024-09-13,1000000.00,3.9682,104.90625
08:00:30,912810UC0,TSRYS5860825,D,S,T,2024-09-13,1000000.00,3.967333,104.921875
08:00:30,912810UC0,TSRYS5860825,D,S,T,2024-09-13,1000000.00,3.967333,104.921875
08:00:30,912810UC0,TSRYS5860825,D,S,T,2024-09-13,1000000.00,3.967333,104.921875
08:00:30,912810UC0,TSRYS5860825,D,S,T,2024-09-13,1000000.00,3.966466,104.9375
08:00:30,912810UC0,TSRYS5860825,D,S,T,2024-09-13,1000000.00,3.969935,104.875
08:00:30,912810UC0,TSRYS5860825,D,S,T,2024-09-13,1000000.00,3.969935,104.875
08:00:30,912810UC0,TSRYS5860825,D,S,T,2024-09-13,1000000.00,3.969935,104.875
08:00:30,912810UC0,TSRYS5860825,D,S,T,2024-09-13,1000000.00,3.969935,104.875
08:00:30,912810UC0,TSRYS5860825,D,S,T,2024-09-13,1000000.00,3.969935,104.875
08:00:30,912810UC0,TSRYS5860825,D,S,T,2024-09-13,1000000.00,3.969935,104.875
08:00:30,912810UC0,TSRYS5860825,D,S,T,2024-09-13,1000000.00,3.969935,104.875
08:00:30,912810UC0,TSRYS5860825,D,S,T,2024-09-13,1000000.00,3.969935,104.875
08:00:30,912810UC0,TSRYS5860825,D,S,T,2024-09-13,1000000.00,3.969935,104.875
08:00:30,912810UC0,TSRYS5860825,D,S,T,2024-09-13,1000000.00,3.971671,104.84375
08:00:30,912810UC0,TSRYS5860825,D,S,T,2024-09-13,1000000.00,3.971671,104.84375
08:00:30,912810UC0,TSRYS5860825,D,S,T,2024-09-13,1000000.00,3.971671,104.84375
08:00:30,912810UC0,TSRYS5860825,D,S,T,2024-09-13,1000000.00,3.971671,104.84375
08:00:30,912810UC0,TSRYS5860825,D,S,T,2024-09-13,1000000.00,3.971671,104.84375
08:00:30,912810UC0,TSRYS5860825,D,S,T,2024-09-13,1000000.00,3.971671,104.84375
08:00:30,912810UC0,TSRYS5860825,D,S,T,2024-09-13,1000000.00,3.972539,104.828125
08:00:30,912810UC0,TSRYS5860825,D,S,T,2024-09-13,1000000.00,3.970477,104.865234375
08:00:30,912810UC0,TSRYS5860825,D,S,T,2024-09-13,1000000.00,3.971454,104.84765625
08:00:30,912810UC0,TSRYS5860825,D,S,T,2024-09-13,1000000.00,3.972213,104.833984375
08:00:30,912810UC0,TSRYS5860825,D,S,T,2024-09-13,1000000.00,3.971671,104.84375
08:00:30,912810UC0,TSRYS5860825,D,S,T,2024-09-13,1000000.00,3.972539,104.828125
08:00:30,912810UC0,TSRYS5860825,D,S,T,2024-09-13,1000000.00,3.969935,104.875
08:00:30,912810UC0,TSRYS5860825,D,S,T,2024-09-13,1000000.00,3.969935,104.875
08:00:30,912810UC0,TSRYS5860825,D,S,T,2024-09-13,1000000.00,3.968091,104.908203125
08:00:30,912810UC0,TSRYS5860825,D,S,T,2024-09-13,1000000.00,3.968742,104.896484375
08:00:30,912810UC0,TSRYS5860825,D,S,T,2024-09-13,1000000.00,3.970803,104.859375
08:00:30,912810UC0,TSRYS5860825,D,S,T,2024-09-13,1000000.00,3.97026,104.869140625
08:00:30,912810UC0,TSRYS5860825,D,S,D,2024-09-13,1000000.00,3.969935,104.875
08:00:30,912810UC0,TSRYS5860825,D,S,D,2024-09-13,1000000.00,3.969935,104.875
08:00:30,912810UC0,TSRYS5860825,D,S,D,2024-09-13,1000000.00,3.9682,104.90625
08:00:30,912810UC0,TSRYS5860825,D,S,T,2024-09-13,1000000.00,3.96885,104.89453125
08:00:30,912810UC0,TSRYS5860825,D,S,T,2024-09-13,1000000.00,3.968634,104.8984375
08:00:30,912810UC0,TSRYS5860825,D,S,D,2024-09-13,1000000.00,3.9682,104.90625
08:00:30,912810UC0,TSRYS5860825,D,S,T,2024-09-13,1000000.00,3.969935,104.875
08:00:30,912810UC0,TSRYS5860825,D,S,D,2024-09-13,1000000.00,3.969935,104.875
08:00:30,912810UC0,TSRYS5860825,D,S,D,2024-09-13,1000000.00,3.969935,104.875
08:00:30,912810UC0,TSRYS5860825,D,S,D,2024-09-13,1000000.00,3.969935,104.875
08:00:30,912810UC0,TSRYS5860825,D,S,T,2024-09-13,1000000.00,3.969067,104.890625
08:00:30,912810UC0,TSRYS5860825,D,S,T,2024-09-13,1000000.00,3.969067,104.890625
08:00:30,912810UC0,TSRYS5860825,D,S,T,2024-09-13,1000000.00,3.969935,104.875
08:00:30,912810UC0,TSRYS5860825,D,S,T,2024-09-13,1000000.00,3.969935,104.875
08:00:30,912810UC0,TSRYS5860825,D,S,T,2024-09-13,1000000.00,3.965165,104.9609375
08:00:30,912810UC0,TSRYS5860825,D,S,T,2024-09-13,1000000.00,3.965599,104.953125
08:00:30,912810UC0,TSRYS5860825,D,S,T,2024-09-13,1000000.00,3.965599,104.953125
08:00:30,912810UC0,TSRYS5860825,D,S,T,2024-09-13,1000000.00,3.965599,104.953125
08:00:30,912810UC0,TSRYS5860825,D,S,T,2024-09-13,1000000.00,3.965599,104.953125
08:00:30,912810UC0,TSRYS5860825,D,S,T,2024-09-13,1000000.00,3.965599,104.953125
08:00:30,912810UC0,TSRYS5860825,D,S,T,2024-09-13,1000000.00,3.962133,105.015625
08:00:30,912810UC0,TSRYS5860825,D,S,T,2024-09-13,1000000.00,3.962133,105.015625
08:00:30,912810UC0,TSRYS5860825,D,S,T,2024-09-13,1000000.00,3.962133,105.015625
08:00:30,912810UC0,TSRYS5860825,D,S,D,2024-09-13,1000000.00,3.964732,104.96875
08:00:30,912810UC0,TSRYS5860825,D,S,D,2024-09-13,1000000.00,3.964732,104.96875
08:00:30,912810UC0,TSRYS5860825,D,S,D,2024-09-13,1000000.00,3.964732,104.96875
08:00:30,912810UC0,TSRYS5860825,D,S,D,2024-09-13,1000000.00,3.964732,104.96875
08:00:30,912810UC0,TSRYS5860825,D,S,D,2024-09-13,1000000.00,3.964732,104.96875
08:00:30,912810UC0,TSRYS5860825,D,S,D,2024-09-13,1000000.00,3.964732,104.96875
08:00:30,912810UC0,TSRYS5860825,D,S,D,2024-09-13,1000000.00,3.964732,104.96875
08:00:30,912810UC0,TSRYS5860825,D,S,D,2024-09-13,1000000.00,3.964732,104.96875
08:00:30,912810UC0,TSRYS5860825,D,S,D,2024-09-13,1000000.00,3.964732,104.96875
08:00:30,912810UC0,TSRYS5860825,D,S,T,2024-09-13,1000000.00,3.964407,104.974609375
08:00:30,912810UC0,TSRYS5860825,D,S,T,2024-09-13,1000000.00,3.964299,104.9765625
08:00:30,912810UC0,TSRYS5860825,D,S,T,2024-09-13,1000000.00,3.964299,104.9765625
08:00:30,912810UC0,TSRYS5860825,D,S,T,2024-09-13,1000000.00,3.963866,104.984375
08:00:30,912810UC0,TSRYS5860825,D,S,D,2024-09-13,1000000.00,3.965382,104.95703125
08:00:30,912810UC0,TSRYS5860825,D,S,D,2024-09-13,1000000.00,3.965382,104.95703125
08:00:30,912810UC0,TSRYS5860825,D,S,D,2024-09-13,1000000.00,3.965382,104.95703125
08:00:30,912810UC0,TSRYS5860825,D,S,T,2024-09-13,1000000.00,3.963866,104.984375
08:00:30,912810UC0,TSRYS5860825,D,S,T,2024-09-13,1000000.00,3.964949,104.96484375
08:00:30,912810UC0,TSRYS5860825,D,S,T,2024-09-13,1000000.00,3.964949,104.96484375
08:00:30,912810UC0,TSRYS5860825,D,S,D,2024-09-13,1000000.00,3.967549,104.91796875
08:00:30,912810UC0,TSRYS5860825,D,S,T,2024-09-13,1000000.00,3.963866,104.984375
08:00:30,912810UC0,TSRYS5860825,D,S,T,2024-09-13,1000000.00,3.964732,104.96875
08:00:30,912810UC0,TSRYS5860825,D,S,T,2024-09-13,1000000.00,3.964516,104.97265625
08:00:30,912810UC0,TSRYS5860825,D,S,T,2024-09-13,1000000.00,3.964732,104.96875
08:00:30,912810UC0,TSRYS5860825,D,S,T,2024-09-13,1000000.00,3.965599,104.953125
08:00:30,912810UC0,TSRYS5860825,D,S,T,2024-09-13,1000000.00,3.965599,104.953125
08:00:30,912810UC0,TSRYS5860825,D,S,T,2024-09-13,1000000.00,3.966466,104.9375
08:00:30,912810UC0,TSRYS5860825,D,S,T,2024-09-13,1000000.00,3.966249,104.94140625
08:00:30,912810UC0,TSRYS5860825,D,S,T,2024-09-13,1000000.00,3.966141,104.943359375
08:00:30,912810UC0,TSRYS5860825,D,S,T,2024-09-13,1000000.00,3.966032,104.9453125
08:00:30,912810UC0,TSRYS5860825,D,S,T,2024-09-13,1000000.00,3.966032,104.9453125
08:00:30,912810UC0,TSRYS5860825,D,S,T,2024-09-13,1000000.00,3.966032,104.9453125
08:00:30,912810UC0,TSRYS5860825,D,S,T,2024-09-13,1000000.00,3.964299,104.9765625
08:00:30,912810UC0,TSRYS5860825,D,S,T,2024-09-13,1000000.00,3.964299,104.9765625
08:00:31,912810UC0,TSRYS5860825,D,S,T,2024-09-13,1000000.00,3.9682,104.90625
08:00:31,912810UC0,TSRYS5860825,D,S,T,2024-09-13,1000000.00,3.965599,104.953125
08:00:31,912810UC0,TSRYS5860825,D,S,T,2024-09-13,1000000.00,3.965599,104.953125
08:00:31,912810UC0,TSRYS5860825,D,S,T,2024-09-13,1000000.00,3.965599,104.953125
08:00:31,912810UC0,TSRYS5860825,D,S,T,2024-09-13,1000000.00,3.966466,104.9375
08:00:31,912810UC0,TSRYS5860825,D,S,T,2024-09-13,1000000.00,3.966466,104.9375
08:00:31,912810UC0,TSRYS5860825,D,S,T,2024-09-13,1000000.00,3.966466,104.9375
08:00:31,912810UC0,TSRYS5860825,D,S,T,2024-09-13,1000000.00,3.966466,104.9375
08:00:31,912810UC0,TSRYS5860825,D,S,T,2024-09-13,1000000.00,3.965599,104.953125
08:00:31,912810UC0,TSRYS5860825,D,S,T,2024-09-13,1000000.00,3.965599,104.953125
08:00:31,912810UC0,TSRYS5860825,D,S,T,2024-09-13,1000000.00,3.967549,104.91796875
08:00:31,912810UC0,TSRYS5860825,D,S,T,2024-09-13,1000000.00,3.967441,104.919921875
08:00:31,912810UC0,TSRYS5860825,D,S,T,2024-09-13,1000000.00,3.967333,104.921875
08:00:31,912810UC0,TSRYS5860825,D,S,T,2024-09-13,1000000.00,3.969067,104.890625
08:00:31,912810UC0,TSRYS5860825,D,S,T,2024-09-13,1000000.00,3.972539,104.828125
08:00:31,912810UC0,TSRYS5860825,D,S,T,2024-09-13,1000000.00,3.972213,104.833984375
08:00:31,912810UC0,TSRYS5860825,D,S,T,2024-09-13,1000000.00,3.970369,104.8671875
08:00:31,912810UC0,TSRYS5860825,D,S,T,2024-09-13,1000000.00,3.970369,104.8671875
08:00:31,912810UC0,TSRYS5860825,D,S,T,2024-09-13,1000000.00,3.971888,104.83984375
08:00:31,912810UC0,TSRYS5860825,D,S,T,2024-09-13,1000000.00,3.971237,104.8515625
08:00:31,912810UC0,TSRYS5860825,D,S,T,2024-09-13,1000000.00,3.970911,104.857421875
08:00:31,912810UC0,TSRYS5860825,D,S,T,2024-09-13,1000000.00,3.969393,104.884765625
08:00:31,912810UC0,TSRYS5860825,D,S,T,2024-09-13,1000000.00,3.969609,104.880859375
08:00:31,912810UC0,TSRYS5860825,D,S,T,2024-09-13,1000000.00,3.970477,104.865234375
08:00:31,912810UC0,TSRYS5860825,D,S,T,2024-09-13,1000000.00,3.970911,104.857421875
08:00:31,912810UC0,TSRYS5860825,D,S,T,2024-09-13,1000000.00,3.970477,104.865234375
08:00:31,912810UC0,TSRYS5860825,D,S,T,2024-09-13,1000000.00,3.971128,104.853515625
08:00:31,912810UC0,TSRYS5860825,D,S,T,2024-09-13,1000000.00,3.97102,104.85546875
08:00:31,912810UC0,TSRYS5860825,D,S,T,2024-09-13,1000000.00,3.971671,104.84375
08:00:31,912810UC0,TSRYS5860825,D,S,T,2024-09-13,1000000.00,3.971237,104.8515625
08:00:31,912810UC0,TSRYS5860825,D,S,T,2024-09-13,1000000.00,3.97026,104.869140625
08:00:31,912810UC0,TSRYS5860825,D,S,T,2024-09-13,1000000.00,3.97026,104.869140625
08:00:31,912810UC0,TSRYS5860825,D,S,T,2024-09-13,1000000.00,3.970152,104.87109375
08:00:31,912810UC0,TSRYS5860825,D,S,T,2024-09-13,1000000.00,3.970152,104.87109375
08:00:31,912810UC0,TSRYS5860825,D,S,D,2024-09-13,1000000.00,3.9682,104.90625
08:00:31,912810UC0,TSRYS5860825,D,S,T,2024-09-13,1000000.00,3.970152,104.87109375
08:00:31,912810UC0,TSRYS5860825,D,S,T,2024-09-13,1000000.00,3.970043,104.873046875
08:00:31,912810UC0,TSRYS5860825,D,S,T,2024-09-13,1000000.00,3.969935,104.875
08:00:31,912810UC0,TSRYS5860825,D,S,T,2024-09-13,1000000.00,3.968417,104.90234375
08:00:31,912810UC0,TSRYS5860825,D,S,T,2024-09-13,1000000.00,3.967766,104.9140625
08:00:31,912810UC0,TSRYS5860825,D,S,T,2024-09-13,1000000.00,3.967116,104.92578125
08:00:31,912810UC0,TSRYS5860825,D,S,T,2024-09-13,1000000.00,3.967658,104.916015625
08:00:31,912810UC0,TSRYS5860825,D,S,T,2024-09-13,1000000.00,3.967549,104.91796875
08:00:31,912810UC0,TSRYS5860825,D,S,T,2024-09-13,1000000.00,3.964732,104.96875
08:00:31,912810UC0,TSRYS5860825,D,S,T,2024-09-13,1000000.00,3.965599,104.953125
08:00:31,912810UC0,TSRYS5860825,D,S,T,2024-09-13,1000000.00,3.966899,104.9296875
08:00:31,912810UC0,TSRYS5860825,D,S,T,2024-09-13,1000000.00,3.966682,104.93359375
08:00:31,912810UC0,TSRYS5860825,D,S,T,2024-09-13,1000000.00,3.966466,104.9375
08:00:31,912810UC0,TSRYS5860825,D,S,T,2024-09-13,1000000.00,3.966466,104.9375
08:00:31,912810UC0,TSRYS5860825,D,S,T,2024-09-13,1000000.00,3.966466,104.9375
08:00:31,912810UC0,TSRYS5860825,D,S,T,2024-09-13,1000000.00,3.967333,104.921875
08:00:31,912810UC0,TSRYS5860825,D,S,T,2024-09-13,1000000.00,3.963866,104.984375
08:00:31,912810UC0,TSRYS5860825,D,S,T,2024-09-13,1000000.00,3.963866,104.984375
08:00:31,912810UC0,TSRYS5860825,D,S,T,2024-09-13,1000000.00,3.963866,104.984375
08:00:31,912810UC0,TSRYS5860825,D,S,T,2024-09-13,1000000.00,3.963866,104.984375
08:00:31,912810UC0,TSRYS5860825,D,S,T,2024-09-13,1000000.00,3.9617,105.0234375
08:00:31,912810UC0,TSRYS5860825,D,S,T,2024-09-13,1000000.00,3.961267,105.03125
08:00:31,912810UC0,TSRYS5860825,D,S,T,2024-09-13,1000000.00,3.961267,105.03125
08:00:31,912810UC0,TSRYS5860825,D,S,T,2024-09-13,1000000.00,3.961267,105.03125
08:00:31,912810UC0,TSRYS5860825,D,S,T,2024-09-13,1000000.00,3.961051,105.03515625
08:00:31,912810UC0,TSRYS5860825,D,S,T,2024-09-13,1000000.00,3.960402,105.046875
08:00:31,912810UC0,TSRYS5860825,D,S,T,2024-09-13,1000000.00,3.960834,105.0390625
08:00:31,912810UC0,TSRYS5860825,D,S,T,2024-09-13,1000000.00,3.955211,105.140625
08:00:31,912810UC0,TSRYS5860825,D,S,T,2024-09-13,1000000.00,3.955211,105.140625
08:00:31,912810UC0,TSRYS5860825,D,S,T,2024-09-13,1000000.00,3.953482,105.171875
08:00:31,912810UC0,TSRYS5860825,D,S,T,2024-09-13,1000000.00,3.951754,105.203125
08:00:31,912810UC0,TSRYS5860825,D,S,T,2024-09-13,1000000.00,3.954346,105.15625
08:00:31,912810UC0,TSRYS5860825,D,S,T,2024-09-13,2000000.00,3.953482,105.171875
08:00:31,912810UC0,TSRYS5860825,D,S,T,2024-09-13,1000000.00,3.95694,105.109375
08:00:31,912810UC0,TSRYS5860825,D,S,T,2024-09-13,1000000.00,3.959969,105.0546875
08:00:31,912810UC0,TSRYS5860825,D,S,T,2024-09-13,1000000.00,3.963866,104.984375
08:00:31,912810UC0,TSRYS5860825,D,S,T,2024-09-13,1000000.00,3.960834,105.0390625
08:00:31,912810UC0,TSRYS5860825,D,S,T,2024-09-13,1000000.00,3.961051,105.03515625
08:00:31,912810UC0,TSRYS5860825,D,S,T,2024-09-13,1000000.00,3.961267,105.03125
08:00:31,912810UC0,TSRYS5860825,D,S,T,2024-09-13,1000000.00,3.960618,105.04296875
08:00:31,912810UC0,TSRYS5860825,D,S,T,2024-09-13,1000000.00,3.960402,105.046875
08:00:31,912810UC0,TSRYS5860825,D,S,T,2024-09-13,1000000.00,3.962999,105.0
08:00:31,912810UC0,TSRYS5860825,D,S,T,2024-09-13,1000000.00,3.964732,104.96875
08:00:31,912810UC0,TSRYS5860825,D,S,T,2024-09-13,1000000.00,3.964732,104.96875
08:00:31,912810UC0,TSRYS5860825,D,S,T,2024-09-13,1000000.00,3.964732,104.96875
08:00:31,912810UC0,TSRYS5860825,D,S,T,2024-09-13,1000000.00,3.969393,104.884765625
08:00:31,912810UC0,TSRYS5860825,D,S,T,2024-09-13,1000000.00,3.970803,104.859375
08:00:31,912810UC0,TSRYS5860825,D,S,T,2024-09-13,1000000.00,3.971671,104.84375
08:00:31,912810UC0,TSRYS5860825,D,S,T,2024-09-13,1000000.00,3.971671,104.84375
08:00:31,912810UC0,TSRYS5860825,D,S,T,2024-09-13,1000000.00,3.970803,104.859375
08:00:31,912810UC0,TSRYS5860825,D,S,D,2024-09-13,1000000.00,3.971671,104.84375
08:00:31,912810UC0,TSRYS5860825,D,S,D,2024-09-13,1000000.00,3.971671,104.84375
08:00:31,912810UC0,TSRYS5860825,D,S,D,2024-09-13,1000000.00,3.971671,104.84375
08:00:31,912810UC0,TSRYS5860825,D,S,D,2024-09-13,1000000.00,3.971671,104.84375
08:00:31,912810UC0,TSRYS5860825,D,S,D,2024-09-13,1000000.00,3.971671,104.84375
08:00:31,912810UC0,TSRYS5860825,D,S,T,2024-09-13,1000000.00,3.973081,104.818359375
08:00:31,912810UC0,TSRYS5860825,D,S,T,2024-09-13,1000000.00,3.973407,104.8125
08:00:31,912810UC0,TSRYS5860825,D,S,T,2024-09-13,1000000.00,3.973407,104.8125
08:00:31,912810UC0,TSRYS5860825,D,S,T,2024-09-13,1000000.00,3.973407,104.8125
08:00:31,912810UC0,TSRYS5860825,D,S,T,2024-09-13,1000000.00,3.973841,104.8046875
08:00:31,912810UC0,TSRYS5860825,D,S,T,2024-09-13,1000000.00,3.972539,104.828125
08:00:31,912810UC0,TSRYS5860825,D,S,T,2024-09-13,1000000.00,3.971996,104.837890625
08:00:31,912810UC0,TSRYS5860825,D,S,T,2024-09-13,1000000.00,3.972322,104.83203125
08:00:31,912810UC0,TSRYS5860825,D,S,T,2024-09-13,1000000.00,3.971671,104.84375
08:00:31,912810UC0,TSRYS5860825,D,S,T,2024-09-13,1000000.00,3.971671,104.84375
08:00:31,912810UC0,TSRYS5860825,D,S,T,2024-09-13,1000000.00,3.971671,104.84375
08:00:31,912810UC0,TSRYS5860825,D,S,T,2024-09-13,1000000.00,3.973407,104.8125
08:00:31,912810UC0,TSRYS5860825,D,S,T,2024-09-13,1000000.00,3.976882,104.75
08:00:31,912810UC0,TSRYS5860825,D,S,T,2024-09-13,1000000.00,3.976882,104.75
08:00:31,912810UC0,TSRYS5860825,D,S,T,2024-09-13,1000000.00,3.976882,104.75
08:00:31,912810UC0,TSRYS5860825,D,S,T,2024-09-13,2000000.00,3.977642,104.736328125
08:00:31,912810UC0,TSRYS5860825,D,S,T,2024-09-13,1000000.00,3.977642,104.736328125
08:00:31,912810UC0,TSRYS5860825,D,S,T,2024-09-13,1000000.00,3.976882,104.75
08:00:31,912810UC0,TSRYS5860825,D,S,T,2024-09-13,1000000.00,3.976882,104.75
08:00:31,912810UC0,TSRYS5860825,D,S,T,2024-09-13,1000000.00,3.976882,104.75
08:00:31,912810UC0,TSRYS5860825,D,S,D,2024-09-13,1000000.00,3.97862,104.71875
08:00:31,912810UC0,TSRYS5860825,D,S,T,2024-09-13,1000000.00,3.976339,104.759765625
08:00:31,912810UC0,TSRYS5860825,D,S,T,2024-09-13,1000000.00,3.976882,104.75
08:00:31,912810UC0,TSRYS5860825,D,S,T,2024-09-13,1000000.00,3.975578,104.7734375
08:00:31,912810UC0,TSRYS5860825,D,S,T,2024-09-13,1000000.00,3.975578,104.7734375
08:00:31,912810UC0,TSRYS5860825,D,S,T,2024-09-13,1000000.00,3.975578,104.7734375
08:00:31,912810UC0,TSRYS5860825,D,S,T,2024-09-13,1000000.00,3.97471,104.7890625
08:00:31,912810UC0,TSRYS5860825,D,S,T,2024-09-13,1000000.00,3.97471,104.7890625
08:00:31,912810UC0,TSRYS5860825,D,S,T,2024-09-13,1000000.00,3.973841,104.8046875
08:00:31,912810UC0,TSRYS5860825,D,S,T,2024-09-13,1000000.00,3.973624,104.80859375
08:00:31,912810UC0,TSRYS5860825,D,S,T,2024-09-13,1000000.00,3.973515,104.810546875
08:00:31,912810UC0,TSRYS5860825,D,S,T,2024-09-13,1000000.00,3.973407,104.8125
08:00:31,912810UC0,TSRYS5860825,D,S,T,2024-09-13,2000000.00,3.973407,104.8125
08:00:31,912810UC0,TSRYS5860825,D,S,T,2024-09-13,1000000.00,3.973407,104.8125
08:00:31,912810UC0,TSRYS5860825,D,S,T,2024-09-13,2000000.00,3.973407,104.8125
08:00:31,912810UC0,TSRYS5860825,D,S,T,2024-09-13,1000000.00,3.972105,104.8359375
08:00:31,912810UC0,TSRYS5860825,D,S,T,2024-09-13,1000000.00,3.971888,104.83984375
08:00:31,912810UC0,TSRYS5860825,D,S,T,2024-09-13,1000000.00,3.971996,104.837890625
08:00:31,912810UC0,TSRYS5860825,D,S,T,2024-09-13,1000000.00,3.971779,104.841796875
08:00:31,912810UC0,TSRYS5860825,D,S,T,2024-09-13,1000000.00,3.973407,104.8125
08:00:31,912810UC0,TSRYS5860825,D,S,T,2024-09-13,1000000.00,3.973407,104.8125
08:00:31,912810UC0,TSRYS5860825,D,S,T,2024-09-13,1000000.00,3.973407,104.8125
08:00:31,912810UC0,TSRYS5860825,D,S,T,2024-09-13,1000000.00,3.973407,104.8125
08:00:31,912810UC0,TSRYS5860825,D,S,T,2024-09-13,1000000.00,3.973407,104.8125
08:00:31,912810UC0,TSRYS5860825,D,S,T,2024-09-13,1000000.00,3.973407,104.8125
08:00:31,912810UC0,TSRYS5860825,D,S,T,2024-09-13,1000000.00,3.971888,104.83984375
08:00:32,912810UC0,TSRYS5860825,D,S,T,2024-09-13,1000000.00,3.975144,104.78125
08:00:32,912810UC0,TSRYS5860825,D,S,T,2024-09-13,1000000.00,3.975144,104.78125
08:00:32,912810UC0,TSRYS5860825,D,S,T,2024-09-13,1000000.00,3.975144,104.78125
08:00:32,912810UC0,TSRYS5860825,D,S,T,2024-09-13,1000000.00,3.975144,104.78125
08:00:32,912810UC0,TSRYS5860825,D,S,T,2024-09-13,1000000.00,3.974275,104.796875
08:00:32,912810UC0,TSRYS5860825,D,S,T,2024-09-13,1000000.00,3.974275,104.796875
08:00:32,912810UC0,TSRYS5860825,D,S,T,2024-09-13,1000000.00,3.975144,104.78125
08:00:32,912810UC0,TSRYS5860825,D,S,T,2024-09-13,2000000.00,3.975144,104.78125
08:00:32,912810UC0,TSRYS5860825,D,S,T,2024-09-13,1000000.00,3.976013,104.765625
08:00:32,912810UC0,TSRYS5860825,D,S,T,2024-09-13,1000000.00,3.976882,104.75
08:00:32,912810UC0,TSRYS5860825,D,S,T,2024-09-13,1000000.00,3.977751,104.734375
08:00:32,912810UC0,TSRYS5860825,D,S,T,2024-09-13,1000000.00,3.977751,104.734375
08:00:32,912810UC0,TSRYS5860825,D,S,T,2024-09-13,1000000.00,3.977751,104.734375
08:00:32,912810UC0,TSRYS5860825,D,S,T,2024-09-13,1000000.00,3.977751,104.734375
08:00:32,912810UC0,TSRYS5860825,D,S,T,2024-09-13,1000000.00,3.980034,104.693359375
08:00:32,912810UC0,TSRYS5860825,D,S,T,2024-09-13,1000000.00,3.980034,104.693359375
08:00:32,912810UC0,TSRYS5860825,D,S,T,2024-09-13,1000000.00,3.980034,104.693359375
08:00:32,912810UC0,TSRYS5860825,D,S,T,2024-09-13,1000000.00,3.980034,104.693359375
08:00:32,912810UC0,TSRYS5860825,D,S,T,2024-09-13,1000000.00,3.980034,104.693359375
08:00:32,912810UC0,TSRYS5860825,D,S,T,2024-09-13,1000000.00,3.980034,104.693359375
08:00:32,912810UC0,TSRYS5860825,D,S,T,2024-09-13,1000000.00,3.980686,104.681640625
08:00:32,912810UC0,TSRYS5860825,D,S,T,2024-09-13,1000000.00,3.98036,104.6875
08:00:32,912810UC0,TSRYS5860825,D,S,T,2024-09-13,1000000.00,3.98036,104.6875
08:00:32,912810UC0,TSRYS5860825,D,S,T,2024-09-13,1000000.00,3.98036,104.6875
08:00:32,912810UC0,TSRYS5860825,D,S,T,2024-09-13,1000000.00,3.98123,104.671875
08:00:32,912810UC0,TSRYS5860825,D,S,T,2024-09-13,1000000.00,3.98123,104.671875
08:00:32,912810UC0,TSRYS5860825,D,S,T,2024-09-13,1000000.00,3.98123,104.671875
08:00:32,912810UC0,TSRYS5860825,D,S,T,2024-09-13,1000000.00,3.98123,104.671875
08:00:32,912810UC0,TSRYS5860825,D,S,T,2024-09-13,1000000.00,3.968634,104.8984375
08:00:32,912810UC0,TSRYS5860825,D,S,T,2024-09-13,1000000.00,3.968308,104.904296875
08:00:32,912810UC0,TSRYS5860825,D,S,T,2024-09-13,1000000.00,3.970803,104.859375
08:00:32,912810UC0,TSRYS5860825,D,S,T,2024-09-13,1000000.00,3.970803,104.859375
08:00:32,912810UC0,TSRYS5860825,D,S,T,2024-09-13,1000000.00,3.970803,104.859375
08:00:32,912810UC0,TSRYS5860825,D,S,T,2024-09-13,1000000.00,3.970369,104.8671875
08:00:32,912810UC0,TSRYS5860825,D,S,T,2024-09-13,1000000.00,3.970694,104.861328125
08:00:32,912810UC0,TSRYS5860825,D,S,T,2024-09-13,1000000.00,3.971996,104.837890625
08:00:32,912810UC0,TSRYS5860825,D,S,T,2024-09-13,1000000.00,3.969284,104.88671875
08:00:32,912810UC0,TSRYS5860825,D,S,T,2024-09-13,1000000.00,3.9682,104.90625
08:00:32,912810UC0,TSRYS5860825,D,S,T,2024-09-13,1000000.00,3.9682,104.90625
08:00:32,912810UC0,TSRYS5860825,D,S,T,2024-09-13,1000000.00,3.9682,104.90625
08:00:32,912810UC0,TSRYS5860825,D,S,T,2024-09-13,1000000.00,3.965165,104.9609375
08:00:32,912810UC0,TSRYS5860825,D,S,T,2024-09-13,1000000.00,3.965057,104.962890625
08:00:32,912810UC0,TSRYS5860825,D,S,T,2024-09-13,1000000.00,3.964732,104.96875
08:00:32,912810UC0,TSRYS5860825,D,S,T,2024-09-13,1000000.00,3.966466,104.9375
08:00:32,912810UC0,TSRYS5860825,D,S,T,2024-09-13,1000000.00,3.966032,104.9453125
08:00:32,912810UC0,TSRYS5860825,D,S,T,2024-09-13,1000000.00,3.966032,104.9453125
08:00:32,912810UC0,TSRYS5860825,D,S,T,2024-09-13,1000000.00,3.966032,104.9453125
08:00:32,912810UC0,TSRYS5860825,D,S,T,2024-09-13,1000000.00,3.968417,104.90234375
08:00:32,912810UC0,TSRYS5860825,D,S,T,2024-09-13,1000000.00,3.965599,104.953125
08:00:32,912810UC0,TSRYS5860825,D,S,T,2024-09-13,1000000.00,3.966466,104.9375
08:00:32,912810UC0,TSRYS5860825,D,S,T,2024-09-13,1000000.00,3.966466,104.9375
08:00:32,912810UC0,TSRYS5860825,D,S,T,2024-09-13,1000000.00,3.965599,104.953125
08:00:32,912810UC0,TSRYS5860825,D,S,T,2024-09-13,1000000.00,3.9682,104.90625
08:00:32,912810UC0,TSRYS5860825,D,S,T,2024-09-13,1000000.00,3.970803,104.859375
08:00:32,912810UC0,TSRYS5860825,D,S,T,2024-09-13,1000000.00,3.972213,104.833984375
08:00:32,912810UC0,TSRYS5860825,D,S,T,2024-09-13,1000000.00,3.972213,104.833984375
08:00:32,912810UC0,TSRYS5860825,D,S,T,2024-09-13,1000000.00,3.972213,104.833984375
08:00:32,912810UC0,TSRYS5860825,D,S,T,2024-09-13,1000000.00,3.970911,104.857421875
08:00:32,912810UC0,TSRYS5860825,D,S,T,2024-09-13,1000000.00,3.970477,104.865234375
08:00:32,912810UC0,TSRYS5860825,D,S,T,2024-09-13,1000000.00,3.970911,104.857421875
08:00:32,912810UC0,TSRYS5860825,D,S,T,2024-09-13,1000000.00,3.970043,104.873046875
08:00:32,912810UC0,TSRYS5860825,D,S,T,2024-09-13,1000000.00,3.970152,104.87109375
08:00:32,912810UC0,TSRYS5860825,D,S,T,2024-09-13,1000000.00,3.970043,104.873046875
08:00:32,912810UC0,TSRYS5860825,D,S,T,2024-09-13,1000000.00,3.967008,104.927734375
08:00:32,912810UC0,TSRYS5860825,D,S,T,2024-09-13,1000000.00,3.967766,104.9140625
08:00:32,912810UC0,TSRYS5860825,D,S,T,2024-09-13,1000000.00,3.967766,104.9140625
08:00:32,912810UC0,TSRYS5860825,D,S,T,2024-09-13,1000000.00,3.966791,104.931640625
08:00:32,912810UC0,TSRYS5860825,D,S,T,2024-09-13,1000000.00,3.967008,104.927734375
08:00:32,912810UC0,TSRYS5860825,D,S,T,2024-09-13,1000000.00,3.966791,104.931640625
08:00:32,912810UC0,TSRYS5860825,D,S,T,2024-09-13,1000000.00,3.966466,104.9375
08:00:32,912810UC0,TSRYS5860825,D,S,T,2024-09-13,1000000.00,3.961484,105.02734375
08:00:32,912810UC0,TSRYS5860825,D,S,T,2024-09-13,1000000.00,3.960618,105.04296875
08:00:32,912810UC0,TSRYS5860825,D,S,T,2024-09-13,1000000.00,3.970803,104.859375
08:00:32,912810UC0,TSRYS5860825,D,S,T,2024-09-13,3000000.00,3.970803,104.859375
08:00:32,912810UC0,TSRYS5860825,D,S,T,2024-09-13,1000000.00,3.970803,104.859375
08:00:32,912810UC0,TSRYS5860825,D,S,T,2024-09-13,1000000.00,3.970803,104.859375
08:00:32,912810UC0,TSRYS5860825,D,S,T,2024-09-13,1000000.00,3.970803,104.859375
08:00:32,912810UC0,TSRYS5860825,D,S,T,2024-09-13,1000000.00,3.961159,105.033203125
08:00:32,912810UC0,TSRYS5860825,D,S,T,2024-09-13,1000000.00,3.962025,105.017578125
08:00:32,912810UC0,TSRYS5860825,D,S,T,2024-09-13,1000000.00,3.961267,105.03125
08:00:32,912810UC0,TSRYS5860825,D,S,T,2024-09-13,1000000.00,3.967658,104.916015625
08:00:32,912810UC0,TSRYS5860825,D,S,T,2024-09-13,1000000.00,3.968634,104.8984375
08:00:32,912810UC0,TSRYS5860825,D,S,T,2024-09-13,1000000.00,3.968634,104.8984375
08:00:32,912810UC0,TSRYS5860825,D,S,T,2024-09-13,1000000.00,3.970803,104.859375
08:00:32,912810UC0,TSRYS5860825,D,S,T,2024-09-13,1000000.00,3.971671,104.84375
08:00:32,912810UC0,TSRYS5860825,D,S,T,2024-09-13,1000000.00,3.970477,104.865234375
08:00:32,912810UC0,TSRYS5860825,D,S,T,2024-09-13,1000000.00,3.970803,104.859375
08:00:32,912810UC0,TSRYS5860825,D,S,T,2024-09-13,1000000.00,3.971454,104.84765625
08:00:32,912810UC0,TSRYS5860825,D,S,T,2024-09-13,1000000.00,3.970803,104.859375
08:00:32,912810UC0,TSRYS5860825,D,S,T,2024-09-13,1000000.00,3.970803,104.859375
08:00:32,912810UC0,TSRYS5860825,D,S,T,2024-09-13,1000000.00,3.971671,104.84375
08:00:32,912810UC0,TSRYS5860825,D,S,T,2024-09-13,1000000.00,3.973298,104.814453125
08:00:32,912810UC0,TSRYS5860825,D,S,T,2024-09-13,1000000.00,3.975578,104.7734375
08:00:32,912810UC0,TSRYS5860825,D,S,T,2024-09-13,2000000.00,3.977316,104.7421875
08:00:32,912810UC0,TSRYS5860825,D,S,T,2024-09-13,1000000.00,3.976339,104.759765625
08:00:32,912810UC0,TSRYS5860825,D,S,T,2024-09-13,1000000.00,3.97471,104.7890625
08:00:32,912810UC0,TSRYS5860825,D,S,T,2024-09-13,1000000.00,3.97471,104.7890625
08:00:32,912810UC0,TSRYS5860825,D,S,T,2024-09-13,1000000.00,3.97395,104.802734375
08:00:32,912810UC0,TSRYS5860825,D,S,T,2024-09-13,2000000.00,3.973624,104.80859375
08:00:32,912810UC0,TSRYS5860825,D,S,T,2024-09-13,1000000.00,3.977642,104.736328125
08:00:32,912810UC0,TSRYS5860825,D,S,T,2024-09-13,1000000.00,3.976447,104.7578125
08:00:32,912810UC0,TSRYS5860825,D,S,T,2024-09-13,1000000.00,3.980142,104.69140625
08:00:32,912810UC0,TSRYS5860825,D,S,T,2024-09-13,1000000.00,3.980468,104.685546875
08:00:32,912810UC0,TSRYS5860825,D,S,T,2024-09-13,1000000.00,3.981882,104.66015625
08:00:32,912810UC0,TSRYS5860825,D,S,D,2024-09-13,1000000.00,3.9682,104.90625
08:00:32,912810UC0,TSRYS5860825,D,S,D,2024-09-13,1000000.00,3.9682,104.90625
08:00:32,912810UC0,TSRYS5860825,D,S,D,2024-09-13,1000000.00,3.9682,104.90625
08:00:32,912810UC0,TSRYS5860825,D,S,D,2024-09-13,1000000.00,3.969718,104.87890625
08:00:32,912810UC0,TSRYS5860825,D,S,D,2024-09-13,1000000.00,3.971454,104.84765625
08:00:32,912810UC0,TSRYS5860825,D,S,D,2024-09-13,1000000.00,3.971454,104.84765625
08:00:32,912810UC0,TSRYS5860825,D,S,D,2024-09-13,1000000.00,3.970586,104.86328125
08:00:32,912810UC0,TSRYS5860825,D,S,D,2024-09-13,1000000.00,3.972322,104.83203125
08:00:32,912810UC0,TSRYS5860825,D,S,D,2024-09-13,1000000.00,3.973841,104.8046875
08:00:32,912810UC0,TSRYS5860825,D,S,D,2024-09-13,1000000.00,3.9682,104.90625
08:00:32,912810UC0,TSRYS5860825,D,S,D,2024-09-13,1000000.00,3.9682,104.90625
08:00:32,912810UC0,TSRYS5860825,D,S,D,2024-09-13,1000000.00,3.968634,104.8984375
08:00:32,912810UC0,TSRYS5860825,D,S,D,2024-09-13,1000000.00,3.968417,104.90234375
08:00:32,912810UC0,TSRYS5860825,D,S,D,2024-09-13,1000000.00,3.968634,104.8984375
08:00:32,912810UC0,TSRYS5860825,D,S,D,2024-09-13,1000000.00,3.967983,104.91015625
08:00:32,912810UC0,TSRYS5860825,D,S,D,2024-09-13,1000000.00,3.969935,104.875
08:00:32,912810UC0,TSRYS5860825,D,S,D,2024-09-13,1000000.00,3.970152,104.87109375
08:00:32,912810UC0,TSRYS5860825,D,S,D,2024-09-13,1000000.00,3.970586,104.86328125
08:00:32,912810UC0,TSRYS5860825,D,S,D,2024-09-13,1000000.00,3.970369,104.8671875
08:00:32,912810UC0,TSRYS5860825,D,S,D,2024-09-13,1000000.00,3.970369,104.8671875
08:00:32,912810UC0,TSRYS5860825,D,S,D,2024-09-13,1000000.00,3.969935,104.875
08:00:32,912810UC0,TSRYS5860825,D,S,D,2024-09-13,1000000.00,3.964732,104.96875
08:00:32,912810UC0,TSRYS5860825,D,S,D,2024-09-13,1000000.00,3.965165,104.9609375
08:00:32,912810UC0,TSRYS5860825,D,S,D,2024-09-13,1000000.00,3.965382,104.95703125
08:00:32,912810UC0,TSRYS5860825,D,S,D,2024-09-13,1000000.00,3.963866,104.984375
08:00:32,912810UC0,TSRYS5860825,D,S,D,2024-09-13,1000000.00,3.965382,104.95703125
08:00:32,912810UC0,TSRYS5860825,D,S,D,2024-09-13,1000000.00,3.966032,104.9453125
08:00:32,912810UC0,TSRYS5860825,D,S,D,2024-09-13,1000000.00,3.966466,104.9375
08:00:32,912810UC0,TSRYS5860825,D,S,D,2024-09-13,1000000.00,3.966466,104.9375
08:00:32,912810UC0,TSRYS5860825,D,S,D,2024-09-13,1000000.00,3.966466,104.9375
08:00:32,912810UC0,TSRYS5860825,D,S,D,2024-09-13,1000000.00,3.966466,104.9375
08:00:32,912810UC0,TSRYS5860825,D,S,D,2024-09-13,1000000.00,3.966249,104.94140625
08:00:32,912810UC0,TSRYS5860825,D,S,D,2024-09-13,1000000.00,3.966249,104.94140625
08:00:32,912810UC0,TSRYS5860825,D,S,D,2024-09-13,1000000.00,3.964732,104.96875
08:00:32,912810UC0,TSRYS5860825,D,S,D,2024-09-13,1000000.00,3.964732,104.96875
08:00:32,912810UC0,TSRYS5860825,D,S,D,2024-09-13,1000000.00,3.964732,104.96875
08:00:32,912810UC0,TSRYS5860825,D,S,D,2024-09-13,1000000.00,3.964732,104.96875
08:00:32,912810UC0,TSRYS5860825,D,S,D,2024-09-13,1000000.00,3.964732,104.96875
08:00:32,912810UC0,TSRYS5860825,D,S,D,2024-09-13,1000000.00,3.964732,104.96875
08:00:32,912810UC0,TSRYS5860825,D,S,D,2024-09-13,1000000.00,3.964732,104.96875
08:00:32,912810UC0,TSRYS5860825,D,S,D,2024-09-13,1000000.00,3.964732,104.96875
08:00:32,912810UC0,TSRYS5860825,D,S,D,2024-09-13,1000000.00,3.964732,104.96875
08:00:32,912810UC0,TSRYS5860825,D,S,D,2024-09-13,1000000.00,3.963433,104.9921875
08:00:32,912810UC0,TSRYS5860825,D,S,D,2024-09-13,1000000.00,3.963433,104.9921875
08:00:32,912810UC0,TSRYS5860825,D,S,D,2024-09-13,1000000.00,3.963216,104.99609375
08:00:32,912810UC0,TSRYS5860825,D,S,D,2024-09-13,1000000.00,3.963216,104.99609375
08:00:32,912810UC0,TSRYS5860825,D,S,D,2024-09-13,1000000.00,3.963433,104.9921875
08:00:32,912810UC0,TSRYS5860825,D,S,D,2024-09-13,1000000.00,3.963433,104.9921875
08:00:32,912810UC0,TSRYS5860825,D,S,D,2024-09-13,1000000.00,3.963866,104.984375
08:00:32,912810UC0,TSRYS5860825,D,S,D,2024-09-13,1000000.00,3.963866,104.984375
08:00:32,912810UC0,TSRYS5860825,D,S,D,2024-09-13,1000000.00,3.963866,104.984375
08:00:32,912810UC0,TSRYS5860825,D,S,D,2024-09-13,1000000.00,3.966682,104.93359375
08:00:32,912810UC0,TSRYS5860825,D,S,D,2024-09-13,1000000.00,3.966682,104.93359375
08:00:32,912810UC0,TSRYS5860825,D,S,D,2024-09-13,1000000.00,3.966466,104.9375
08:00:33,912810UC0,TSRYS5860825,D,S,D,2024-09-13,1000000.00,3.966466,104.9375
08:00:33,912810UC0,TSRYS5860825,D,S,D,2024-09-13,1000000.00,3.969067,104.890625
08:00:33,912810UC0,TSRYS5860825,D,S,D,2024-09-13,1000000.00,3.961051,105.03515625
08:00:33,912810UC0,TSRYS5860825,D,S,D,2024-09-13,1000000.00,3.95932,105.06640625
08:00:33,912810UC0,TSRYS5860825,D,S,D,2024-09-13,1000000.00,3.95932,105.06640625
08:00:33,912810UC0,TSRYS5860825,D,S,D,2024-09-13,1000000.00,3.95932,105.06640625
08:00:33,912810UC0,TSRYS5860825,D,S,D,2024-09-13,1000000.00,3.958238,105.0859375
08:00:33,912810UC0,TSRYS5860825,D,S,D,2024-09-13,1000000.00,3.958238,105.0859375
08:00:33,912810UC0,TSRYS5860825,D,S,D,2024-09-13,1000000.00,3.958238,105.0859375
08:00:33,912810UC0,TSRYS5860825,D,S,D,2024-09-13,1000000.00,3.958238,105.0859375
08:00:33,912810UC0,TSRYS5860825,D,S,D,2024-09-13,1000000.00,3.958238,105.0859375
08:00:33,912810UC0,TSRYS5860825,D,S,D,2024-09-13,1000000.00,3.958671,105.078125
08:00:33,912810UC0,TSRYS5860825,D,S,D,2024-09-13,1000000.00,3.958454,105.08203125
08:00:33,912810UC0,TSRYS5860825,D,S,D,2024-09-13,1000000.00,3.957373,105.1015625
08:00:33,912810UC0,TSRYS5860825,D,S,D,2024-09-13,1000000.00,3.957373,105.1015625
08:00:33,912810UC0,TSRYS5860825,D,S,D,2024-09-13,1000000.00,3.957373,105.1015625
08:00:33,912810UC0,TSRYS5860825,D,S,D,2024-09-13,1000000.00,3.957373,105.1015625
08:00:33,912810UC0,TSRYS5860825,D,S,D,2024-09-13,1000000.00,3.956508,105.1171875
08:00:33,912810UC0,TSRYS5860825,D,S,D,2024-09-13,1000000.00,3.961267,105.03125
08:00:33,912810UC0,TSRYS5860825,D,S,D,2024-09-13,1000000.00,3.971454,104.84765625
08:00:33,912810UC0,TSRYS5860825,D,S,D,2024-09-13,1000000.00,3.969935,104.875
08:00:33,912810UC0,TSRYS5860825,D,S,D,2024-09-13,1000000.00,3.970152,104.87109375
08:00:33,912810UC0,TSRYS5860825,D,S,D,2024-09-13,1000000.00,3.969935,104.875
08:00:33,912810UC0,TSRYS5860825,D,S,D,2024-09-13,1000000.00,3.971671,104.84375
08:00:33,912810UC0,TSRYS5860825,D,S,D,2024-09-13,1000000.00,3.971671,104.84375
08:00:33,912810UC0,TSRYS5860825,D,S,D,2024-09-13,1000000.00,3.973407,104.8125
08:00:33,912810UC0,TSRYS5860825,D,S,D,2024-09-13,1000000.00,3.971454,104.84765625
08:00:33,912810UC0,TSRYS5860825,D,S,D,2024-09-13,1000000.00,3.971454,104.84765625
08:00:33,912810UC0,TSRYS5860825,D,S,D,2024-09-13,1000000.00,3.971454,104.84765625
08:00:33,912810UC0,TSRYS5860825,D,S,D,2024-09-13,1000000.00,3.971671,104.84375
08:00:33,912810UC0,TSRYS5860825,D,S,D,2024-09-13,1000000.00,3.972105,104.8359375
08:00:33,912810UC0,TSRYS5860825,D,S,D,2024-09-13,1000000.00,3.972105,104.8359375
08:00:33,912810UC0,TSRYS5860825,D,S,D,2024-09-13,1000000.00,3.972105,104.8359375
08:00:33,912810UC0,TSRYS5860825,D,S,D,2024-09-13,1000000.00,3.972539,104.828125
08:00:33,912810UC0,TSRYS5860825,D,S,D,2024-09-13,1000000.00,3.976882,104.75
08:00:33,912810UC0,TSRYS5860825,D,S,D,2024-09-13,1000000.00,3.976882,104.75
08:00:33,912810UC0,TSRYS5860825,D,S,D,2024-09-13,1000000.00,3.977099,104.74609375
08:00:33,912810UC0,TSRYS5860825,D,S,D,2024-09-13,1000000.00,3.976882,104.75
08:00:33,912810UC0,TSRYS5860825,D,S,D,2024-09-13,1000000.00,3.97862,104.71875
08:00:33,912810UC0,TSRYS5860825,D,S,D,2024-09-13,1000000.00,3.97862,104.71875
08:00:33,912810UC0,TSRYS5860825,D,S,D,2024-09-13,1000000.00,3.97862,104.71875
08:00:33,912810UC0,TSRYS5860825,D,S,D,2024-09-13,1000000.00,3.97471,104.7890625
08:00:33,912810UC0,TSRYS5860825,D,S,D,2024-09-13,1000000.00,3.97471,104.7890625
08:00:33,912810UC0,TSRYS5860825,D,S,D,2024-09-13,1000000.00,3.975578,104.7734375
08:00:33,912810UC0,TSRYS5860825,D,S,D,2024-09-13,1000000.00,3.97471,104.7890625
08:00:33,912810UC0,TSRYS5860825,D,S,D,2024-09-13,1000000.00,3.972105,104.8359375
08:00:33,912810UC0,TSRYS5860825,D,S,D,2024-09-13,1000000.00,3.977316,104.7421875
08:00:33,912810UC0,TSRYS5860825,D,S,D,2024-09-13,1000000.00,3.969067,104.890625
08:00:33,912810UC0,TSRYS5860825,D,S,D,2024-09-13,1000000.00,3.97243,104.830078125
08:00:33,912810UC0,TSRYS5860825,D,S,D,2024-09-13,1000000.00,3.970803,104.859375
08:00:33,912810UC0,TSRYS5860825,D,S,D,2024-09-13,1000000.00,3.971237,104.8515625
08:00:33,912810UC0,TSRYS5860825,D,S,D,2024-09-13,1000000.00,3.971454,104.84765625
08:00:33,912810UC0,TSRYS5860825,D,S,D,2024-09-13,1000000.00,3.971562,104.845703125
08:00:33,912810UC0,TSRYS5860825,D,S,D,2024-09-13,1000000.00,3.971562,104.845703125
08:00:33,912810UC0,TSRYS5860825,D,S,D,2024-09-13,1000000.00,3.971562,104.845703125
08:00:33,912810UC0,TSRYS5860825,D,S,D,2024-09-13,1000000.00,3.971237,104.8515625
08:00:33,912810UC0,TSRYS5860825,D,S,D,2024-09-13,1000000.00,3.971237,104.8515625
08:00:33,912810UC0,TSRYS5860825,D,S,D,2024-09-13,1000000.00,3.971237,104.8515625
08:00:33,912810UC0,TSRYS5860825,D,S,D,2024-09-13,1000000.00,3.971996,104.837890625
08:00:33,912810UC0,TSRYS5860825,D,S,D,2024-09-13,1000000.00,3.971996,104.837890625
08:00:33,912810UC0,TSRYS5860825,D,S,D,2024-09-13,1000000.00,3.969284,104.88671875
08:00:33,912810UC0,TSRYS5860825,D,S,D,2024-09-13,1000000.00,3.9682,104.90625
08:00:33,912810UC0,TSRYS5860825,D,S,D,2024-09-13,1000000.00,3.964732,104.96875
08:00:33,912810UC0,TSRYS5860825,D,S,D,2024-09-13,1000000.00,3.963649,104.98828125
08:00:33,912810UC0,TSRYS5860825,D,S,D,2024-09-13,1000000.00,3.963541,104.990234375
08:00:33,912810UC0,TSRYS5860825,D,S,D,2024-09-13,1000000.00,3.963541,104.990234375
08:00:33,912810UC0,TSRYS5860825,D,S,D,2024-09-13,1000000.00,3.97102,104.85546875
08:00:33,912810UC0,TSRYS5860825,D,S,T,2024-09-13,1000000.00,3.969935,104.875
08:00:33,912810UC0,TSRYS5860825,D,S,T,2024-09-13,1000000.00,3.969935,104.875
08:00:33,912810UC0,TSRYS5860825,D,S,T,2024-09-13,1000000.00,3.969935,104.875
08:00:33,912810UC0,TSRYS5860825,D,S,T,2024-09-13,1000000.00,3.969935,104.875
08:00:33,912810UC0,TSRYS5860825,D,S,D,2024-09-13,1000000.00,3.970152,104.87109375
08:00:33,912810UC0,TSRYS5860825,D,S,D,2024-09-13,1000000.00,3.969609,104.880859375
08:00:33,912810UC0,TSRYS5860825,D,S,D,2024-09-13,1000000.00,3.969609,104.880859375
08:00:33,912810UC0,TSRYS5860825,D,S,D,2024-09-13,1000000.00,3.969609,104.880859375
08:00:33,912810UC0,TSRYS5860825,D,S,D,2024-09-13,1000000.00,3.969501,104.8828125
08:00:33,912810UC0,TSRYS5860825,D,S,D,2024-09-13,1000000.00,3.969501,104.8828125
08:00:33,912810UC0,TSRYS5860825,D,S,D,2024-09-13,1000000.00,3.971671,104.84375
08:00:33,912810UC0,TSRYS5860825,D,S,D,2024-09-13,1000000.00,3.959536,105.0625
08:00:33,912810UC0,TSRYS5860825,D,S,D,2024-09-13,1000000.00,3.959752,105.05859375
08:00:33,912810UC0,TSRYS5860825,D,S,D,2024-09-13,1000000.00,3.960402,105.046875
08:00:33,912810UC0,TSRYS5860825,D,S,D,2024-09-13,1000000.00,3.961159,105.033203125
08:00:33,912810UC0,TSRYS5860825,D,S,D,2024-09-13,1000000.00,3.962025,105.017578125
08:00:33,912810UC0,TSRYS5860825,D,S,T,2024-09-13,1000000.00,3.969935,104.875
08:00:33,912810UC0,TSRYS5860825,D,S,T,2024-09-13,1000000.00,3.969935,104.875
08:00:33,912810UC0,TSRYS5860825,D,S,T,2024-09-13,1000000.00,3.969935,104.875
08:00:33,912810UC0,TSRYS5860825,D,S,T,2024-09-13,1000000.00,3.969935,104.875
08:00:33,912810UC0,TSRYS5860825,D,S,T,2024-09-13,1000000.00,3.969935,104.875
08:00:33,912810UC0,TSRYS5860825,D,S,T,2024-09-13,1000000.00,3.969935,104.875
08:00:33,912810UC0,TSRYS5860825,D,S,D,2024-09-13,1000000.00,3.968634,104.8984375
08:00:33,912810UC0,TSRYS5860825,D,S,D,2024-09-13,1000000.00,3.968634,104.8984375
08:00:33,912810UC0,TSRYS5860825,D,S,D,2024-09-13,1000000.00,3.968634,104.8984375
08:00:33,912810UC0,TSRYS5860825,D,S,D,2024-09-13,1000000.00,3.969067,104.890625
08:00:33,912810UC0,TSRYS5860825,D,S,D,2024-09-13,1000000.00,3.969067,104.890625
08:00:33,912810UC0,TSRYS5860825,D,S,D,2024-09-13,1000000.00,3.970694,104.861328125
08:00:33,912810UC0,TSRYS5860825,D,S,D,2024-09-13,1000000.00,3.971671,104.84375
08:00:33,912810UC0,TSRYS5860825,D,S,D,2024-09-13,1000000.00,3.97102,104.85546875
08:00:33,912810UC0,TSRYS5860825,D,S,D,2024-09-13,1000000.00,3.970803,104.859375
08:00:33,912810UC0,TSRYS5860825,D,S,D,2024-09-13,1000000.00,3.970803,104.859375
08:00:33,912810UC0,TSRYS5860825,D,S,D,2024-09-13,1000000.00,3.970369,104.8671875
08:00:33,912810UC0,TSRYS5860825,D,S,D,2024-09-13,1000000.00,3.971454,104.84765625
08:00:33,912810UC0,TSRYS5860825,D,S,D,2024-09-13,1000000.00,3.971454,104.84765625
08:00:33,912810UC0,TSRYS5860825,D,S,D,2024-09-13,1000000.00,3.969935,104.875
08:00:33,912810UC0,TSRYS5860825,D,S,D,2024-09-13,1000000.00,3.970152,104.87109375
08:00:33,912810UC0,TSRYS5860825,D,S,D,2024-09-13,1000000.00,3.969718,104.87890625
08:00:33,912810UC0,TSRYS5860825,D,S,D,2024-09-13,1000000.00,3.969609,104.880859375
08:00:33,912810UC0,TSRYS5860825,D,S,D,2024-09-13,2000000.00,3.969609,104.880859375
08:00:33,912810UC0,TSRYS5860825,D,S,D,2024-09-13,1000000.00,3.970477,104.865234375
08:00:33,912810UC0,TSRYS5860825,D,S,D,2024-09-13,1000000.00,3.973733,104.806640625
08:00:33,912810UC0,TSRYS5860825,D,S,D,2024-09-13,1000000.00,3.971996,104.837890625
08:00:33,912810UC0,TSRYS5860825,D,S,D,2024-09-13,1000000.00,3.971779,104.841796875
08:00:33,912810UC0,TSRYS5860825,D,S,D,2024-09-13,1000000.00,3.97319,104.81640625
08:00:33,912810UC0,TSRYS5860825,D,S,D,2024-09-13,1000000.00,3.973298,104.814453125
08:00:33,912810UC0,TSRYS5860825,D,S,D,2024-09-13,1000000.00,3.97243,104.830078125
08:00:33,912810UC0,TSRYS5860825,D,S,C,2024-09-13,1000000.00,3.969501,104.8828125
08:00:33,912810UC0,TSRYS5860825,D,S,A,2024-09-13,35000000.00,3.968,104.909852
08:00:33,912810UC0,TSRYS5860825,D,S,D,2024-09-13,1000000.00,3.978403,104.72265625
08:00:33,912810UC0,TSRYS5860825,D,S,D,2024-09-13,1000000.00,3.977751,104.734375
08:00:33,912810UC0,TSRYS5860825,D,S,D,2024-09-13,1000000.00,3.977534,104.73828125
08:00:33,912810UC0,TSRYS5860825,D,S,D,2024-09-13,1000000.00,3.976665,104.75390625
08:00:33,912810UC0,TSRYS5860825,D,S,D,2024-09-13,1000000.00,3.977642,104.736328125
08:00:33,912810UC0,TSRYS5860825,D,S,D,2024-09-13,1000000.00,3.977534,104.73828125
08:00:33,912810UC0,TSRYS5860825,D,S,D,2024-09-13,1000000.00,3.977751,104.734375
08:00:33,912810UC0,TSRYS5860825,D,S,D,2024-09-13,1000000.00,3.976556,104.755859375
08:00:33,912810UC0,TSRYS5860825,D,S,D,2024-09-13,1000000.00,3.975361,104.77734375
08:00:33,912810UC0,TSRYS5860825,D,S,D,2024-09-13,1000000.00,3.975253,104.779296875
08:00:33,912810UC0,TSRYS5860825,D,S,D,2024-09-13,1000000.00,3.975253,104.779296875
08:00:33,912810UC0,TSRYS5860825,D,S,D,2024-09-13,1000000.00,3.975796,104.76953125
08:00:33,912810UC0,TSRYS5860825,D,S,D,2024-09-13,1000000.00,3.975578,104.7734375
08:00:33,912810UC0,TSRYS5860825,D,S,D,2024-09-13,1000000.00,3.97547,104.775390625
08:00:33,912810UC0,TSRYS5860825,D,S,D,2024-09-13,1000000.00,3.971128,104.853515625
08:00:33,912810UC0,TSRYS5860825,D,S,D,2024-09-13,1000000.00,3.971345,104.849609375
08:00:33,912810UC0,TSRYS5860825,D,S,D,2024-09-13,2000000.00,3.97243,104.830078125
08:00:33,912810UC0,TSRYS5860825,D,S,D,2024-09-13,1000000.00,3.975687,104.771484375
08:00:33,912810UC0,TSRYS5860825,D,S,D,2024-09-13,2000000.00,3.975796,104.76953125
08:00:33,912810UC0,TSRYS5860825,D,S,D,2024-09-13,1000000.00,3.977534,104.73828125
08:00:33,912810UC0,TSRYS5860825,D,S,D,2024-09-13,1000000.00,3.97699,104.748046875
08:00:33,912810UC0,TSRYS5860825,D,S,D,2024-09-13,1000000.00,3.977208,104.744140625
08:00:33,912810UC0,TSRYS5860825,D,S,D,2024-09-13,1000000.00,3.97547,104.775390625
08:00:33,912810UC0,TSRYS5860825,D,S,D,2024-09-13,1000000.00,3.975253,104.779296875
08:00:33,912810UC0,TSRYS5860825,D,S,D,2024-09-13,1000000.00,3.975253,104.779296875
08:00:33,912810UC0,TSRYS5860825,D,S,D,2024-09-13,1000000.00,3.974167,104.798828125
08:00:33,912810UC0,TSRYS5860825,D,S,D,2024-09-13,1000000.00,3.974818,104.787109375
08:00:33,912810UC0,TSRYS5860825,D,S,D,2024-09-13,1000000.00,3.974818,104.787109375
08:00:33,912810UC0,TSRYS5860825,D,S,D,2024-09-13,1000000.00,3.97471,104.7890625
08:00:33,912810UC0,TSRYS5860825,D,S,D,2024-09-13,2000000.00,3.97471,104.7890625
08:00:33,912810UC0,TSRYS5860825,D,S,D,2024-09-13,1000000.00,3.97547,104.775390625
08:00:33,912810UC0,TSRYS5860825,D,S,D,2024-09-13,1000000.00,3.978077,104.728515625
08:00:33,912810UC0,TSRYS5860825,D,S,D,2024-09-13,1000000.00,3.977425,104.740234375
08:00:33,912810UC0,TSRYS5860825,D,S,D,2024-09-13,1000000.00,3.976556,104.755859375
08:00:33,912810UC0,TSRYS5860825,D,S,D,2024-09-13,1000000.00,3.97623,104.76171875
08:00:33,912810UC0,TSRYS5860825,D,S,D,2024-09-13,1000000.00,3.976882,104.75
08:00:33,912810UC0,TSRYS5860825,D,S,D,2024-09-13,1000000.00,3.979273,104.70703125
08:00:33,912810UC0,TSRYS5860825,D,S,D,2024-09-13,1000000.00,3.980251,104.689453125
08:00:33,912810UC0,TSRYS5860825,D,S,D,2024-09-13,1000000.00,3.980468,104.685546875
08:00:33,912810UC0,TSRYS5860825,D,S,D,2024-09-13,1000000.00,3.980142,104.69140625
08:00:34,912810UC0,TSRYS5860825,D,S,D,2024-09-13,1000000.00,3.97623,104.76171875
08:00:36,912810UC0,TSRYS5860825,D,S,D,2024-09-13,12000000.00,3.966466,104.9375
08:00:36,912810UC0,TSRYS5860825,D,S,C,2024-09-13,15000000.00,3.969935,104.875
08:00:36,912810UC0,TSRYS5860825,D,S,C,2024-09-13,21000000.00,3.964732,104.96875
08:00:36,912810UC0,TSRYS5860825,D,S,C,2024-09-13,385000.00,3.9682,104.90625
08:00:36,912810UC0,TSRYS5860825,D,S,D,2024-09-13,1000000.00,3.967333,104.921875
08:00:36,912810UC0,TSRYS5860825,D,S,C,2024-09-13,1000000.00,3.969718,104.87890625
08:00:36,912810UC0,TSRYS5860825,D,S,D,2024-09-13,1000000.00,3.972973,104.8203125
08:00:36,912810UC0,TSRYS5860825,D,S,T,2024-09-13,1000000.00,3.9682,104.90625
08:00:36,912810UC0,TSRYS5860825,D,S,T,2024-09-13,1000000.00,3.9682,104.90625
08:00:36,912810UC0,TSRYS5860825,D,S,T,2024-09-13,1000000.00,3.9682,104.90625
08:00:36,912810UC0,TSRYS5860825,D,S,T,2024-09-13,1000000.00,3.9682,104.90625
08:00:36,912810UC0,TSRYS5860825,D,S,T,2024-09-13,1000000.00,3.9682,104.90625
08:00:36,912810UC0,TSRYS5860825,D,B,C,2024-09-13,1000000.00,3.969718,104.87890625
08:00:36,912810UC0,TSRYS5860825,D,B,A,2024-09-13,5000000.00,3.966032,104.9453125
08:00:36,912810UC0,TSRYS5860825,D,S,T,2024-09-13,1000000.00,3.965599,104.953125
08:00:36,912810UC0,TSRYS5860825,D,S,T,2024-09-13,1000000.00,3.964732,104.96875
08:00:36,912810UC0,TSRYS5860825,D,S,A,2024-09-13,200000.00,3.964299,104.9765625
08:00:36,912810UC0,TSRYS5860825,D,S,D,2024-09-13,1000000.00,3.964732,104.96875
08:00:36,912810UC0,TSRYS5860825,D,S,D,2024-09-13,1000000.00,3.964732,104.96875
08:00:36,912810UC0,TSRYS5860825,D,S,D,2024-09-13,1000000.00,3.964732,104.96875
08:00:36,912810UC0,TSRYS5860825,D,B,C,2024-09-13,7000000.00,3.971454,104.84765625
08:00:36,912810UC0,TSRYS5860825,D,S,T,2024-09-13,1000000.00,3.971779,104.841796875
08:00:36,912810UC0,TSRYS5860825,D,S,T,2024-09-13,1000000.00,3.972322,104.83203125
08:00:36,912810UC0,TSRYS5860825,D,S,T,2024-09-13,1000000.00,3.972322,104.83203125
08:00:36,912810UC0,TSRYS5860825,D,S,T,2024-09-13,2000000.00,3.971454,104.84765625
08:00:36,912810UC0,TSRYS5860825,D,S,T,2024-09-13,1000000.00,3.971671,104.84375
08:00:36,912810UC0,TSRYS5860825,D,S,T,2024-09-13,1000000.00,3.971671,104.84375
08:00:36,912810UC0,TSRYS5860825,D,S,C,2024-09-13,545000.00,3.970803,104.859375
08:00:36,912810UC0,TSRYS5860825,D,S,T,2024-09-13,1000000.00,3.959861,105.056640625
08:00:36,912810UC0,TSRYS5860825,D,S,D,2024-09-13,1000000.00,3.961267,105.03125
08:00:36,912810UC0,TSRYS5860825,D,S,T,2024-09-13,1000000.00,3.961267,105.03125
08:00:36,912810UC0,TSRYS5860825,D,S,T,2024-09-13,1000000.00,3.961267,105.03125
08:00:36,912810UC0,TSRYS5860825,D,S,T,2024-09-13,1000000.00,3.961267,105.03125
08:00:36,912810UC0,TSRYS5860825,D,S,D,2024-09-13,1000000.00,3.961267,105.03125
08:00:36,912810UC0,TSRYS5860825,D,S,D,2024-09-13,1000000.00,3.961267,105.03125
08:00:36,912810UC0,TSRYS5860825,D,S,T,2024-09-13,1000000.00,3.961267,105.03125
08:00:36,912810UC0,TSRYS5860825,D,S,D,2024-09-13,1000000.00,3.961503,105.0269919169
08:00:36,912810UC0,TSRYS5860825,D,S,T,2024-09-13,1000000.00,3.960402,105.046875
08:00:36,912810UC0,TSRYS5860825,D,S,D,2024-09-13,1000000.00,3.960402,105.046875
08:00:37,912810UC0,TSRYS5860825,D,S,D,2024-09-13,35000000.00,3.963115,104.99792
08:00:37,912810UC0,TSRYS5860825,D,S,T,2024-09-13,1000000.00,3.967333,104.921875
08:00:37,912810UC0,TSRYS5860825,D,S,T,2024-09-13,1000000.00,3.971671,104.84375
08:00:37,912810UC0,TSRYS5860825,D,S,T,2024-09-13,1000000.00,3.970803,104.859375
08:00:37,912810UC0,TSRYS5860825,D,S,C,2024-09-13,1100000.00,3.970068,104.87259375
08:00:37,912810UC0,TSRYS5860825,D,S,C,2024-09-13,200000.00,3.970719,104.860875
08:00:37,912810UC0,TSRYS5860825,D,S,D,2024-09-13,35000000.00,3.97005,104.87293
08:00:37,912810UC0,TSRYS5860825,D,B,C,2024-09-13,5000000.00,3.972539,104.828125
08:00:37,912810UC0,TSRYS5860825,D,S,D,2024-09-13,12000000.00,3.977909,104.73154
08:00:37,912810UC0,TSRYS5860825,D,B,C,2024-09-13,50MM+,3.969935,104.875
08:00:37,912810UC0,TSRYS5860825,D,S,C,2024-09-13,7500000.00,3.972973,104.8203125
08:00:37,912810UC0,TSRYS5860825,D,S,D,2024-09-13,1000000.00,3.972539,104.828125
08:00:37,912810UC0,TSRYS5860825,D,S,T,2024-09-13,1000000.00,3.976882,104.75
08:00:37,912810UC0,TSRYS5860825,D,S,D,2024-09-13,1000000.00,3.975144,104.78125
08:00:37,912810UC0,TSRYS5860825,D,S,D,2024-09-13,1000000.00,3.98036,104.6875
08:00:37,912810UC0,TSRYS5860825,D,S,T,2024-09-13,1000000.00,3.97862,104.71875
08:00:37,912810UC0,TSRYS5860825,D,S,D,2024-09-13,1000000.00,3.97862,104.71875
08:00:37,912810UC0,TSRYS5860825,D,S,D,2024-09-13,1000000.00,3.98036,104.6875
08:00:37,912810UC0,TSRYS5860825,D,S,D,2024-09-13,1000000.00,3.98036,104.6875
08:00:37,912810UC0,TSRYS5860825,D,S,D,2024-09-13,1000000.00,3.98123,104.671875
08:00:37,912810UC0,TSRYS5860825,D,B,C,2024-09-13,30370000.00,3.965188,104.9605375
08:00:37,912810UC0,TSRYS5860825,D,S,T,2024-09-13,1000000.00,3.962999,105.0
08:00:37,912810UC0,TSRYS5860825,D,S,T,2024-09-13,2000000.00,3.962999,105.0
08:00:37,912810UC0,TSRYS5860825,D,S,T,2024-09-13,1000000.00,3.962999,105.0
08:00:37,912810UC0,TSRYS5860825,D,S,T,2024-09-13,2000000.00,3.962999,105.0
08:00:37,912810UC0,TSRYS5860825,D,S,T,2024-09-13,1000000.00,3.962999,105.0
08:00:37,912810UC0,TSRYS5860825,D,S,T,2024-09-13,1000000.00,3.962999,105.0
08:00:37,912810UC0,TSRYS5860825,D,S,T,2024-09-13,1000000.00,3.962999,105.0
08:00:37,912810UC0,TSRYS5860825,D,S,T,2024-09-13,1000000.00,3.962999,105.0
08:00:37,912810UC0,TSRYS5860825,D,S,T,2024-09-13,1000000.00,3.962999,105.0
08:00:37,912810UC0,TSRYS5860825,D,S,T,2024-09-13,2000000.00,3.962999,105.0
08:00:37,912810UC0,TSRYS5860825,D,S,T,2024-09-13,1000000.00,3.962999,105.0
08:00:37,912810UC0,TSRYS5860825,D,S,T,2024-09-13,1000000.00,3.962999,105.0
08:00:37,912810UC0,TSRYS5860825,D,S,T,2024-09-13,1000000.00,3.962999,105.0
08:00:37,912810UC0,TSRYS5860825,D,S,T,2024-09-13,1000000.00,3.962999,105.0
08:00:37,912810UC0,TSRYS5860825,D,S,T,2024-09-13,1000000.00,3.962999,105.0
08:00:37,912810UC0,TSRYS5860825,D,S,T,2024-09-13,5000000.00,3.962999,105.0
08:00:37,912810UC0,TSRYS5860825,D,S,T,2024-09-13,2000000.00,3.962999,105.0
08:00:37,912810UC0,TSRYS5860825,D,S,T,2024-09-13,2000000.00,3.962999,105.0
08:00:37,912810UC0,TSRYS5860825,D,S,T,2024-09-13,1000000.00,3.962999,105.0
08:00:37,912810UC0,TSRYS5860825,D,S,T,2024-09-13,1000000.00,3.962999,105.0
08:00:37,912810UC0,TSRYS5860825,D,S,T,2024-09-13,1000000.00,3.962999,105.0
08:00:37,912810UC0,TSRYS5860825,D,S,D,2024-09-13,1000000.00,3.967333,104.921875
08:00:37,912810UC0,TSRYS5860825,D,S,T,2024-09-13,1000000.00,3.969501,104.8828125
08:00:37,912810UC0,TSRYS5860825,D,S,D,2024-09-13,1000000.00,3.972756,104.82421875
08:00:38,912810UC0,TSRYS5860825,D,S,T,2024-09-13,1000000.00,3.972539,104.828125
08:00:38,912810UC0,TSRYS5860825,D,S,T,2024-09-13,1000000.00,3.971671,104.84375
08:00:38,912810UC0,TSRYS5860825,D,B,A,2024-09-13,5000000.00,3.971671,104.84375
08:00:38,912810UC0,TSRYS5860825,D,S,T,2024-09-13,1000000.00,3.972539,104.828125
08:00:38,912810UC0,TSRYS5860825,D,S,T,2024-09-13,1000000.00,3.973407,104.8125
08:00:38,912810UC0,TSRYS5860825,D,S,T,2024-09-13,1000000.00,3.973407,104.8125
08:00:38,912810UC0,TSRYS5860825,D,S,T,2024-09-13,1000000.00,3.973407,104.8125
08:00:38,912810UC0,TSRYS5860825,D,S,T,2024-09-13,1000000.00,3.974275,104.796875
08:00:38,912810UC0,TSRYS5860825,D,S,T,2024-09-13,1000000.00,3.973407,104.8125
08:00:38,912810UC0,TSRYS5860825,D,S,T,2024-09-13,1000000.00,3.973407,104.8125
08:00:38,912810UC0,TSRYS5860825,D,S,T,2024-09-13,1000000.00,3.972539,104.828125
08:00:38,912810UC0,TSRYS5860825,D,S,T,2024-09-13,1000000.00,3.972322,104.83203125
08:00:38,912810UC0,TSRYS5860825,D,S,T,2024-09-13,1000000.00,3.974275,104.796875
08:00:38,912810UC0,TSRYS5860825,D,S,T,2024-09-13,1000000.00,3.974275,104.796875
08:00:38,912810UC0,TSRYS5860825,D,S,T,2024-09-13,1000000.00,3.973407,104.8125
08:00:38,912810UC0,TSRYS5860825,D,S,C,2024-09-13,3000000.00,3.969696,104.87930625
08:00:38,912810UC0,TSRYS5860825,D,S,C,2024-09-13,2500000.00,3.970369,104.8671875
08:00:38,912810UC0,TSRYS5860825,D,S,C,2024-09-13,2500000.00,3.971671,104.84375
08:00:38,912810UC0,TSRYS5860825,D,S,D,2024-09-13,22000000.00,3.972593,104.827148438
08:00:38,912810UC0,TSRYS5860825,D,S,D,2024-09-13,1000000.00,3.971671,104.84375
08:00:38,912810UC0,TSRYS5860825,D,B,A,2024-09-13,5000000.00,3.967766,104.9140625
08:00:38,912810UC0,TSRYS5860825,D,S,D,2024-09-13,1000000.00,3.9682,104.90625
08:00:38,912810UC0,TSRYS5860825,D,S,D,2024-09-13,8000000.00,3.964636,104.970486111
08:00:38,912810UC0,TSRYS5860825,D,S,D,2024-09-13,4000000.00,3.969393,104.884765625
08:00:38,912810UC0,TSRYS5860825,D,S,D,2024-09-13,3000000.00,3.970563,104.86368125
08:00:38,912810UC0,TSRYS5860825,D,S,D,2024-09-13,2500000.00,3.970369,104.8671875
08:00:39,912810UC0,TSRYS5860825,D,S,D,2024-09-13,2500000.00,3.971671,104.84375
08:00:39,912810UC0,TSRYS5860825,D,S,D,2024-09-13,10000000.00,3.971682,104.84355
08:00:39,912810UC0,TSRYS5860825,D,S,D,2024-09-13,10000000.00,3.970814,104.859175
08:00:39,912810UC0,TSRYS5860825,D,B,C,2024-09-13,10000000.00,3.970814,104.859175
08:00:39,912810UC0,TSRYS5860825,D,S,D,2024-09-13,5000000.00,3.965165,104.9609375
08:00:39,912810UC0,TSRYS5860825,D,S,D,2024-09-13,1000000.00,3.971237,104.8515625
08:00:39,912810UC0,TSRYS5860825,D,S,T,2024-09-13,1000000.00,3.971671,104.84375
08:00:39,912810UC0,TSRYS5860825,D,S,D,2024-09-13,1000000.00,3.972105,104.8359375
08:00:39,912810UC0,TSRYS5860825,D,S,D,2024-09-13,1000000.00,3.972105,104.8359375
08:00:39,912810UC0,TSRYS5860825,D,S,D,2024-09-13,2000000.00,3.972539,104.828125
08:00:39,912810UC0,TSRYS5860825,D,S,T,2024-09-13,1000000.00,3.972539,104.828125
08:00:39,912810UC0,TSRYS5860825,D,S,D,2024-09-13,1000000.00,3.969284,104.88671875
08:00:39,912810UC0,TSRYS5860825,D,S,C,2024-09-13,1000000.00,3.969067,104.890625
08:00:39,912810UC0,TSRYS5860825,D,S,C,2024-09-13,1000000.00,3.969067,104.890625
08:00:39,912810UC0,TSRYS5860825,D,S,D,2024-09-13,1000000.00,3.9682,104.90625
08:00:39,912810UC0,TSRYS5860825,D,S,C,2024-09-13,1000000.00,3.969067,104.890625
08:00:39,912810UC0,TSRYS5860825,D,S,C,2024-09-13,1000000.00,3.969067,104.890625
08:00:39,912810UC0,TSRYS5860825,D,S,C,2024-09-13,1000000.00,3.969067,104.890625
08:00:39,912810UC0,TSRYS5860825,D,S,D,2024-09-13,1000000.00,3.97102,104.85546875
08:00:39,912810UC0,TSRYS5860825,D,S,A,2024-09-13,5000000.00,3.9682,104.90625
08:00:40,912810UC0,TSRYS5860825,D,S,D,2024-09-13,1000000.00,3.970803,104.859375
08:00:40,912810UC0,TSRYS5860825,D,S,D,2024-09-13,1000000.00,3.970152,104.87109375
08:00:40,912810UC0,TSRYS5860825,D,S,D,2024-09-13,1000000.00,3.969935,104.875
08:00:40,912810UC0,TSRYS5860825,D,S,C,2024-09-13,5000000.00,3.971865,104.84024375
08:00:40,912810UC0,TSRYS5860825,D,B,C,2024-09-13,5000000.00,3.972995,104.8199125
08:00:40,912810UC0,TSRYS5860825,D,S,C,2024-09-13,50MM+,3.976447,104.7578125
08:00:40,912810UC0,TSRYS5860825,D,S,D,2024-09-13,10000000.00,3.979925,104.6953125
08:00:40,912810UC0,TSRYS5860825,D,B,C,2024-09-13,10000000.00,3.979925,104.6953125
08:00:40,912810UC0,TSRYS5860825,D,S,D,2024-09-13,28000000.00,3.967712,104.915039062
08:00:40,912810UC0,TSRYS5860825,D,S,C,2024-09-13,5000000.00,3.969067,104.890625
08:00:40,912810UC0,TSRYS5860825,D,S,C,2024-09-13,3000000.00,3.970563,104.86368125
08:00:40,912810UC0,TSRYS5860825,D,B,A,2024-09-13,10000000.00,3.962532,105.0078125
08:00:40,912810UC0,TSRYS5860825,D,S,T,2024-09-13,1000000.00,3.969609,104.880859375
08:00:40,912810UC0,TSRYS5860825,D,S,D,2024-09-13,14000000.00,3.96522,104.959960938
08:00:40,912810UC0,TSRYS5860825,D,S,D,2024-09-13,1000000.00,3.98123,104.671875
08:00:41,912810UC0,TSRYS5860825,D,S,D,2024-09-13,1000000.00,3.969935,104.875
08:00:41,912810UC0,TSRYS5860825,D,S,D,2024-09-13,6000000.00,3.965833,104.9489
08:00:41,912810UC0,TSRYS5860825,D,S,A,2024-09-13,10000000.00,3.967732,104.9140625
08:00:41,912810UC0,TSRYS5860825,D,B,C,2024-09-13,10000000.00,3.971682,104.84355
08:00:41,912810UC0,TSRYS5860825,D,B,C,2024-09-13,5000000.00,3.965165,104.9609375
08:00:41,912810UC0,TSRYS5860825,D,S,D,2024-09-13,1000000.00,3.962592,105.007347802
08:00:42,912810UC0,TSRYS5860825,D,S,D,2024-09-13,1000000.00,3.971237,104.8515625
08:00:42,912810UC0,TSRYS5860825,D,S,D,2024-09-13,2000000.00,3.966032,104.9453125
08:00:42,912810UC0,TSRYS5860825,D,S,A,2024-09-13,1300000.00,3.972105,104.8359375
08:00:42,912810UC0,TSRYS5860825,D,B,A,2024-09-13,5608000.00,3.970608,104.86288125
08:00:42,912810UC0,TSRYS5860825,D,S,D,2024-09-13,1000000.00,3.969501,104.8828125
08:00:42,912810UC0,TSRYS5860825,D,S,D,2024-09-13,1000000.00,3.969501,104.8828125
08:00:42,912810UC0,TSRYS5860825,D,S,D,2024-09-13,1000000.00,3.969501,104.8828125
08:00:42,912810UC0,TSRYS5860825,D,S,D,2024-09-13,5000000.00,3.972995,104.8199125
08:00:42,912810UC0,TSRYS5860825,D,S,D,2024-09-13,50MM+,3.976447,104.7578125
08:00:42,912810UC0,TSRYS5860825,D,S,T,2024-09-13,1000000.00,3.971562,104.845703125
08:00:42,912810UC0,TSRYS5860825,D,S,T,2024-09-13,1000000.00,3.971671,104.84375
08:00:42,912810UC0,TSRYS5860825,D,S,T,2024-09-13,1000000.00,3.971671,104.84375
08:00:42,912810UC0,TSRYS5860825,D,S,T,2024-09-13,1000000.00,3.971671,104.84375
08:00:42,912810UC0,TSRYS5860825,D,S,T,2024-09-13,1000000.00,3.970694,104.861328125
08:00:42,912810UC0,TSRYS5860825,D,S,T,2024-09-13,1000000.00,3.970803,104.859375
08:00:42,912810UC0,TSRYS5860825,D,S,T,2024-09-13,1000000.00,3.970477,104.865234375
08:00:42,912810UC0,TSRYS5860825,D,S,T,2024-09-13,1000000.00,3.970694,104.861328125
08:00:42,912810UC0,TSRYS5860825,D,S,D,2024-09-13,1000000.00,3.968417,104.90234375
08:00:42,912810UC0,TSRYS5860825,D,S,D,2024-09-13,1000000.00,3.968417,104.90234375
08:00:43,912810UC0,TSRYS5860825,D,S,T,2024-09-13,1000000.00,3.966357,104.939453125
08:00:43,912810UC0,TSRYS5860825,D,S,T,2024-09-13,1000000.00,3.966682,104.93359375
08:00:43,912810UC0,TSRYS5860825,D,S,D,2024-09-13,1000000.00,3.9682,104.90625
08:00:43,912810UC0,TSRYS5860825,D,S,D,2024-09-13,1000000.00,3.9682,104.90625
08:00:43,912810UC0,TSRYS5860825,D,S,D,2024-09-13,1000000.00,3.964082,104.98046875
08:00:43,912810UC0,TSRYS5860825,D,S,D,2024-09-13,1000000.00,3.962999,105.0
08:00:43,912810UC0,TSRYS5860825,D,S,D,2024-09-13,1000000.00,3.952834,105.18359375
08:00:43,912810UC0,TSRYS5860825,D,S,D,2024-09-13,1000000.00,3.951106,105.21484375
08:00:43,912810UC0,TSRYS5860825,D,S,T,2024-09-13,2000000.00,3.952618,105.1875
08:00:44,912810UC0,TSRYS5860825,D,S,T,2024-09-13,1000000.00,3.962242,105.013671875
08:00:44,912810UC0,TSRYS5860825,D,S,D,2024-09-13,1000000.00,3.969935,104.875
08:00:44,912810UC0,TSRYS5860825,D,S,D,2024-09-13,1000000.00,3.966466,104.9375
08:00:44,912810UC0,TSRYS5860825,D,S,D,2024-09-13,1000000.00,3.966466,104.9375
08:00:44,912810UC0,TSRYS5860825,D,S,D,2024-09-13,1000000.00,3.965599,104.953125
08:00:44,912810UC0,TSRYS5860825,D,S,T,2024-09-13,1000000.00,3.961267,105.03125
08:00:45,912810UC0,TSRYS5860825,D,B,A,2024-09-13,5608000.00,3.960207,105.05038125
08:00:45,912810UC0,TSRYS5860825,D,S,A,2024-09-13,2000000.00,3.959536,105.0625
08:00:45,912810UC0,TSRYS5860825,D,S,D,2024-09-13,1000000.00,3.96235,105.01171875
08:00:45,912810UC0,TSRYS5860825,D,S,D,2024-09-13,1000000.00,3.972973,104.8203125
08:00:46,912810UC0,TSRYS5860825,D,B,A,2024-09-13,5600000.00,3.967572,104.91756875
08:00:46,912810UC0,TSRYS5860825,D,S,T,2024-09-13,1000000.00,3.968634,104.8984375
08:00:46,912810UC0,TSRYS5860825,D,S,T,2024-09-13,1000000.00,3.968634,104.8984375
08:00:46,912810UC0,TSRYS5860825,D,S,T,2024-09-13,1000000.00,3.970803,104.859375
08:00:46,912810UC0,TSRYS5860825,D,S,D,2024-09-13,2000000.00,3.969935,104.875
08:00:46,912810UC0,TSRYS5860825,D,B,A,2024-09-13,10000000.00,3.96885,104.89453125
08:00:47,912810UC0,TSRYS5860825,D,S,D,2024-09-13,1000000.00,3.975361,104.77734375
08:00:47,912810UC0,TSRYS5860825,D,S,T,2024-09-13,1000000.00,3.971888,104.83984375
08:00:47,912810UC0,TSRYS5860825,D,S,T,2024-09-13,9000000.00,3.976882,104.75
08:00:47,912810UC0,TSRYS5860825,D,S,T,2024-09-13,1000000.00,3.976882,104.75
08:00:47,912810UC0,TSRYS5860825,D,S,D,2024-09-13,89000.00,3.976882,104.75
08:00:47,912810UC0,TSRYS5860825,D,S,D,2024-09-13,50MM+,3.976447,104.7578125
08:00:48,912810UC0,TSRYS5860825,D,S,D,2024-09-13,1000000.00,3.981665,104.6640625
08:00:48,912810UC0,TSRYS5860825,D,S,D,2024-09-13,1000000.00,3.981447,104.66796875
08:00:48,912810UC0,TSRYS5860825,D,S,D,2024-09-13,1000000.00,3.979925,104.6953125
08:00:48,912810UC0,TSRYS5860825,D,S,T,2024-09-13,1000000.00,3.964732,104.96875
08:00:48,912810UC0,TSRYS5860825,D,S,T,2024-09-13,1000000.00,3.980686,104.681640625
08:00:48,912810UC0,TSRYS5860825,D,S,T,2024-09-13,1000000.00,3.98036,104.6875
08:00:48,912810UC0,TSRYS5860825,D,S,T,2024-09-13,1000000.00,3.98036,104.6875
08:00:48,912810UC0,TSRYS5860825,D,S,T,2024-09-13,1000000.00,3.980251,104.689453125
08:00:48,912810UC0,TSRYS5860825,D,S,T,2024-09-13,1000000.00,3.980034,104.693359375
08:00:48,912810UC0,TSRYS5860825,D,S,T,2024-09-13,1000000.00,3.98036,104.6875
08:00:48,912810UC0,TSRYS5860825,D,S,D,2024-09-13,1000000.00,3.979381,104.705078125
08:00:48,912810UC0,TSRYS5860825,D,S,D,2024-09-13,1000000.00,3.982535,104.6484375
08:00:48,912810UC0,TSRYS5860825,D,S,D,2024-09-13,250000.00,3.967116,104.92578125
08:00:48,912810UC0,TSRYS5860825,D,S,T,2024-09-13,1000000.00,3.968417,104.90234375
08:00:48,912810UC0,TSRYS5860825,D,S,D,2024-09-13,1000000.00,3.968417,104.90234375
08:00:48,912810UC0,TSRYS5860825,D,S,T,2024-09-13,1000000.00,3.967983,104.91015625
08:00:48,912810UC0,TSRYS5860825,D,S,D,2024-09-13,1000000.00,3.969284,104.88671875
08:00:48,912810UC0,TSRYS5860825,D,S,D,2024-09-13,1000000.00,3.97102,104.85546875
08:00:48,912810UC0,TSRYS5860825,D,S,D,2024-09-13,1000000.00,3.971671,104.84375
08:00:48,912810UC0,TSRYS5860825,D,S,T,2024-09-13,1000000.00,3.972539,104.828125
08:00:48,912810UC0,TSRYS5860825,D,S,T,2024-09-13,1000000.00,3.972539,104.828125
08:00:48,912810UC0,TSRYS5860825,D,B,A,2024-09-13,5000000.00,3.971237,104.8515625
08:00:48,912810UC0,TSRYS5860825,D,S,T,2024-09-13,1000000.00,3.972105,104.8359375
08:00:48,912810UC0,TSRYS5860825,D,S,T,2024-09-13,1000000.00,3.972864,104.822265625
08:00:48,912810UC0,TSRYS5860825,D,S,T,2024-09-13,1000000.00,3.974275,104.796875
08:00:48,912810UC0,TSRYS5860825,D,S,T,2024-09-13,1000000.00,3.974275,104.796875
08:00:48,912810UC0,TSRYS5860825,D,S,T,2024-09-13,1000000.00,3.974275,104.796875
08:00:48,912810UC0,TSRYS5860825,D,S,T,2024-09-13,1000000.00,3.974275,104.796875
08:00:48,912810UC0,TSRYS5860825,D,S,T,2024-09-13,1000000.00,3.973407,104.8125
08:00:48,912810UC0,TSRYS5860825,D,S,T,2024-09-13,1000000.00,3.973407,104.8125
08:00:49,912810UC0,TSRYS5860825,D,S,T,2024-09-13,1000000.00,3.973407,104.8125
08:00:49,912810UC0,TSRYS5860825,D,S,T,2024-09-13,1000000.00,3.972539,104.828125
08:00:49,912810UC0,TSRYS5860825,D,S,T,2024-09-13,1000000.00,3.972539,104.828125
08:00:49,912810UC0,TSRYS5860825,D,S,T,2024-09-13,1000000.00,3.973733,104.806640625
08:00:49,912810UC0,TSRYS5860825,D,S,T,2024-09-13,1000000.00,3.973407,104.8125
08:00:49,912810UC0,TSRYS5860825,D,S,D,2024-09-13,1000000.00,3.961267,105.03125
08:00:49,912810UC0,TSRYS5860825,D,S,D,2024-09-13,2000000.00,3.9682,104.90625
08:00:49,912810UC0,TSRYS5860825,D,S,D,2024-09-13,1000000.00,3.968634,104.8984375
08:00:49,912810UC0,TSRYS5860825,D,S,D,2024-09-13,5000000.00,3.969067,104.890625
08:00:49,912810UC0,TSRYS5860825,D,S,D,2024-09-13,3000000.00,3.969696,104.87930625
08:00:49,912810UC0,TSRYS5860825,D,S,A,2024-09-13,20000.00,3.969718,104.87890625
08:00:50,912810UC0,TSRYS5860825,D,S,D,2024-09-13,1000000.00,3.971888,104.83984375
08:00:50,912810UC0,TSRYS5860825,D,S,T,2024-09-13,1000000.00,3.971671,104.84375
08:00:50,912810UC0,TSRYS5860825,D,S,D,2024-09-13,1000000.00,3.971888,104.83984375
08:00:50,912810UC0,TSRYS5860825,D,S,T,2024-09-13,1000000.00,3.971671,104.84375
08:00:50,912810UC0,TSRYS5860825,D,S,T,2024-09-13,1000000.00,3.971779,104.841796875
08:00:50,912810UC0,TSRYS5860825,D,S,T,2024-09-13,2000000.00,3.971779,104.841796875
08:00:50,912810UC0,TSRYS5860825,D,S,D,2024-09-13,1000000.00,3.971671,104.84375
08:00:50,912810UC0,TSRYS5860825,D,S,D,2024-09-13,1000000.00,3.971671,104.84375
08:00:50,912810UC0,TSRYS5860825,D,S,T,2024-09-13,1000000.00,3.971671,104.84375
08:00:50,912810UC0,TSRYS5860825,D,S,T,2024-09-13,2000000.00,3.969935,104.875
08:00:50,912810UC0,TSRYS5860825,D,S,A,2024-09-13,1000000.00,3.9682,104.90625
08:00:50,912810UC0,TSRYS5860825,D,S,D,2024-09-13,8000000.00,3.969718,104.87890625
08:00:50,912810UC0,TSRYS5860825,D,S,T,2024-09-13,1000000.00,3.970803,104.859375
08:00:50,912810UC0,TSRYS5860825,D,S,T,2024-09-13,1000000.00,3.970803,104.859375
08:00:50,912810UC0,TSRYS5860825,D,S,D,2024-09-13,1000000.00,3.970152,104.87109375
08:00:50,912810UC0,TSRYS5860825,D,S,D,2024-09-13,1000000.00,3.970152,104.87109375
08:00:51,912810UC0,TSRYS5860825,D,S,D,2024-09-13,1000000.00,3.964949,104.96484375
08:00:51,912810UC0,TSRYS5860825,D,S,D,2024-09-13,14000000.00,3.964516,104.97265625
08:00:51,912810UC0,TSRYS5860825,D,S,D,2024-09-13,1000000.00,3.966466,104.9375
08:00:51,912810UC0,TSRYS5860825,D,S,D,2024-09-13,6000000.00,3.964828,104.967013889
08:00:52,912810UC0,TSRYS5860825,D,S,A,2024-09-13,10000000.00,3.967732,104.9140625
08:00:52,912810UC0,TSRYS5860825,D,S,D,2024-09-13,1000000.00,3.967983,104.91015625
08:00:52,912810UC0,TSRYS5860825,D,S,T,2024-09-13,2000000.00,3.967333,104.921875
08:00:52,912810UC0,TSRYS5860825,D,S,C,2024-09-13,6000000.00,3.965833,104.9489
08:00:52,912810UC0,TSRYS5860825,D,S,D,2024-09-13,1000000.00,3.967766,104.9140625
08:00:52,912810UC0,TSRYS5860825,D,S,T,2024-09-13,1000000.00,3.967983,104.91015625
08:00:52,912810UC0,TSRYS5860825,D,S,T,2024-09-13,1000000.00,3.969067,104.890625
08:00:52,912810UC0,TSRYS5860825,D,B,A,2024-09-13,2000000.00,3.971237,104.8515625
08:00:52,912810UC0,TSRYS5860825,D,S,T,2024-09-13,1000000.00,3.971128,104.853515625
08:00:53,912810UC0,TSRYS5860825,D,S,D,2024-09-13,1000000.00,3.971888,104.83984375
08:00:53,912810UC0,TSRYS5860825,D,S,D,2024-09-13,1000000.00,3.971888,104.83984375
08:00:53,912810UC0,TSRYS5860825,D,S,D,2024-09-13,1000000.00,3.969935,104.875
08:00:53,912810UC0,TSRYS5860825,D,S,D,2024-09-13,1000000.00,3.969501,104.8828125
08:00:53,912810UC0,TSRYS5860825,D,B,A,2024-09-13,6000000.00,3.969067,104.890625
08:00:53,912810UC0,TSRYS5860825,D,S,T,2024-09-13,1000000.00,3.971671,104.84375
08:00:53,912810UC0,TSRYS5860825,D,S,T,2024-09-13,1000000.00,3.971671,104.84375
08:00:53,912810UC0,TSRYS5860825,D,S,T,2024-09-13,1000000.00,3.971671,104.84375
08:00:53,912810UC0,TSRYS5860825,D,S,T,2024-09-13,1000000.00,3.970586,104.86328125
08:00:53,912810UC0,TSRYS5860825,D,S,T,2024-09-13,1000000.00,3.970694,104.861328125
08:00:53,912810UC0,TSRYS5860825,D,S,T,2024-09-13,1000000.00,3.970803,104.859375
08:00:53,912810UC0,TSRYS5860825,D,S,T,2024-09-13,1000000.00,3.97026,104.869140625
08:00:53,912810UC0,TSRYS5860825,D,S,T,2024-09-13,1000000.00,3.970586,104.86328125
08:00:53,912810UC0,TSRYS5860825,D,S,T,2024-09-13,1000000.00,3.970803,104.859375
08:00:54,912810UC0,TSRYS5860825,D,B,A,2024-09-13,1000000.00,3.972322,104.83203125
08:00:54,912810UC0,TSRYS5860825,D,S,D,2024-09-13,1000000.00,3.966682,104.93359375
08:00:54,912810UC0,TSRYS5860825,D,S,T,2024-09-13,1000000.00,3.967008,104.927734375
08:00:54,912810UC0,TSRYS5860825,D,S,D,2024-09-13,1000000.00,3.966682,104.93359375
08:00:54,912810UC0,TSRYS5860825,D,S,T,2024-09-13,1000000.00,3.969073,104.890523
08:00:54,912810UC0,TSRYS5860825,D,S,T,2024-09-13,2000000.00,3.969073,104.890523
08:00:54,912810UC0,TSRYS5860825,D,S,T,2024-09-13,1000000.00,3.969073,104.890523
08:00:54,912810UC0,TSRYS5860825,D,S,T,2024-09-13,1000000.00,3.969073,104.890523
08:00:54,912810UC0,TSRYS5860825,D,S,T,2024-09-13,1000000.00,3.968206,104.906148
08:00:54,912810UC0,TSRYS5860825,D,S,D,2024-09-13,14000000.00,3.962133,105.015625
08:00:54,912810UC0,TSRYS5860825,D,S,D,2024-09-13,14000000.00,3.959248,105.067708333
08:00:54,912810UC0,TSRYS5860825,D,S,D,2024-09-13,1000000.00,3.972105,104.8359375
08:00:54,912810UC0,TSRYS5860825,D,S,D,2024-09-13,1000000.00,3.985364,104.59765625
08:00:55,912810UC0,TSRYS5860825,D,S,D,2024-09-13,1000000.00,3.952834,105.18359375
08:00:56,912810UC0,TSRYS5860825,D,S,D,2024-09-13,1000000.00,3.961267,105.03125
08:00:56,912810UC0,TSRYS5860825,D,S,D,2024-09-13,1000000.00,3.962566,105.0078125
08:00:56,912810UC0,TSRYS5860825,D,S,D,2024-09-13,1000000.00,3.973407,104.8125
08:00:56,912810UC0,TSRYS5860825,D,S,A,2024-09-13,200000.00,3.964082,104.98046875
08:00:56,912810UC0,TSRYS5860825,D,S,T,2024-09-13,2000000.00,3.966032,104.9453125
08:00:56,912810UC0,TSRYS5860825,D,S,D,2024-09-13,1000000.00,3.97862,104.71875
08:00:56,912810UC0,TSRYS5860825,D,S,D,2024-09-13,1000000.00,3.978403,104.72265625
08:00:56,912810UC0,TSRYS5860825,D,S,D,2024-09-13,1000000.00,3.978186,104.7265625
08:00:56,912810UC0,TSRYS5860825,D,S,D,2024-09-13,1000000.00,3.97862,104.71875
08:00:57,912810UC0,TSRYS5860825,D,S,T,2024-09-13,1000000.00,3.968634,104.8984375
08:00:57,912810UC0,TSRYS5860825,D,S,T,2024-09-13,1000000.00,3.968634,104.8984375
08:00:58,912810UC0,TSRYS5860825,D,S,D,2024-09-13,1000000.00,3.972105,104.8359375
08:00:58,912810UC0,TSRYS5860825,D,S,A,2024-09-13,3000000.00,3.972322,104.83203125
08:00:58,912810UC0,TSRYS5860825,D,S,D,2024-09-13,1000000.00,3.976882,104.75
08:00:58,912810UC0,TSRYS5860825,D,S,D,2024-09-13,1000000.00,3.97623,104.76171875
08:00:58,912810UC0,TSRYS5860825,D,S,D,2024-09-13,1000000.00,3.975144,104.78125
08:00:58,912810UC0,TSRYS5860825,D,S,D,2024-09-13,5000000.00,3.971865,104.84024375
08:00:58,912810UC0,TSRYS5860825,D,S,T,2024-09-13,1000000.00,3.972539,104.828125
08:00:58,912810UC0,TSRYS5860825,D,B,A,2024-09-13,5600000.00,3.974275,104.796875
08:00:58,912810UC0,TSRYS5860825,D,S,T,2024-09-13,1000000.00,3.972539,104.828125
08:00:58,912810UC0,TSRYS5860825,D,S,T,2024-09-13,1000000.00,3.968308,104.904296875
08:00:59,912810UC0,TSRYS5860825,D,S,D,2024-09-13,1000000.00,3.979925,104.6953125
08:00:59,912810UC0,TSRYS5860825,D,S,T,2024-09-13,2000000.00,3.979925,104.6953125
08:00:59,912810UC0,TSRYS5860825,D,S,T,2024-09-13,1000000.00,3.98036,104.6875
08:00:59,912810UC0,TSRYS5860825,D,S,T,2024-09-13,1000000.00,3.98036,104.6875
08:00:59,912810UC0,TSRYS5860825,D,S,T,2024-09-13,1000000.00,3.97949,104.703125
08:00:59,912810UC0,TSRYS5860825,D,S,T,2024-09-13,1000000.00,3.98036,104.6875
08:00:59,912810UC0,TSRYS5860825,D,S,T,2024-09-13,1000000.00,3.980142,104.69140625
08:00:59,912810UC0,TSRYS5860825,D,S,T,2024-09-13,1000000.00,3.980251,104.689453125
08:00:59,912810UC0,TSRYS5860825,D,S,T,2024-09-13,1000000.00,3.98036,104.6875
08:00:59,912810UC0,TSRYS5860825,D,S,T,2024-09-13,1000000.00,3.98036,104.6875
08:00:59,912810UC0,TSRYS5860825,D,S,D,2024-09-13,1000000.00,3.985364,104.59765625
08:01:00,912810UC0,TSRYS5860825,D,S,D,2024-09-13,1000000.00,3.984276,104.6171875
08:01:00,912810UC0,TSRYS5860825,D,S,D,2024-09-13,1000000.00,3.984276,104.6171875
08:01:01,912810UC0,TSRYS5860825,D,S,D,2024-09-13,1000000.00,3.969284,104.88671875
08:01:01,912810UC0,TSRYS5860825,D,S,D,2024-09-13,1000000.00,3.9682,104.90625
08:01:01,912810UC0,TSRYS5860825,D,S,D,2024-09-13,1000000.00,3.967333,104.921875
08:01:01,912810UC0,TSRYS5860825,D,S,D,2024-09-13,1000000.00,3.968417,104.90234375
08:01:01,912810UC0,TSRYS5860825,D,S,D,2024-09-13,1000000.00,3.971671,104.84375
08:01:01,912810UC0,TSRYS5860825,D,S,D,2024-09-13,1000000.00,3.9682,104.90625
08:01:01,912810UC0,TSRYS5860825,D,S,D,2024-09-13,1000000.00,3.97102,104.85546875
08:01:01,912810UC0,TSRYS5860825,D,S,D,2024-09-13,1000000.00,3.967333,104.921875
08:01:01,912810UC0,TSRYS5860825,D,S,D,2024-09-13,1000000.00,3.972756,104.82421875
08:01:01,912810UC0,TSRYS5860825,D,S,D,2024-09-13,1000000.00,3.9682,104.90625
08:01:01,912810UC0,TSRYS5860825,D,S,D,2024-09-13,2000000.00,3.9682,104.90625
08:01:01,912810UC0,TSRYS5860825,D,S,D,2024-09-13,1000000.00,3.971888,104.83984375
08:01:01,912810UC0,TSRYS5860825,D,S,D,2024-09-13,1000000.00,3.972105,104.8359375
08:01:01,912810UC0,TSRYS5860825,D,S,D,2024-09-13,1000000.00,3.968634,104.8984375
08:01:01,912810UC0,TSRYS5860825,D,S,D,2024-09-13,1000000.00,3.971888,104.83984375
08:01:01,912810UC0,TSRYS5860825,D,S,D,2024-09-13,1000000.00,3.972539,104.828125
08:01:01,912810UC0,TSRYS5860825,D,S,D,2024-09-13,1000000.00,3.9682,104.90625
08:01:01,912810UC0,TSRYS5860825,D,S,D,2024-09-13,1000000.00,3.972322,104.83203125
08:01:01,912810UC0,TSRYS5860825,D,S,D,2024-09-13,1000000.00,3.972105,104.8359375
08:01:01,912810UC0,TSRYS5860825,D,S,D,2024-09-13,1000000.00,3.969718,104.87890625
08:01:01,912810UC0,TSRYS5860825,D,S,D,2024-09-13,1000000.00,3.969501,104.8828125
08:01:01,912810UC0,TSRYS5860825,D,S,D,2024-09-13,1000000.00,3.972539,104.828125
08:01:01,912810UC0,TSRYS5860825,D,S,D,2024-09-13,1000000.00,3.970586,104.86328125
08:01:01,912810UC0,TSRYS5860825,D,S,D,2024-09-13,2000000.00,3.971671,104.84375
08:01:01,912810UC0,TSRYS5860825,D,S,D,2024-09-13,1000000.00,3.972105,104.8359375
08:01:01,912810UC0,TSRYS5860825,D,S,D,2024-09-13,1000000.00,3.971454,104.84765625
08:01:01,912810UC0,TSRYS5860825,D,S,D,2024-09-13,1000000.00,3.971671,104.84375
08:01:01,912810UC0,TSRYS5860825,D,S,D,2024-09-13,1000000.00,3.972105,104.8359375
08:01:01,912810UC0,TSRYS5860825,D,S,D,2024-09-13,1000000.00,3.973841,104.8046875
08:01:01,912810UC0,TSRYS5860825,D,S,D,2024-09-13,1000000.00,3.971454,104.84765625
08:01:01,912810UC0,TSRYS5860825,D,S,D,2024-09-13,2000000.00,3.972539,104.828125
08:01:01,912810UC0,TSRYS5860825,D,S,D,2024-09-13,1000000.00,3.972539,104.828125
08:01:01,912810UC0,TSRYS5860825,D,S,D,2024-09-13,1000000.00,3.972322,104.83203125
08:01:01,912810UC0,TSRYS5860825,D,S,C,2024-09-13,1000000.00,3.968634,104.8984375
08:01:01,912810UC0,TSRYS5860825,D,B,C,2024-09-13,1000000.00,3.970152,104.87109375
08:01:01,912810UC0,TSRYS5860825,D,S,D,2024-09-13,1000000.00,3.971888,104.83984375
08:01:01,912810UC0,TSRYS5860825,D,S,C,2024-09-13,1000000.00,3.968417,104.90234375
08:01:01,912810UC0,TSRYS5860825,D,S,C,2024-09-13,1000000.00,3.969935,104.875
08:01:01,912810UC0,TSRYS5860825,D,S,D,2024-09-13,1000000.00,3.971888,104.83984375
08:01:01,912810UC0,TSRYS5860825,D,S,C,2024-09-13,1000000.00,3.967983,104.91015625
08:01:01,912810UC0,TSRYS5860825,D,S,C,2024-09-13,1000000.00,3.969935,104.875
08:01:01,912810UC0,TSRYS5860825,D,S,C,2024-09-13,1000000.00,3.970369,104.8671875
08:01:01,912810UC0,TSRYS5860825,D,S,D,2024-09-13,1000000.00,3.970152,104.87109375
08:01:01,912810UC0,TSRYS5860825,D,S,C,2024-09-13,1000000.00,3.9682,104.90625
08:01:01,912810UC0,TSRYS5860825,D,S,C,2024-09-13,1000000.00,3.9682,104.90625
08:01:01,912810UC0,TSRYS5860825,D,S,C,2024-09-13,1000000.00,3.970152,104.87109375
08:01:01,912810UC0,TSRYS5860825,D,S,C,2024-09-13,1000000.00,3.970152,104.87109375
08:01:01,912810UC0,TSRYS5860825,D,S,C,2024-09-13,1000000.00,3.970152,104.87109375
08:01:01,912810UC0,TSRYS5860825,D,S,D,2024-09-13,1000000.00,3.969935,104.875
08:01:01,912810UC0,TSRYS5860825,D,S,C,2024-09-13,1000000.00,3.9682,104.90625
08:01:01,912810UC0,TSRYS5860825,D,S,C,2024-09-13,1000000.00,3.969935,104.875
08:01:01,912810UC0,TSRYS5860825,D,S,D,2024-09-13,3000000.00,3.970369,104.8671875
08:01:01,912810UC0,TSRYS5860825,D,S,D,2024-09-13,1000000.00,3.969067,104.890625
08:01:01,912810UC0,TSRYS5860825,D,S,D,2024-09-13,1000000.00,3.969067,104.890625
08:01:01,912810UC0,TSRYS5860825,D,S,D,2024-09-13,2000000.00,3.970369,104.8671875
08:01:01,912810UC0,TSRYS5860825,D,S,D,2024-09-13,1000000.00,3.970369,104.8671875
08:01:01,912810UC0,TSRYS5860825,D,S,D,2024-09-13,1000000.00,3.969935,104.875
08:01:01,912810UC0,TSRYS5860825,D,S,D,2024-09-13,1000000.00,3.969067,104.890625
08:01:01,912810UC0,TSRYS5860825,D,S,D,2024-09-13,1000000.00,3.970369,104.8671875
08:01:01,912810UC0,TSRYS5860825,D,B,C,2024-09-13,1000000.00,3.969935,104.875
08:01:01,912810UC0,TSRYS5860825,D,S,C,2024-09-13,1000000.00,3.970369,104.8671875
08:01:01,912810UC0,TSRYS5860825,D,S,C,2024-09-13,1000000.00,3.969935,104.875
08:01:01,912810UC0,TSRYS5860825,D,S,D,2024-09-13,1000000.00,3.969935,104.875
08:01:01,912810UC0,TSRYS5860825,D,S,D,2024-09-13,1000000.00,3.969935,104.875
08:01:02,912810UC0,TSRYS5860825,D,S,C,2024-09-13,1000000.00,3.969935,104.875
08:01:02,912810UC0,TSRYS5860825,D,S,D,2024-09-13,3000000.00,3.970369,104.8671875
08:01:02,912810UC0,TSRYS5860825,D,S,C,2024-09-13,1000000.00,3.970369,104.8671875
08:01:02,912810UC0,TSRYS5860825,D,S,C,2024-09-13,1000000.00,3.969935,104.875
08:01:02,912810UC0,TSRYS5860825,D,S,D,2024-09-13,1000000.00,3.970152,104.87109375
08:01:02,912810UC0,TSRYS5860825,D,S,C,2024-09-13,1000000.00,3.969935,104.875
08:01:02,912810UC0,TSRYS5860825,D,S,D,2024-09-13,2000000.00,3.970369,104.8671875
08:01:02,912810UC0,TSRYS5860825,D,S,C,2024-09-13,1000000.00,3.970586,104.86328125
08:01:02,912810UC0,TSRYS5860825,D,S,C,2024-09-13,1000000.00,3.969935,104.875
08:01:02,912810UC0,TSRYS5860825,D,S,D,2024-09-13,1000000.00,3.969935,104.875
08:01:02,912810UC0,TSRYS5860825,D,S,D,2024-09-13,1000000.00,3.970803,104.859375
08:01:02,912810UC0,TSRYS5860825,D,S,D,2024-09-13,1000000.00,3.964949,104.96484375
08:01:02,912810UC0,TSRYS5860825,D,S,D,2024-09-13,1000000.00,3.967333,104.921875
08:01:02,912810UC0,TSRYS5860825,D,S,D,2024-09-13,1000000.00,3.965599,104.953125
08:01:02,912810UC0,TSRYS5860825,D,S,D,2024-09-13,1000000.00,3.970152,104.87109375
08:01:02,912810UC0,TSRYS5860825,D,S,D,2024-09-13,1000000.00,3.963866,104.984375
08:01:02,912810UC0,TSRYS5860825,D,S,D,2024-09-13,1000000.00,3.969935,104.875
08:01:02,912810UC0,TSRYS5860825,D,S,C,2024-09-13,1000000.00,3.964732,104.96875
08:01:02,912810UC0,TSRYS5860825,D,S,D,2024-09-13,1000000.00,3.970152,104.87109375
08:01:02,912810UC0,TSRYS5860825,D,S,D,2024-09-13,1000000.00,3.976665,104.75390625
08:01:02,912810UC0,TSRYS5860825,D,S,D,2024-09-13,1000000.00,3.977099,104.74609375
08:01:02,912810UC0,TSRYS5860825,D,S,D,2024-09-13,1000000.00,3.977316,104.7421875
08:01:02,912810UC0,TSRYS5860825,D,S,D,2024-09-13,1000000.00,3.977968,104.73046875
08:01:03,912810UC0,TSRYS5860825,D,S,T,2024-09-13,1000000.00,3.960192,105.05065625
08:01:03,912810UC0,TSRYS5860825,D,S,T,2024-09-13,1000000.00,3.960192,105.05065625
08:01:03,912810UC0,TSRYS5860825,D,B,A,2024-09-13,300000.00,3.963433,104.9921875
08:01:03,912810UC0,TSRYS5860825,D,B,A,2024-09-13,200000.00,3.964082,104.98046875
08:01:03,912810UC0,TSRYS5860825,D,S,T,2024-09-13,1000000.00,3.961274,105.031125
08:01:04,912810UC0,TSRYS5860825,D,S,T,2024-09-13,1000000.00,3.963981,104.982296875
08:01:05,912810UC0,TSRYS5860825,D,S,C,2024-09-13,6000000.00,3.96988,104.87598
08:01:05,912810UC0,TSRYS5860825,D,B,A,2024-09-13,20000000.00,3.969986,104.875
08:01:05,912810UC0,TSRYS5860825,D,S,T,2024-09-13,1000000.00,3.969075,104.890495
08:01:05,912810UC0,TSRYS5860825,D,S,T,2024-09-13,5000000.00,3.969075,104.890495
08:01:05,912810UC0,TSRYS5860825,D,S,T,2024-09-13,1000000.00,3.967333,104.921875
08:01:05,912810UC0,TSRYS5860825,D,S,C,2024-09-13,3000000.00,3.968416,104.90235
08:01:05,912810UC0,TSRYS5860825,D,S,T,2024-09-13,1000000.00,3.969942,104.87487
08:01:06,912810UC0,TSRYS5860825,D,S,T,2024-09-13,1000000.00,3.969942,104.87487
08:01:06,912810UC0,TSRYS5860825,D,S,T,2024-09-13,1000000.00,3.969942,104.87487
08:01:06,912810UC0,TSRYS5860825,D,S,T,2024-09-13,1000000.00,3.969942,104.87487
08:01:06,912810UC0,TSRYS5860825,D,S,T,2024-09-13,1000000.00,3.97081,104.859245
08:01:06,912810UC0,TSRYS5860825,D,S,T,2024-09-13,1000000.00,3.97081,104.859245
08:01:06,912810UC0,TSRYS5860825,D,S,T,2024-09-13,1000000.00,3.97081,104.859245
08:01:07,912810UC0,TSRYS5860825,D,S,C,2024-09-13,7000000.00,3.97043,104.86608
08:01:07,912810UC0,TSRYS5860825,D,S,T,2024-09-13,1000000.00,3.97081,104.859245
08:01:07,912810UC0,TSRYS5860825,D,S,T,2024-09-13,1000000.00,3.968207,104.90612
08:01:07,912810UC0,TSRYS5860825,D,S,T,2024-09-13,1000000.00,3.968207,104.90612
08:01:08,912810UC0,TSRYS5860825,D,S,T,2024-09-13,1000000.00,3.96734,104.921745
08:01:09,912810UC0,TSRYS5860825,D,S,D,2024-09-13,1000000.00,3.972105,104.8359375
08:01:09,912810UC0,TSRYS5860825,D,S,D,2024-09-13,1000000.00,3.972105,104.8359375
08:01:09,912810UC0,TSRYS5860825,D,S,D,2024-09-13,1000000.00,3.971888,104.83984375
08:01:09,912810UC0,TSRYS5860825,D,S,D,2024-09-13,1000000.00,3.971888,104.83984375
08:01:09,912810UC0,TSRYS5860825,D,S,D,2024-09-13,1000000.00,3.972539,104.828125
08:01:09,912810UC0,TSRYS5860825,D,S,D,2024-09-13,1000000.00,3.972539,104.828125
08:01:09,912810UC0,TSRYS5860825,D,S,D,2024-09-13,1000000.00,3.972322,104.83203125
08:01:09,912810UC0,TSRYS5860825,D,S,D,2024-09-13,2000000.00,3.971671,104.84375
08:01:09,912810UC0,TSRYS5860825,D,S,D,2024-09-13,1000000.00,3.971671,104.84375
08:01:09,912810UC0,TSRYS5860825,D,S,D,2024-09-13,1000000.00,3.969935,104.875
