tradeTime,cusip,issueSymbolIdentifier,priceType,reportingSideCode,contraPartyTypeCode,tradeDate,reportedTradeVolume,lastSaleYield,lastSalePrice
08:00:03,912810UC0,TSRYS5860825,D,S,D,2024-09-06,1000000.00,4.020231,103.9765625
08:00:03,912810UC0,TSRYS5860825,D,S,D,2024-09-06,1000000.00,4.019682,103.986328125
08:00:03,912810UC0,TSRYS5860825,D,B,C,2024-09-06,1000000.00,4.017269,104.029296875
08:00:03,912810UC0,TSRYS5860825,D,S,T,2024-09-06,1000000.00,4.02078,103.966796875
08:00:03,912810UC0,TSRYS5860825,D,S,D,2024-09-06,1000000.00,4.019792,103.984375
08:00:03,912810UC0,TSRYS5860825,D,S,D,2024-09-06,1000000.00,4.019792,103.984375
08:00:03,912810UC0,TSRYS5860825,D,S,D,2024-09-06,1000000.00,4.019792,103.984375
08:00:03,912810UC0,TSRYS5860825,D,S,D,2024-09-06,1000000.00,4.019792,103.984375
08:00:03,912810UC0,TSRYS5860825,D,B,C,2024-09-06,1000000.00,4.02067,103.96875
08:00:03,912810UC0,TSRYS5860825,D,B,C,2024-09-06,1000000.00,4.02067,103.96875
08:00:03,912810UC0,TSRYS5860825,D,B,C,2024-09-06,1000000.00,4.02067,103.96875
08:00:03,912810UC0,TSRYS5860825,D,B,C,2024-09-06,1000000.00,4.02067,103.96875
08:00:03,912810UC0,TSRYS5860825,D,B,C,2024-09-06,1000000.00,4.02067,103.96875
08:00:03,912810UC0,TSRYS5860825,D,B,C,2024-09-06,1000000.00,4.020121,103.978515625
08:00:03,912810UC0,TSRYS5860825,D,S,T,2024-09-06,1000000.00,4.019792,103.984375
08:00:03,912810UC0,TSRYS5860825,D,B,C,2024-09-06,1000000.00,4.019902,103.982421875
08:00:03,912810UC0,TSRYS5860825,D,S,T,2024-09-06,1000000.00,4.019353,103.9921875
08:00:03,912810UC0,TSRYS5860825,D,B,C,2024-09-06,1000000.00,4.019024,103.998046875
08:00:03,912810UC0,TSRYS5860825,D,S,T,2024-09-06,1000000.00,4.018804,104.001953125
08:00:03,912810UC0,TSRYS5860825,D,S,T,2024-09-06,1000000.00,4.013761,104.091796875
08:00:03,912810UC0,TSRYS5860825,D,S,T,2024-09-06,1000000.00,4.013761,104.091796875
08:00:03,912810UC0,TSRYS5860825,D,S,D,2024-09-06,1000000.00,4.012995,104.10546875
08:00:03,912810UC0,TSRYS5860825,D,S,T,2024-09-06,1000000.00,4.009491,104.16796875
08:00:03,912810UC0,TSRYS5860825,D,S,T,2024-09-06,1000000.00,4.009272,104.171875
08:00:03,912810UC0,TSRYS5860825,D,S,T,2024-09-06,1000000.00,4.009272,104.171875
08:00:03,912810UC0,TSRYS5860825,D,S,T,2024-09-06,1000000.00,4.008396,104.1875
08:00:03,912810UC0,TSRYS5860825,D,S,T,2024-09-06,1000000.00,4.007193,104.208984375
08:00:03,912810UC0,TSRYS5860825,D,B,C,2024-09-06,1000000.00,4.007849,104.197265625
08:00:03,912810UC0,TSRYS5860825,D,S,T,2024-09-06,1000000.00,4.007521,104.203125
08:00:03,912810UC0,TSRYS5860825,D,B,C,2024-09-06,1000000.00,4.007849,104.197265625
08:00:03,912810UC0,TSRYS5860825,D,S,D,2024-09-06,1000000.00,4.007411,104.205078125
08:00:03,912810UC0,TSRYS5860825,D,B,C,2024-09-06,1000000.00,4.007849,104.197265625
08:00:03,912810UC0,TSRYS5860825,D,S,T,2024-09-06,1000000.00,4.007521,104.203125
08:00:03,912810UC0,TSRYS5860825,D,B,C,2024-09-06,1000000.00,4.006755,104.216796875
08:00:03,912810UC0,TSRYS5860825,D,B,C,2024-09-06,1000000.00,4.006536,104.220703125
08:00:03,912810UC0,TSRYS5860825,D,S,T,2024-09-06,1000000.00,4.005333,104.2421875
08:00:03,912810UC0,TSRYS5860825,D,S,T,2024-09-06,1000000.00,4.005661,104.236328125
08:00:03,912810UC0,TSRYS5860825,D,B,C,2024-09-06,1000000.00,4.006427,104.22265625
08:00:03,912810UC0,TSRYS5860825,D,B,C,2024-09-06,1000000.00,4.006427,104.22265625
08:00:03,912810UC0,TSRYS5860825,D,B,C,2024-09-06,1000000.00,4.006646,104.21875
08:00:03,912810UC0,TSRYS5860825,D,S,T,2024-09-06,1000000.00,4.006974,104.212890625
08:00:03,912810UC0,TSRYS5860825,D,S,T,2024-09-06,1000000.00,4.00588,104.232421875
08:00:03,912810UC0,TSRYS5860825,D,S,T,2024-09-06,1000000.00,4.005771,104.234375
08:00:03,912810UC0,TSRYS5860825,D,S,T,2024-09-06,1000000.00,4.005333,104.2421875
08:00:03,912810UC0,TSRYS5860825,D,S,D,2024-09-06,1000000.00,4.007193,104.208984375
08:00:03,912810UC0,TSRYS5860825,D,S,D,2024-09-06,1000000.00,3.996159,104.40625
08:00:03,912810UC0,TSRYS5860825,D,S,D,2024-09-06,1000000.00,3.996159,104.40625
08:00:03,912810UC0,TSRYS5860825,D,B,C,2024-09-06,1000000.00,3.995395,104.419921875
08:00:03,912810UC0,TSRYS5860825,D,S,T,2024-09-06,1000000.00,3.994413,104.4375
08:00:03,912810UC0,TSRYS5860825,D,B,C,2024-09-06,1000000.00,3.994086,104.443359375
08:00:03,912810UC0,TSRYS5860825,D,S,T,2024-09-06,1000000.00,3.993541,104.453125
08:00:03,912810UC0,TSRYS5860825,D,S,C,2024-09-06,1000000.00,3.997905,104.375
08:00:03,912810UC0,TSRYS5860825,D,B,C,2024-09-06,1000000.00,3.998014,104.373046875
08:00:03,912810UC0,TSRYS5860825,D,B,C,2024-09-06,1000000.00,3.998014,104.373046875
08:00:03,912810UC0,TSRYS5860825,D,B,C,2024-09-06,1000000.00,3.998014,104.373046875
08:00:03,912810UC0,TSRYS5860825,D,B,C,2024-09-06,1000000.00,3.998014,104.373046875
08:00:03,912810UC0,TSRYS5860825,D,S,T,2024-09-06,1000000.00,3.997031,104.390625
08:00:03,912810UC0,TSRYS5860825,D,B,C,2024-09-06,1000000.00,3.998123,104.37109375
08:00:03,912810UC0,TSRYS5860825,D,S,T,2024-09-06,1000000.00,3.997905,104.375
08:00:03,912810UC0,TSRYS5860825,D,B,C,2024-09-06,1000000.00,3.996486,104.400390625
08:00:03,912810UC0,TSRYS5860825,D,S,T,2024-09-06,1000000.00,3.996159,104.40625
08:00:03,912810UC0,TSRYS5860825,D,B,C,2024-09-06,1000000.00,3.996268,104.404296875
08:00:03,912810UC0,TSRYS5860825,D,S,T,2024-09-06,1000000.00,3.995722,104.4140625
08:00:03,912810UC0,TSRYS5860825,D,S,D,2024-09-06,1000000.00,3.995286,104.421875
08:00:03,912810UC0,TSRYS5860825,D,S,D,2024-09-06,1000000.00,3.993868,104.447265625
08:00:03,912810UC0,TSRYS5860825,D,S,D,2024-09-06,1000000.00,3.997905,104.375
08:00:03,912810UC0,TSRYS5860825,D,S,C,2024-09-06,1000000.00,3.997795,104.376953125
08:00:03,912810UC0,TSRYS5860825,D,S,D,2024-09-06,1000000.00,3.994631,104.43359375
08:00:03,912810UC0,TSRYS5860825,D,S,D,2024-09-06,1000000.00,3.994631,104.43359375
08:00:03,912810UC0,TSRYS5860825,D,S,D,2024-09-06,1000000.00,3.996159,104.40625
08:00:03,912810UC0,TSRYS5860825,D,S,C,2024-09-06,1000000.00,3.997905,104.375
08:00:03,912810UC0,TSRYS5860825,D,S,C,2024-09-06,1000000.00,3.997905,104.375
08:00:03,912810UC0,TSRYS5860825,D,S,C,2024-09-06,1000000.00,3.998232,104.369140625
08:00:03,912810UC0,TSRYS5860825,D,S,D,2024-09-06,1000000.00,3.993323,104.45703125
08:00:03,912810UC0,TSRYS5860825,D,S,D,2024-09-06,1000000.00,3.990816,104.501953125
08:00:03,912810UC0,TSRYS5860825,D,S,D,2024-09-06,1000000.00,3.991252,104.494140625
08:00:03,912810UC0,TSRYS5860825,D,S,D,2024-09-06,1000000.00,3.991252,104.494140625
08:00:03,912810UC0,TSRYS5860825,D,S,D,2024-09-06,1000000.00,3.987439,104.5625
08:00:03,912810UC0,TSRYS5860825,D,S,D,2024-09-06,1000000.00,3.987222,104.56640625
08:00:03,912810UC0,TSRYS5860825,D,S,D,2024-09-06,1000000.00,3.990162,104.513671875
08:00:03,912810UC0,TSRYS5860825,D,S,D,2024-09-06,1000000.00,3.990925,104.5
08:00:03,912810UC0,TSRYS5860825,D,S,D,2024-09-06,1000000.00,3.991906,104.482421875
08:00:03,912810UC0,TSRYS5860825,D,S,T,2024-09-06,1000000.00,3.991906,104.482421875
08:00:03,912810UC0,TSRYS5860825,D,S,T,2024-09-06,1000000.00,3.991688,104.486328125
08:00:03,912810UC0,TSRYS5860825,D,S,T,2024-09-06,1000000.00,3.991688,104.486328125
08:00:03,912810UC0,TSRYS5860825,D,S,T,2024-09-06,1000000.00,3.991688,104.486328125
08:00:03,912810UC0,TSRYS5860825,D,S,T,2024-09-06,1000000.00,3.988093,104.55078125
08:00:03,912810UC0,TSRYS5860825,D,S,D,2024-09-06,1000000.00,3.987113,104.568359375
08:00:03,912810UC0,TSRYS5860825,D,S,T,2024-09-06,1000000.00,3.987113,104.568359375
08:00:03,912810UC0,TSRYS5860825,D,S,T,2024-09-06,1000000.00,3.989291,104.529296875
08:00:03,912810UC0,TSRYS5860825,D,S,T,2024-09-06,1000000.00,3.989182,104.53125
08:00:03,912810UC0,TSRYS5860825,D,S,T,2024-09-06,1000000.00,3.989182,104.53125
08:00:03,912810UC0,TSRYS5860825,D,S,T,2024-09-06,1000000.00,3.98548,104.59765625
08:00:03,912810UC0,TSRYS5860825,D,S,D,2024-09-06,1000000.00,3.988528,104.54296875
08:00:03,912810UC0,TSRYS5860825,D,S,D,2024-09-06,1000000.00,3.988637,104.541015625
08:00:03,912810UC0,TSRYS5860825,D,S,D,2024-09-06,1000000.00,3.988528,104.54296875
08:00:03,912810UC0,TSRYS5860825,D,S,D,2024-09-06,1000000.00,3.988419,104.544921875
08:00:03,912810UC0,TSRYS5860825,D,S,T,2024-09-06,1000000.00,3.988419,104.544921875
08:00:03,912810UC0,TSRYS5860825,D,S,D,2024-09-06,1000000.00,3.988202,104.548828125
08:00:03,912810UC0,TSRYS5860825,D,S,T,2024-09-06,1000000.00,3.988855,104.537109375
08:00:03,912810UC0,TSRYS5860825,D,S,T,2024-09-06,1000000.00,3.988855,104.537109375
08:00:03,912810UC0,TSRYS5860825,D,S,T,2024-09-06,1000000.00,3.98831,104.546875
08:00:03,912810UC0,TSRYS5860825,D,S,T,2024-09-06,1000000.00,3.989617,104.5234375
08:00:03,912810UC0,TSRYS5860825,D,S,T,2024-09-06,1000000.00,3.98831,104.546875
08:00:03,912810UC0,TSRYS5860825,D,S,T,2024-09-06,1000000.00,3.987657,104.55859375
08:00:03,912810UC0,TSRYS5860825,D,S,T,2024-09-06,1000000.00,3.986242,104.583984375
08:00:03,912810UC0,TSRYS5860825,D,S,T,2024-09-06,1000000.00,3.986242,104.583984375
08:00:03,912810UC0,TSRYS5860825,D,S,T,2024-09-06,1000000.00,3.987875,104.5546875
08:00:03,912810UC0,TSRYS5860825,D,S,T,2024-09-06,1000000.00,3.987875,104.5546875
08:00:03,912810UC0,TSRYS5860825,D,S,T,2024-09-06,1000000.00,3.990598,104.505859375
08:00:03,912810UC0,TSRYS5860825,D,S,T,2024-09-06,1000000.00,3.988093,104.55078125
08:00:03,912810UC0,TSRYS5860825,D,S,D,2024-09-06,1000000.00,3.988093,104.55078125
08:00:03,912810UC0,TSRYS5860825,D,S,D,2024-09-06,1000000.00,3.987657,104.55859375
08:00:04,912810UC0,TSRYS5860825,D,S,T,2024-09-06,1000000.00,3.989182,104.53125
08:00:06,912810UC0,TSRYS5860825,D,S,T,2024-09-06,1000000.00,3.984827,104.609375
08:00:07,912810UC0,TSRYS5860825,D,S,D,2024-09-06,1000000.00,4.02045,103.97265625
08:00:07,912810UC0,TSRYS5860825,D,S,D,2024-09-06,2000000.00,4.020231,103.9765625
08:00:07,912810UC0,TSRYS5860825,D,S,D,2024-09-06,1000000.00,4.02045,103.97265625
08:00:07,912810UC0,TSRYS5860825,D,S,D,2024-09-06,2000000.00,4.020231,103.9765625
08:00:08,912810UC0,TSRYS5860825,D,B,A,2024-09-06,10000000.00,4.009272,104.171875
08:00:10,912810UC0,TSRYS5860825,D,S,T,2024-09-06,1000000.00,3.990925,104.5
08:00:10,912810UC0,TSRYS5860825,D,S,T,2024-09-06,1000000.00,3.984827,104.609375
08:00:12,912810UC0,TSRYS5860825,D,S,D,2024-09-06,1000000.00,4.019792,103.984375
08:00:12,912810UC0,TSRYS5860825,D,S,D,2024-09-06,1000000.00,4.019134,103.99609375
08:00:13,912810UC0,TSRYS5860825,D,S,D,2024-09-06,1000000.00,4.019792,103.984375
08:00:13,912810UC0,TSRYS5860825,D,S,D,2024-09-06,1000000.00,3.994413,104.4375
08:00:13,912810UC0,TSRYS5860825,D,S,D,2024-09-06,1000000.00,4.019792,103.984375
08:00:13,912810UC0,TSRYS5860825,D,S,D,2024-09-06,1000000.00,3.994631,104.43359375
08:00:13,912810UC0,TSRYS5860825,D,S,D,2024-09-06,1000000.00,3.992996,104.462890625
08:00:13,912810UC0,TSRYS5860825,D,S,D,2024-09-06,1000000.00,4.020231,103.9765625
08:00:13,912810UC0,TSRYS5860825,D,S,D,2024-09-06,1000000.00,3.992996,104.462890625
08:00:13,912810UC0,TSRYS5860825,D,S,D,2024-09-06,1000000.00,3.992996,104.462890625
08:00:13,912810UC0,TSRYS5860825,D,S,D,2024-09-06,1000000.00,3.993105,104.4609375
08:00:13,912810UC0,TSRYS5860825,D,S,D,2024-09-06,1000000.00,3.993105,104.4609375
08:00:13,912810UC0,TSRYS5860825,D,B,C,2024-09-06,125000.00,4.02067,103.96875
08:00:14,912810UC0,TSRYS5860825,D,S,T,2024-09-06,1000000.00,4.019682,103.986328125
08:00:14,912810UC0,TSRYS5860825,D,S,T,2024-09-06,2000000.00,4.015405,104.0625
08:00:14,912810UC0,TSRYS5860825,D,S,T,2024-09-06,1000000.00,4.017159,104.03125
08:00:14,912810UC0,TSRYS5860825,D,S,T,2024-09-06,1000000.00,4.017159,104.03125
08:00:14,912810UC0,TSRYS5860825,D,S,T,2024-09-06,1000000.00,4.018037,104.015625
08:00:14,912810UC0,TSRYS5860825,D,S,T,2024-09-06,1000000.00,4.018914,104.0
08:00:14,912810UC0,TSRYS5860825,D,S,T,2024-09-06,1000000.00,4.02067,103.96875
08:00:15,912810UC0,TSRYS5860825,D,S,T,2024-09-06,1000000.00,4.015405,104.0625
08:00:15,912810UC0,TSRYS5860825,D,S,T,2024-09-06,1000000.00,4.013652,104.09375
08:00:15,912810UC0,TSRYS5860825,D,S,D,2024-09-06,1000000.00,4.01409,104.0859375
08:00:15,912810UC0,TSRYS5860825,D,S,T,2024-09-06,1000000.00,4.01409,104.0859375
08:00:15,912810UC0,TSRYS5860825,D,S,T,2024-09-06,1000000.00,4.007193,104.208984375
08:00:15,912810UC0,TSRYS5860825,D,S,T,2024-09-06,1000000.00,4.007521,104.203125
08:00:15,912810UC0,TSRYS5860825,D,S,T,2024-09-06,1000000.00,4.006864,104.21484375
08:00:15,912810UC0,TSRYS5860825,D,S,T,2024-09-06,1000000.00,4.004896,104.25
08:00:15,912810UC0,TSRYS5860825,D,S,T,2024-09-06,1000000.00,4.004896,104.25
08:00:15,912810UC0,TSRYS5860825,D,S,T,2024-09-06,1000000.00,3.999651,104.34375
08:00:15,912810UC0,TSRYS5860825,D,S,T,2024-09-06,1000000.00,3.997905,104.375
08:00:15,912810UC0,TSRYS5860825,D,S,T,2024-09-06,1000000.00,3.996159,104.40625
08:00:15,912810UC0,TSRYS5860825,D,S,T,2024-09-06,1000000.00,3.997905,104.375
08:00:15,912810UC0,TSRYS5860825,D,S,T,2024-09-06,1000000.00,3.995286,104.421875
08:00:15,912810UC0,TSRYS5860825,D,S,D,2024-09-06,1000000.00,3.997905,104.375
08:00:15,912810UC0,TSRYS5860825,D,S,T,2024-09-06,1000000.00,3.998123,104.37109375
08:00:15,912810UC0,TSRYS5860825,D,S,T,2024-09-06,1000000.00,3.997905,104.375
08:00:15,912810UC0,TSRYS5860825,D,S,T,2024-09-06,1000000.00,3.995722,104.4140625
08:00:15,912810UC0,TSRYS5860825,D,S,T,2024-09-06,1000000.00,3.995722,104.4140625
08:00:15,912810UC0,TSRYS5860825,D,S,T,2024-09-06,1000000.00,3.995395,104.419921875
08:00:15,912810UC0,TSRYS5860825,D,S,T,2024-09-06,1000000.00,3.991034,104.498046875
08:00:15,912810UC0,TSRYS5860825,D,S,T,2024-09-06,1000000.00,3.993868,104.447265625
08:00:15,912810UC0,TSRYS5860825,D,S,T,2024-09-06,1000000.00,3.993868,104.447265625
08:00:15,912810UC0,TSRYS5860825,D,S,T,2024-09-06,1000000.00,3.993868,104.447265625
08:00:15,912810UC0,TSRYS5860825,D,S,T,2024-09-06,1000000.00,3.993977,104.4453125
08:00:15,912810UC0,TSRYS5860825,D,S,D,2024-09-06,1000000.00,3.993977,104.4453125
08:00:15,912810UC0,TSRYS5860825,D,S,T,2024-09-06,1000000.00,3.993977,104.4453125
08:00:15,912810UC0,TSRYS5860825,D,S,T,2024-09-06,1000000.00,3.993977,104.4453125
08:00:15,912810UC0,TSRYS5860825,D,S,T,2024-09-06,1000000.00,3.986568,104.578125
08:00:15,912810UC0,TSRYS5860825,D,S,T,2024-09-06,1000000.00,3.987004,104.5703125
08:00:15,912810UC0,TSRYS5860825,D,S,T,2024-09-06,1000000.00,3.987004,104.5703125
08:00:15,912810UC0,TSRYS5860825,D,S,T,2024-09-06,1000000.00,3.986568,104.578125
08:00:15,912810UC0,TSRYS5860825,D,S,T,2024-09-06,1000000.00,3.990053,104.515625
08:00:15,912810UC0,TSRYS5860825,D,S,T,2024-09-06,1000000.00,3.988093,104.55078125
08:00:15,912810UC0,TSRYS5860825,D,S,T,2024-09-06,1000000.00,3.987439,104.5625
08:00:15,912810UC0,TSRYS5860825,D,S,T,2024-09-06,1000000.00,3.987657,104.55859375
08:00:15,912810UC0,TSRYS5860825,D,S,T,2024-09-06,1000000.00,3.987657,104.55859375
08:00:15,912810UC0,TSRYS5860825,D,S,T,2024-09-06,1000000.00,3.987875,104.5546875
08:00:15,912810UC0,TSRYS5860825,D,S,T,2024-09-06,1000000.00,3.987439,104.5625
08:00:17,912810UC0,TSRYS5860825,D,S,C,2024-09-06,1000000.00,4.019792,103.984375
08:00:17,912810UC0,TSRYS5860825,D,S,C,2024-09-06,1000000.00,4.019792,103.984375
08:00:17,912810UC0,TSRYS5860825,D,S,C,2024-09-06,1000000.00,4.019792,103.984375
08:00:17,912810UC0,TSRYS5860825,D,S,C,2024-09-06,1000000.00,4.019792,103.984375
08:00:17,912810UC0,TSRYS5860825,D,S,C,2024-09-06,1000000.00,4.019792,103.984375
08:00:17,912810UC0,TSRYS5860825,D,S,C,2024-09-06,1000000.00,4.019792,103.984375
08:00:17,912810UC0,TSRYS5860825,D,S,C,2024-09-06,1000000.00,4.019792,103.984375
08:00:17,912810UC0,TSRYS5860825,D,S,C,2024-09-06,1000000.00,4.019792,103.984375
08:00:17,912810UC0,TSRYS5860825,D,S,C,2024-09-06,1000000.00,4.019792,103.984375
08:00:17,912810UC0,TSRYS5860825,D,S,D,2024-09-06,1000000.00,4.018914,104.0
08:00:17,912810UC0,TSRYS5860825,D,S,C,2024-09-06,1000000.00,4.019792,103.984375
08:00:17,912810UC0,TSRYS5860825,D,S,D,2024-09-06,2000000.00,3.991797,104.484375
08:00:17,912810UC0,TSRYS5860825,D,S,D,2024-09-06,2000000.00,3.992015,104.48046875
08:00:18,912810UC0,TSRYS5860825,D,S,D,2024-09-06,1000000.00,3.987004,104.5703125
08:00:18,912810UC0,TSRYS5860825,D,S,D,2024-09-06,1000000.00,3.987222,104.56640625
08:00:18,912810UC0,TSRYS5860825,D,S,A,2024-09-06,900000.00,4.018914,104.0
08:00:18,912810UC0,TSRYS5860825,D,S,A,2024-09-06,250000.00,4.018914,104.0
08:00:21,912810UC0,TSRYS5860825,D,S,D,2024-09-06,1000000.00,4.02067,103.96875
08:00:21,912810UC0,TSRYS5860825,D,S,D,2024-09-06,1000000.00,4.02067,103.96875
08:00:21,912810UC0,TSRYS5860825,D,S,D,2024-09-06,1000000.00,4.019792,103.984375
08:00:21,912810UC0,TSRYS5860825,D,B,A,2024-09-06,15000000.00,4.022252,103.94140625
08:00:22,912810UC0,TSRYS5860825,D,B,C,2024-09-06,250000.00,4.020231,103.9765625
08:00:22,912810UC0,TSRYS5860825,D,B,C,2024-09-06,125000.00,4.023305,103.921875
08:00:23,912810UC0,TSRYS5860825,D,S,D,2024-09-06,5000000.00,3.988136,104.55
08:00:23,912810UC0,TSRYS5860825,D,S,D,2024-09-06,1000000.00,3.987766,104.556640625
08:00:25,912810UC0,TSRYS5860825,D,S,D,2024-09-06,1000000.00,4.005771,104.234375
08:00:26,912810UC0,TSRYS5860825,D,S,A,2024-09-06,30000000.00,4.022033,103.9453125
08:00:27,912810UC0,TSRYS5860825,D,S,C,2024-09-06,250000.00,4.02067,103.96875
08:00:28,912810UC0,TSRYS5860825,D,B,C,2024-09-06,125000.00,4.019572,103.98828125
08:00:29,912810UC0,TSRYS5860825,D,S,T,2024-09-06,1000000.00,4.019792,103.984375
08:00:29,912810UC0,TSRYS5860825,D,S,T,2024-09-06,1000000.00,4.016282,104.046875
08:00:29,912810UC0,TSRYS5860825,D,S,T,2024-09-06,1000000.00,4.016282,104.046875
08:00:29,912810UC0,TSRYS5860825,D,S,T,2024-09-06,1000000.00,4.018037,104.015625
08:00:29,912810UC0,TSRYS5860825,D,S,T,2024-09-06,1000000.00,4.018037,104.015625
08:00:29,912810UC0,TSRYS5860825,D,S,T,2024-09-06,1000000.00,4.018914,104.0
08:00:29,912810UC0,TSRYS5860825,D,S,T,2024-09-06,1000000.00,3.996159,104.40625
08:00:29,912810UC0,TSRYS5860825,D,S,T,2024-09-06,1000000.00,3.997031,104.390625
08:00:29,912810UC0,TSRYS5860825,D,S,T,2024-09-06,1000000.00,3.987439,104.5625
08:00:29,912810UC0,TSRYS5860825,D,S,T,2024-09-06,1000000.00,3.987439,104.5625
08:00:29,912810UC0,TSRYS5860825,D,S,T,2024-09-06,1000000.00,3.987439,104.5625
08:00:29,912810UC0,TSRYS5860825,D,S,T,2024-09-06,1000000.00,3.990053,104.515625
08:00:29,912810UC0,TSRYS5860825,D,S,T,2024-09-06,1000000.00,3.985698,104.59375
08:00:29,912810UC0,TSRYS5860825,D,S,T,2024-09-06,1000000.00,3.986568,104.578125
08:00:29,912810UC0,TSRYS5860825,D,S,T,2024-09-06,1000000.00,3.989182,104.53125
08:00:29,912810UC0,TSRYS5860825,D,S,T,2024-09-06,1000000.00,3.989182,104.53125
08:00:29,912810UC0,TSRYS5860825,D,S,T,2024-09-06,1000000.00,3.989182,104.53125
08:00:29,912810UC0,TSRYS5860825,D,S,T,2024-09-06,1000000.00,3.990053,104.515625
08:00:29,912810UC0,TSRYS5860825,D,S,T,2024-09-06,1000000.00,3.989182,104.53125
08:00:29,912810UC0,TSRYS5860825,D,S,D,2024-09-06,1000000.00,4.006646,104.21875
08:00:29,912810UC0,TSRYS5860825,D,S,D,2024-09-06,1000000.00,4.020011,103.98046875
08:00:29,912810UC0,TSRYS5860825,D,S,T,2024-09-06,1000000.00,4.014528,104.078125
08:00:29,912810UC0,TSRYS5860825,D,S,T,2024-09-06,1000000.00,4.014528,104.078125
08:00:29,912810UC0,TSRYS5860825,D,S,T,2024-09-06,1000000.00,4.015844,104.0546875
08:00:30,912810UC0,TSRYS5860825,D,S,D,2024-09-06,3000000.00,4.007083,104.2109375
08:00:30,912810UC0,TSRYS5860825,D,S,D,2024-09-06,1000000.00,4.001836,104.3046875
08:00:30,912810UC0,TSRYS5860825,D,S,T,2024-09-06,1000000.00,3.99725,104.38671875
08:00:30,912810UC0,TSRYS5860825,D,S,D,2024-09-06,1000000.00,3.997905,104.375
08:00:30,912810UC0,TSRYS5860825,D,S,D,2024-09-06,1000000.00,3.998778,104.359375
08:00:30,912810UC0,TSRYS5860825,D,S,D,2024-09-06,1000000.00,3.997905,104.375
08:00:30,912810UC0,TSRYS5860825,D,S,D,2024-09-06,1000000.00,3.992669,104.46875
08:00:30,912810UC0,TSRYS5860825,D,S,D,2024-09-06,1000000.00,3.997905,104.375
08:00:30,912810UC0,TSRYS5860825,D,S,D,2024-09-06,1000000.00,4.002273,104.296875
08:00:30,912810UC0,TSRYS5860825,D,S,D,2024-09-06,1000000.00,3.99987,104.33984375
08:00:30,912810UC0,TSRYS5860825,D,S,T,2024-09-06,1000000.00,3.983195,104.638671875
08:00:30,912810UC0,TSRYS5860825,D,S,D,2024-09-06,1000000.00,3.989617,104.5234375
08:00:30,912810UC0,TSRYS5860825,D,S,D,2024-09-06,1000000.00,3.988528,104.54296875
08:00:30,912810UC0,TSRYS5860825,D,S,D,2024-09-06,1000000.00,3.990053,104.515625
08:00:30,912810UC0,TSRYS5860825,D,S,T,2024-09-06,1000000.00,4.02067,103.96875
08:00:30,912810UC0,TSRYS5860825,D,S,T,2024-09-06,1000000.00,4.024183,103.90625
08:00:30,912810UC0,TSRYS5860825,D,S,T,2024-09-06,1000000.00,4.024183,103.90625
08:00:30,912810UC0,TSRYS5860825,D,S,T,2024-09-06,1000000.00,4.018914,104.0
08:00:30,912810UC0,TSRYS5860825,D,S,D,2024-09-06,1000000.00,4.021548,103.953125
08:00:30,912810UC0,TSRYS5860825,D,S,D,2024-09-06,1000000.00,4.021109,103.9609375
08:00:30,912810UC0,TSRYS5860825,D,S,D,2024-09-06,1000000.00,4.022426,103.9375
08:00:30,912810UC0,TSRYS5860825,D,S,T,2024-09-06,2000000.00,4.018037,104.015625
08:00:30,912810UC0,TSRYS5860825,D,S,T,2024-09-06,1000000.00,4.016282,104.046875
08:00:30,912810UC0,TSRYS5860825,D,S,T,2024-09-06,1000000.00,4.016282,104.046875
08:00:30,912810UC0,TSRYS5860825,D,S,T,2024-09-06,1000000.00,4.016282,104.046875
08:00:30,912810UC0,TSRYS5860825,D,S,T,2024-09-06,1000000.00,4.016282,104.046875
08:00:30,912810UC0,TSRYS5860825,D,S,T,2024-09-06,1000000.00,4.018037,104.015625
08:00:30,912810UC0,TSRYS5860825,D,S,T,2024-09-06,1000000.00,4.018037,104.015625
08:00:30,912810UC0,TSRYS5860825,D,S,T,2024-09-06,1000000.00,4.018037,104.015625
08:00:30,912810UC0,TSRYS5860825,D,S,T,2024-09-06,1000000.00,4.018037,104.015625
08:00:30,912810UC0,TSRYS5860825,D,S,T,2024-09-06,1000000.00,4.018037,104.015625
08:00:30,912810UC0,TSRYS5860825,D,S,T,2024-09-06,1000000.00,4.018037,104.015625
08:00:30,912810UC0,TSRYS5860825,D,S,T,2024-09-06,1000000.00,4.018037,104.015625
08:00:30,912810UC0,TSRYS5860825,D,S,T,2024-09-06,1000000.00,4.018914,104.0
08:00:30,912810UC0,TSRYS5860825,D,S,T,2024-09-06,1000000.00,4.018914,104.0
08:00:30,912810UC0,TSRYS5860825,D,S,T,2024-09-06,1000000.00,4.018914,104.0
08:00:30,912810UC0,TSRYS5860825,D,S,T,2024-09-06,1000000.00,4.018914,104.0
08:00:30,912810UC0,TSRYS5860825,D,S,T,2024-09-06,1000000.00,4.018914,104.0
08:00:30,912810UC0,TSRYS5860825,D,S,T,2024-09-06,1000000.00,4.02067,103.96875
08:00:30,912810UC0,TSRYS5860825,D,S,T,2024-09-06,1000000.00,4.022426,103.9375
08:00:30,912810UC0,TSRYS5860825,D,S,T,2024-09-06,1000000.00,4.020341,103.974609375
08:00:30,912810UC0,TSRYS5860825,D,S,T,2024-09-06,1000000.00,4.018914,104.0
08:00:30,912810UC0,TSRYS5860825,D,S,T,2024-09-06,1000000.00,4.018914,104.0
08:00:30,912810UC0,TSRYS5860825,D,S,T,2024-09-06,1000000.00,4.018914,104.0
08:00:30,912810UC0,TSRYS5860825,D,S,T,2024-09-06,1000000.00,4.018914,104.0
08:00:30,912810UC0,TSRYS5860825,D,S,T,2024-09-06,1000000.00,4.018914,104.0
08:00:30,912810UC0,TSRYS5860825,D,S,T,2024-09-06,1000000.00,4.019792,103.984375
08:00:30,912810UC0,TSRYS5860825,D,S,T,2024-09-06,1000000.00,4.019792,103.984375
08:00:30,912810UC0,TSRYS5860825,D,S,T,2024-09-06,1000000.00,4.018914,104.0
08:00:30,912810UC0,TSRYS5860825,D,S,T,2024-09-06,1000000.00,4.018914,104.0
08:00:30,912810UC0,TSRYS5860825,D,S,T,2024-09-06,1000000.00,4.019024,103.998046875
08:00:30,912810UC0,TSRYS5860825,D,S,T,2024-09-06,1000000.00,4.016282,104.046875
08:00:30,912810UC0,TSRYS5860825,D,S,T,2024-09-06,1000000.00,4.016282,104.046875
08:00:30,912810UC0,TSRYS5860825,D,S,T,2024-09-06,1000000.00,4.017159,104.03125
08:00:30,912810UC0,TSRYS5860825,D,S,T,2024-09-06,1000000.00,4.016282,104.046875
08:00:30,912810UC0,TSRYS5860825,D,S,T,2024-09-06,1000000.00,4.014528,104.078125
08:00:30,912810UC0,TSRYS5860825,D,S,T,2024-09-06,1000000.00,4.015405,104.0625
08:00:30,912810UC0,TSRYS5860825,D,S,T,2024-09-06,1000000.00,4.015844,104.0546875
08:00:30,912810UC0,TSRYS5860825,D,S,T,2024-09-06,1000000.00,4.015734,104.056640625
08:00:30,912810UC0,TSRYS5860825,D,S,T,2024-09-06,1000000.00,4.015624,104.05859375
08:00:30,912810UC0,TSRYS5860825,D,S,T,2024-09-06,1000000.00,4.015515,104.060546875
08:00:30,912810UC0,TSRYS5860825,D,S,T,2024-09-06,1000000.00,4.015405,104.0625
08:00:30,912810UC0,TSRYS5860825,D,S,T,2024-09-06,1000000.00,4.016282,104.046875
08:00:30,912810UC0,TSRYS5860825,D,S,T,2024-09-06,1000000.00,4.013652,104.09375
08:00:30,912810UC0,TSRYS5860825,D,S,T,2024-09-06,1000000.00,4.014528,104.078125
08:00:30,912810UC0,TSRYS5860825,D,S,T,2024-09-06,1000000.00,4.014528,104.078125
08:00:30,912810UC0,TSRYS5860825,D,S,T,2024-09-06,1000000.00,4.014528,104.078125
08:00:30,912810UC0,TSRYS5860825,D,S,D,2024-09-06,1000000.00,4.010585,104.1484375
08:00:30,912810UC0,TSRYS5860825,D,S,D,2024-09-06,2000000.00,4.009053,104.17578125
08:00:30,912810UC0,TSRYS5860825,D,S,D,2024-09-06,2000000.00,4.009053,104.17578125
08:00:30,912810UC0,TSRYS5860825,D,S,T,2024-09-06,1000000.00,3.986568,104.578125
08:00:30,912810UC0,TSRYS5860825,D,S,T,2024-09-06,1000000.00,4.008396,104.1875
08:00:30,912810UC0,TSRYS5860825,D,S,T,2024-09-06,1000000.00,4.007302,104.20703125
08:00:30,912810UC0,TSRYS5860825,D,S,T,2024-09-06,1000000.00,4.007193,104.208984375
08:00:30,912810UC0,TSRYS5860825,D,S,T,2024-09-06,1000000.00,4.007521,104.203125
08:00:30,912810UC0,TSRYS5860825,D,S,T,2024-09-06,1000000.00,4.006646,104.21875
08:00:30,912810UC0,TSRYS5860825,D,S,T,2024-09-06,1000000.00,4.006646,104.21875
08:00:30,912810UC0,TSRYS5860825,D,S,T,2024-09-06,1000000.00,4.006646,104.21875
08:00:30,912810UC0,TSRYS5860825,D,S,T,2024-09-06,1000000.00,4.006646,104.21875
08:00:30,912810UC0,TSRYS5860825,D,S,T,2024-09-06,1000000.00,4.007521,104.203125
08:00:30,912810UC0,TSRYS5860825,D,S,T,2024-09-06,1000000.00,4.007521,104.203125
08:00:30,912810UC0,TSRYS5860825,D,S,T,2024-09-06,1000000.00,4.005771,104.234375
08:00:30,912810UC0,TSRYS5860825,D,S,T,2024-09-06,1000000.00,4.007302,104.20703125
08:00:30,912810UC0,TSRYS5860825,D,S,T,2024-09-06,1000000.00,4.007302,104.20703125
08:00:30,912810UC0,TSRYS5860825,D,S,T,2024-09-06,2000000.00,4.008396,104.1875
08:00:30,912810UC0,TSRYS5860825,D,S,T,2024-09-06,1000000.00,4.008396,104.1875
08:00:30,912810UC0,TSRYS5860825,D,S,T,2024-09-06,1000000.00,4.008396,104.1875
08:00:30,912810UC0,TSRYS5860825,D,S,T,2024-09-06,1000000.00,4.008396,104.1875
08:00:30,912810UC0,TSRYS5860825,D,S,T,2024-09-06,1000000.00,4.002273,104.296875
08:00:30,912810UC0,TSRYS5860825,D,S,T,2024-09-06,1000000.00,4.001399,104.3125
08:00:30,912810UC0,TSRYS5860825,D,S,T,2024-09-06,1000000.00,4.003366,104.27734375
08:00:30,912810UC0,TSRYS5860825,D,S,T,2024-09-06,1000000.00,4.004896,104.25
08:00:30,912810UC0,TSRYS5860825,D,S,T,2024-09-06,1000000.00,4.002382,104.294921875
08:00:30,912810UC0,TSRYS5860825,D,S,T,2024-09-06,1000000.00,4.002273,104.296875
08:00:30,912810UC0,TSRYS5860825,D,S,T,2024-09-06,1000000.00,4.001945,104.302734375
08:00:30,912810UC0,TSRYS5860825,D,S,T,2024-09-06,1000000.00,4.003147,104.28125
08:00:30,912810UC0,TSRYS5860825,D,S,T,2024-09-06,1000000.00,4.001399,104.3125
08:00:30,912810UC0,TSRYS5860825,D,S,T,2024-09-06,1000000.00,4.000962,104.3203125
08:00:30,912810UC0,TSRYS5860825,D,S,T,2024-09-06,1000000.00,3.998778,104.359375
08:00:30,912810UC0,TSRYS5860825,D,S,T,2024-09-06,1000000.00,3.998778,104.359375
08:00:30,912810UC0,TSRYS5860825,D,S,T,2024-09-06,1000000.00,3.998778,104.359375
08:00:30,912810UC0,TSRYS5860825,D,S,T,2024-09-06,1000000.00,3.998232,104.369140625
08:00:30,912810UC0,TSRYS5860825,D,S,T,2024-09-06,1000000.00,3.998123,104.37109375
08:00:30,912810UC0,TSRYS5860825,D,S,T,2024-09-06,1000000.00,3.997468,104.3828125
08:00:30,912810UC0,TSRYS5860825,D,S,T,2024-09-06,1000000.00,3.997359,104.384765625
08:00:30,912810UC0,TSRYS5860825,D,S,T,2024-09-06,1000000.00,3.99725,104.38671875
08:00:30,912810UC0,TSRYS5860825,D,S,T,2024-09-06,1000000.00,3.997141,104.388671875
08:00:30,912810UC0,TSRYS5860825,D,S,T,2024-09-06,1000000.00,3.997031,104.390625
08:00:30,912810UC0,TSRYS5860825,D,S,T,2024-09-06,1000000.00,3.997795,104.376953125
08:00:30,912810UC0,TSRYS5860825,D,S,T,2024-09-06,1000000.00,3.997905,104.375
08:00:30,912810UC0,TSRYS5860825,D,S,T,2024-09-06,1000000.00,3.997031,104.390625
08:00:30,912810UC0,TSRYS5860825,D,S,T,2024-09-06,1000000.00,3.995286,104.421875
08:00:30,912810UC0,TSRYS5860825,D,S,T,2024-09-06,1000000.00,3.995286,104.421875
08:00:30,912810UC0,TSRYS5860825,D,S,T,2024-09-06,1000000.00,3.995286,104.421875
08:00:30,912810UC0,TSRYS5860825,D,S,T,2024-09-06,1000000.00,3.995286,104.421875
08:00:30,912810UC0,TSRYS5860825,D,S,T,2024-09-06,1000000.00,3.996159,104.40625
08:00:30,912810UC0,TSRYS5860825,D,S,T,2024-09-06,1000000.00,3.995286,104.421875
08:00:30,912810UC0,TSRYS5860825,D,S,D,2024-09-06,1000000.00,3.997905,104.375
08:00:30,912810UC0,TSRYS5860825,D,S,D,2024-09-06,1000000.00,3.997905,104.375
08:00:30,912810UC0,TSRYS5860825,D,S,D,2024-09-06,1000000.00,3.997905,104.375
08:00:30,912810UC0,TSRYS5860825,D,S,D,2024-09-06,1000000.00,3.997905,104.375
08:00:30,912810UC0,TSRYS5860825,D,S,D,2024-09-06,1000000.00,3.997905,104.375
08:00:30,912810UC0,TSRYS5860825,D,S,D,2024-09-06,1000000.00,3.997905,104.375
08:00:30,912810UC0,TSRYS5860825,D,S,T,2024-09-06,1000000.00,3.997905,104.375
08:00:30,912810UC0,TSRYS5860825,D,S,T,2024-09-06,1000000.00,3.998778,104.359375
08:00:30,912810UC0,TSRYS5860825,D,S,T,2024-09-06,1000000.00,3.995286,104.421875
08:00:31,912810UC0,TSRYS5860825,D,S,D,2024-09-06,1000000.00,3.997905,104.375
08:00:31,912810UC0,TSRYS5860825,D,S,D,2024-09-06,1000000.00,3.997905,104.375
08:00:31,912810UC0,TSRYS5860825,D,S,T,2024-09-06,1000000.00,3.995286,104.421875
08:00:31,912810UC0,TSRYS5860825,D,S,T,2024-09-06,1000000.00,3.993541,104.453125
08:00:31,912810UC0,TSRYS5860825,D,S,T,2024-09-06,1000000.00,3.994413,104.4375
08:00:31,912810UC0,TSRYS5860825,D,S,T,2024-09-06,1000000.00,3.997905,104.375
08:00:31,912810UC0,TSRYS5860825,D,S,D,2024-09-06,1000000.00,3.997905,104.375
08:00:31,912810UC0,TSRYS5860825,D,S,T,2024-09-06,1000000.00,3.994413,104.4375
08:00:31,912810UC0,TSRYS5860825,D,S,T,2024-09-06,1000000.00,3.990162,104.513671875
08:00:31,912810UC0,TSRYS5860825,D,S,T,2024-09-06,1000000.00,3.990053,104.515625
08:00:31,912810UC0,TSRYS5860825,D,S,T,2024-09-06,1000000.00,3.991797,104.484375
08:00:31,912810UC0,TSRYS5860825,D,S,T,2024-09-06,1000000.00,3.991797,104.484375
08:00:31,912810UC0,TSRYS5860825,D,S,T,2024-09-06,1000000.00,3.991797,104.484375
08:00:31,912810UC0,TSRYS5860825,D,S,T,2024-09-06,1000000.00,3.991797,104.484375
08:00:31,912810UC0,TSRYS5860825,D,S,T,2024-09-06,1000000.00,3.993541,104.453125
08:00:31,912810UC0,TSRYS5860825,D,S,T,2024-09-06,1000000.00,3.997359,104.384765625
08:00:31,912810UC0,TSRYS5860825,D,S,D,2024-09-06,1000000.00,3.997905,104.375
08:00:31,912810UC0,TSRYS5860825,D,S,T,2024-09-06,1000000.00,3.996159,104.40625
08:00:31,912810UC0,TSRYS5860825,D,S,T,2024-09-06,2000000.00,3.997031,104.390625
08:00:31,912810UC0,TSRYS5860825,D,S,T,2024-09-06,1000000.00,3.997905,104.375
08:00:31,912810UC0,TSRYS5860825,D,S,T,2024-09-06,1000000.00,3.998778,104.359375
08:00:31,912810UC0,TSRYS5860825,D,S,T,2024-09-06,1000000.00,3.998778,104.359375
08:00:31,912810UC0,TSRYS5860825,D,S,T,2024-09-06,1000000.00,3.997905,104.375
08:00:31,912810UC0,TSRYS5860825,D,S,D,2024-09-06,1000000.00,3.997905,104.375
08:00:31,912810UC0,TSRYS5860825,D,S,D,2024-09-06,1000000.00,3.997905,104.375
08:00:31,912810UC0,TSRYS5860825,D,S,D,2024-09-06,1000000.00,3.997905,104.375
08:00:31,912810UC0,TSRYS5860825,D,S,T,2024-09-06,1000000.00,3.995722,104.4140625
08:00:31,912810UC0,TSRYS5860825,D,S,T,2024-09-06,1000000.00,3.995613,104.416015625
08:00:31,912810UC0,TSRYS5860825,D,S,T,2024-09-06,1000000.00,3.994195,104.44140625
08:00:31,912810UC0,TSRYS5860825,D,S,T,2024-09-06,1000000.00,3.99365,104.451171875
08:00:31,912810UC0,TSRYS5860825,D,S,T,2024-09-06,1000000.00,3.994413,104.4375
08:00:31,912810UC0,TSRYS5860825,D,S,T,2024-09-06,1000000.00,3.994413,104.4375
08:00:31,912810UC0,TSRYS5860825,D,S,T,2024-09-06,2000000.00,3.994413,104.4375
08:00:31,912810UC0,TSRYS5860825,D,S,T,2024-09-06,1000000.00,3.994413,104.4375
08:00:31,912810UC0,TSRYS5860825,D,S,T,2024-09-06,1000000.00,3.991797,104.484375
08:00:31,912810UC0,TSRYS5860825,D,S,T,2024-09-06,1000000.00,3.994413,104.4375
08:00:31,912810UC0,TSRYS5860825,D,S,T,2024-09-06,1000000.00,3.993977,104.4453125
08:00:31,912810UC0,TSRYS5860825,D,S,T,2024-09-06,1000000.00,3.993977,104.4453125
08:00:31,912810UC0,TSRYS5860825,D,S,D,2024-09-06,1000000.00,3.993977,104.4453125
08:00:31,912810UC0,TSRYS5860825,D,S,T,2024-09-06,1000000.00,3.991797,104.484375
08:00:31,912810UC0,TSRYS5860825,D,S,T,2024-09-06,1000000.00,3.991797,104.484375
08:00:31,912810UC0,TSRYS5860825,D,S,T,2024-09-06,1000000.00,3.987439,104.5625
08:00:31,912810UC0,TSRYS5860825,D,S,T,2024-09-06,1000000.00,3.987439,104.5625
08:00:31,912810UC0,TSRYS5860825,D,S,T,2024-09-06,1000000.00,3.98831,104.546875
08:00:31,912810UC0,TSRYS5860825,D,S,T,2024-09-06,1000000.00,3.987439,104.5625
08:00:31,912810UC0,TSRYS5860825,D,S,T,2024-09-06,1000000.00,3.987439,104.5625
08:00:31,912810UC0,TSRYS5860825,D,S,T,2024-09-06,1000000.00,3.987439,104.5625
08:00:31,912810UC0,TSRYS5860825,D,S,T,2024-09-06,1000000.00,3.987439,104.5625
08:00:31,912810UC0,TSRYS5860825,D,S,T,2024-09-06,1000000.00,3.987439,104.5625
08:00:31,912810UC0,TSRYS5860825,D,S,T,2024-09-06,1000000.00,3.987439,104.5625
08:00:31,912810UC0,TSRYS5860825,D,S,T,2024-09-06,1000000.00,3.98831,104.546875
08:00:31,912810UC0,TSRYS5860825,D,S,T,2024-09-06,1000000.00,3.988964,104.53515625
08:00:31,912810UC0,TSRYS5860825,D,S,T,2024-09-06,1000000.00,3.990053,104.515625
08:00:31,912810UC0,TSRYS5860825,D,S,T,2024-09-06,1000000.00,3.990053,104.515625
08:00:31,912810UC0,TSRYS5860825,D,S,T,2024-09-06,1000000.00,3.990053,104.515625
08:00:31,912810UC0,TSRYS5860825,D,S,T,2024-09-06,1000000.00,3.990053,104.515625
08:00:31,912810UC0,TSRYS5860825,D,S,T,2024-09-06,2000000.00,3.991797,104.484375
08:00:31,912810UC0,TSRYS5860825,D,S,T,2024-09-06,1000000.00,3.991797,104.484375
08:00:31,912810UC0,TSRYS5860825,D,S,T,2024-09-06,1000000.00,3.991797,104.484375
08:00:31,912810UC0,TSRYS5860825,D,S,T,2024-09-06,1000000.00,3.991797,104.484375
08:00:31,912810UC0,TSRYS5860825,D,S,T,2024-09-06,1000000.00,3.991797,104.484375
08:00:31,912810UC0,TSRYS5860825,D,S,T,2024-09-06,1000000.00,3.987548,104.560546875
08:00:31,912810UC0,TSRYS5860825,D,S,T,2024-09-06,1000000.00,3.987439,104.5625
08:00:31,912810UC0,TSRYS5860825,D,S,T,2024-09-06,1000000.00,3.98831,104.546875
08:00:31,912810UC0,TSRYS5860825,D,S,T,2024-09-06,1000000.00,3.98831,104.546875
08:00:31,912810UC0,TSRYS5860825,D,S,T,2024-09-06,1000000.00,3.990053,104.515625
08:00:31,912810UC0,TSRYS5860825,D,S,T,2024-09-06,1000000.00,3.990053,104.515625
08:00:31,912810UC0,TSRYS5860825,D,S,T,2024-09-06,1000000.00,3.990925,104.5
08:00:31,912810UC0,TSRYS5860825,D,S,T,2024-09-06,1000000.00,3.990925,104.5
08:00:31,912810UC0,TSRYS5860825,D,S,T,2024-09-06,1000000.00,3.990925,104.5
08:00:31,912810UC0,TSRYS5860825,D,S,T,2024-09-06,1000000.00,3.990925,104.5
08:00:31,912810UC0,TSRYS5860825,D,S,T,2024-09-06,1000000.00,3.990925,104.5
08:00:31,912810UC0,TSRYS5860825,D,S,T,2024-09-06,1000000.00,3.990489,104.5078125
08:00:31,912810UC0,TSRYS5860825,D,S,T,2024-09-06,1000000.00,3.990489,104.5078125
08:00:31,912810UC0,TSRYS5860825,D,S,T,2024-09-06,1000000.00,3.989509,104.525390625
08:00:31,912810UC0,TSRYS5860825,D,S,T,2024-09-06,1000000.00,3.9894,104.52734375
08:00:31,912810UC0,TSRYS5860825,D,S,T,2024-09-06,1000000.00,3.989617,104.5234375
08:00:31,912810UC0,TSRYS5860825,D,S,T,2024-09-06,1000000.00,3.989291,104.529296875
08:00:31,912810UC0,TSRYS5860825,D,S,T,2024-09-06,1000000.00,3.988419,104.544921875
08:00:31,912810UC0,TSRYS5860825,D,S,T,2024-09-06,1000000.00,3.989182,104.53125
08:00:31,912810UC0,TSRYS5860825,D,S,T,2024-09-06,1000000.00,3.990053,104.515625
08:00:31,912810UC0,TSRYS5860825,D,S,T,2024-09-06,1000000.00,3.991906,104.482421875
08:00:31,912810UC0,TSRYS5860825,D,S,T,2024-09-06,1000000.00,3.989182,104.53125
08:00:31,912810UC0,TSRYS5860825,D,S,T,2024-09-06,1000000.00,3.987439,104.5625
08:00:31,912810UC0,TSRYS5860825,D,S,D,2024-09-06,1000000.00,3.987875,104.5546875
08:00:31,912810UC0,TSRYS5860825,D,S,D,2024-09-06,1000000.00,3.987875,104.5546875
08:00:31,912810UC0,TSRYS5860825,D,S,D,2024-09-06,1000000.00,3.987875,104.5546875
08:00:31,912810UC0,TSRYS5860825,D,S,T,2024-09-06,1000000.00,3.98831,104.546875
08:00:31,912810UC0,TSRYS5860825,D,S,D,2024-09-06,1000000.00,3.987004,104.5703125
08:00:31,912810UC0,TSRYS5860825,D,S,T,2024-09-06,1000000.00,3.987222,104.56640625
08:00:31,912810UC0,TSRYS5860825,D,S,T,2024-09-06,1000000.00,3.98831,104.546875
08:00:31,912810UC0,TSRYS5860825,D,S,T,2024-09-06,1000000.00,3.98831,104.546875
08:00:31,912810UC0,TSRYS5860825,D,S,T,2024-09-06,1000000.00,3.986568,104.578125
08:00:31,912810UC0,TSRYS5860825,D,S,T,2024-09-06,1000000.00,3.983957,104.625
08:00:32,912810UC0,TSRYS5860825,D,S,T,2024-09-06,1000000.00,3.983957,104.625
08:00:32,912810UC0,TSRYS5860825,D,S,T,2024-09-06,1000000.00,3.983304,104.63671875
08:00:32,912810UC0,TSRYS5860825,D,S,T,2024-09-06,1000000.00,3.983413,104.634765625
08:00:32,912810UC0,TSRYS5860825,D,S,T,2024-09-06,1000000.00,3.983195,104.638671875
08:00:32,912810UC0,TSRYS5860825,D,S,T,2024-09-06,1000000.00,3.983087,104.640625
08:00:32,912810UC0,TSRYS5860825,D,S,T,2024-09-06,1000000.00,3.983087,104.640625
08:00:32,912810UC0,TSRYS5860825,D,S,T,2024-09-06,1000000.00,3.983957,104.625
08:00:32,912810UC0,TSRYS5860825,D,S,T,2024-09-06,1000000.00,3.983957,104.625
08:00:32,912810UC0,TSRYS5860825,D,S,T,2024-09-06,1000000.00,3.984174,104.62109375
08:00:32,912810UC0,TSRYS5860825,D,S,T,2024-09-06,1000000.00,3.98548,104.59765625
08:00:32,912810UC0,TSRYS5860825,D,S,T,2024-09-06,1000000.00,3.985698,104.59375
08:00:32,912810UC0,TSRYS5860825,D,S,T,2024-09-06,1000000.00,3.98548,104.59765625
08:00:32,912810UC0,TSRYS5860825,D,S,T,2024-09-06,1000000.00,3.98548,104.59765625
08:00:32,912810UC0,TSRYS5860825,D,S,T,2024-09-06,1000000.00,3.985698,104.59375
08:00:32,912810UC0,TSRYS5860825,D,S,D,2024-09-06,1000000.00,3.985698,104.59375
08:00:32,912810UC0,TSRYS5860825,D,S,T,2024-09-06,1000000.00,3.985262,104.6015625
08:00:32,912810UC0,TSRYS5860825,D,S,T,2024-09-06,1000000.00,3.985154,104.603515625
08:00:32,912810UC0,TSRYS5860825,D,S,T,2024-09-06,1000000.00,3.985045,104.60546875
08:00:32,912810UC0,TSRYS5860825,D,S,D,2024-09-06,1000000.00,3.984392,104.6171875
08:00:32,912810UC0,TSRYS5860825,D,S,T,2024-09-06,1000000.00,3.984718,104.611328125
08:00:32,912810UC0,TSRYS5860825,D,S,T,2024-09-06,1000000.00,3.984827,104.609375
08:00:32,912810UC0,TSRYS5860825,D,S,T,2024-09-06,2000000.00,3.984827,104.609375
08:00:32,912810UC0,TSRYS5860825,D,S,T,2024-09-06,1000000.00,3.985698,104.59375
08:00:32,912810UC0,TSRYS5860825,D,S,T,2024-09-06,1000000.00,3.985698,104.59375
08:00:32,912810UC0,TSRYS5860825,D,S,T,2024-09-06,1000000.00,3.985698,104.59375
08:00:32,912810UC0,TSRYS5860825,D,S,T,2024-09-06,1000000.00,3.985589,104.595703125
08:00:32,912810UC0,TSRYS5860825,D,S,T,2024-09-06,1000000.00,3.98548,104.59765625
08:00:32,912810UC0,TSRYS5860825,D,S,T,2024-09-06,1000000.00,3.985371,104.599609375
08:00:32,912810UC0,TSRYS5860825,D,S,T,2024-09-06,1000000.00,3.988528,104.54296875
08:00:32,912810UC0,TSRYS5860825,D,S,T,2024-09-06,1000000.00,3.987439,104.5625
08:00:32,912810UC0,TSRYS5860825,D,S,T,2024-09-06,1000000.00,3.987439,104.5625
08:00:32,912810UC0,TSRYS5860825,D,S,D,2024-09-06,1000000.00,3.987004,104.5703125
08:00:32,912810UC0,TSRYS5860825,D,S,T,2024-09-06,1000000.00,3.987439,104.5625
08:00:32,912810UC0,TSRYS5860825,D,S,T,2024-09-06,1000000.00,3.987439,104.5625
08:00:32,912810UC0,TSRYS5860825,D,S,D,2024-09-06,1000000.00,3.988093,104.55078125
08:00:32,912810UC0,TSRYS5860825,D,S,D,2024-09-06,1000000.00,3.988093,104.55078125
08:00:32,912810UC0,TSRYS5860825,D,S,D,2024-09-06,1000000.00,3.988093,104.55078125
08:00:32,912810UC0,TSRYS5860825,D,S,D,2024-09-06,1000000.00,3.988093,104.55078125
08:00:32,912810UC0,TSRYS5860825,D,S,T,2024-09-06,1000000.00,3.988202,104.548828125
08:00:32,912810UC0,TSRYS5860825,D,S,T,2024-09-06,1000000.00,3.987331,104.564453125
08:00:32,912810UC0,TSRYS5860825,D,S,T,2024-09-06,1000000.00,3.98831,104.546875
08:00:32,912810UC0,TSRYS5860825,D,S,T,2024-09-06,1000000.00,3.98831,104.546875
08:00:32,912810UC0,TSRYS5860825,D,S,T,2024-09-06,1000000.00,3.98831,104.546875
08:00:32,912810UC0,TSRYS5860825,D,S,T,2024-09-06,1000000.00,3.987984,104.552734375
08:00:32,912810UC0,TSRYS5860825,D,S,T,2024-09-06,1000000.00,3.987548,104.560546875
08:00:32,912810UC0,TSRYS5860825,D,S,T,2024-09-06,1000000.00,3.98831,104.546875
08:00:32,912810UC0,TSRYS5860825,D,S,T,2024-09-06,1000000.00,3.990053,104.515625
08:00:32,912810UC0,TSRYS5860825,D,S,T,2024-09-06,1000000.00,3.990053,104.515625
08:00:32,912810UC0,TSRYS5860825,D,S,T,2024-09-06,1000000.00,3.9894,104.52734375
08:00:32,912810UC0,TSRYS5860825,D,S,D,2024-09-06,1000000.00,3.986786,104.57421875
08:00:32,912810UC0,TSRYS5860825,D,S,T,2024-09-06,1000000.00,3.987439,104.5625
08:00:32,912810UC0,TSRYS5860825,D,S,D,2024-09-06,1000000.00,3.988093,104.55078125
08:00:32,912810UC0,TSRYS5860825,D,S,T,2024-09-06,1000000.00,3.98831,104.546875
08:00:32,912810UC0,TSRYS5860825,D,S,T,2024-09-06,1000000.00,3.98831,104.546875
08:00:32,912810UC0,TSRYS5860825,D,S,T,2024-09-06,1000000.00,3.98831,104.546875
08:00:32,912810UC0,TSRYS5860825,D,S,T,2024-09-06,1000000.00,3.98831,104.546875
08:00:32,912810UC0,TSRYS5860825,D,S,T,2024-09-06,1000000.00,3.988419,104.544921875
08:00:32,912810UC0,TSRYS5860825,D,S,T,2024-09-06,1000000.00,3.989291,104.529296875
08:00:32,912810UC0,TSRYS5860825,D,S,T,2024-09-06,1000000.00,3.989182,104.53125
08:00:32,912810UC0,TSRYS5860825,D,S,T,2024-09-06,1000000.00,3.989617,104.5234375
08:00:32,912810UC0,TSRYS5860825,D,S,T,2024-09-06,1000000.00,3.987984,104.552734375
08:00:32,912810UC0,TSRYS5860825,D,S,T,2024-09-06,1000000.00,3.988093,104.55078125
08:00:32,912810UC0,TSRYS5860825,D,S,T,2024-09-06,1000000.00,3.987548,104.560546875
08:00:32,912810UC0,TSRYS5860825,D,S,T,2024-09-06,1000000.00,3.987548,104.560546875
08:00:32,912810UC0,TSRYS5860825,D,S,T,2024-09-06,1000000.00,3.987657,104.55859375
08:00:32,912810UC0,TSRYS5860825,D,S,T,2024-09-06,1000000.00,3.985698,104.59375
08:00:32,912810UC0,TSRYS5860825,D,S,T,2024-09-06,1000000.00,3.986024,104.587890625
08:00:32,912810UC0,TSRYS5860825,D,S,T,2024-09-06,1000000.00,3.986242,104.583984375
08:00:32,912810UC0,TSRYS5860825,D,S,T,2024-09-06,2000000.00,3.986568,104.578125
08:00:32,912810UC0,TSRYS5860825,D,S,T,2024-09-06,1000000.00,3.988093,104.55078125
08:00:32,912810UC0,TSRYS5860825,D,S,T,2024-09-06,1000000.00,3.987548,104.560546875
08:00:32,912810UC0,TSRYS5860825,D,S,T,2024-09-06,1000000.00,3.987439,104.5625
08:00:32,912810UC0,TSRYS5860825,D,S,T,2024-09-06,1000000.00,3.987439,104.5625
08:00:32,912810UC0,TSRYS5860825,D,S,T,2024-09-06,1000000.00,3.987439,104.5625
08:00:32,912810UC0,TSRYS5860825,D,S,T,2024-09-06,1000000.00,3.987439,104.5625
08:00:32,912810UC0,TSRYS5860825,D,S,T,2024-09-06,1000000.00,3.98831,104.546875
08:00:32,912810UC0,TSRYS5860825,D,S,T,2024-09-06,1000000.00,3.98831,104.546875
08:00:32,912810UC0,TSRYS5860825,D,S,T,2024-09-06,1000000.00,3.98831,104.546875
08:00:32,912810UC0,TSRYS5860825,D,S,T,2024-09-06,1000000.00,3.98831,104.546875
08:00:32,912810UC0,TSRYS5860825,D,S,T,2024-09-06,1000000.00,3.98831,104.546875
08:00:32,912810UC0,TSRYS5860825,D,S,T,2024-09-06,1000000.00,3.98831,104.546875
08:00:32,912810UC0,TSRYS5860825,D,S,T,2024-09-06,1000000.00,3.98831,104.546875
08:00:32,912810UC0,TSRYS5860825,D,S,T,2024-09-06,1000000.00,3.98831,104.546875
08:00:32,912810UC0,TSRYS5860825,D,S,T,2024-09-06,1000000.00,3.989182,104.53125
08:00:32,912810UC0,TSRYS5860825,D,S,T,2024-09-06,1000000.00,3.988637,104.541015625
08:00:32,912810UC0,TSRYS5860825,D,S,T,2024-09-06,1000000.00,3.989726,104.521484375
08:00:32,912810UC0,TSRYS5860825,D,S,T,2024-09-06,1000000.00,3.989726,104.521484375
08:00:32,912810UC0,TSRYS5860825,D,S,T,2024-09-06,1000000.00,3.989617,104.5234375
08:00:32,912810UC0,TSRYS5860825,D,S,T,2024-09-06,1000000.00,3.989617,104.5234375
08:00:32,912810UC0,TSRYS5860825,D,S,T,2024-09-06,1000000.00,3.989617,104.5234375
08:00:32,912810UC0,TSRYS5860825,D,S,T,2024-09-06,1000000.00,3.989726,104.521484375
08:00:32,912810UC0,TSRYS5860825,D,S,T,2024-09-06,1000000.00,3.989835,104.51953125
08:00:32,912810UC0,TSRYS5860825,D,S,T,2024-09-06,1000000.00,3.989726,104.521484375
08:00:32,912810UC0,TSRYS5860825,D,S,T,2024-09-06,1000000.00,3.990162,104.513671875
08:00:32,912810UC0,TSRYS5860825,D,S,T,2024-09-06,1000000.00,3.989835,104.51953125
08:00:33,912810UC0,TSRYS5860825,D,S,T,2024-09-06,1000000.00,3.990053,104.515625
08:00:33,912810UC0,TSRYS5860825,D,S,T,2024-09-06,1000000.00,3.990925,104.5
08:00:33,912810UC0,TSRYS5860825,D,S,T,2024-09-06,1000000.00,3.988528,104.54296875
08:00:33,912810UC0,TSRYS5860825,D,S,T,2024-09-06,1000000.00,3.98831,104.546875
08:00:33,912810UC0,TSRYS5860825,D,S,T,2024-09-06,1000000.00,3.987439,104.5625
08:00:33,912810UC0,TSRYS5860825,D,S,T,2024-09-06,1000000.00,3.987439,104.5625
08:00:33,912810UC0,TSRYS5860825,D,S,T,2024-09-06,1000000.00,3.987439,104.5625
08:00:33,912810UC0,TSRYS5860825,D,S,T,2024-09-06,1000000.00,3.987875,104.5546875
08:00:33,912810UC0,TSRYS5860825,D,S,T,2024-09-06,1000000.00,3.991797,104.484375
08:00:33,912810UC0,TSRYS5860825,D,S,T,2024-09-06,1000000.00,3.991797,104.484375
08:00:33,912810UC0,TSRYS5860825,D,S,T,2024-09-06,1000000.00,3.991797,104.484375
08:00:33,912810UC0,TSRYS5860825,D,S,T,2024-09-06,2000000.00,3.991797,104.484375
08:00:33,912810UC0,TSRYS5860825,D,S,T,2024-09-06,1000000.00,3.989182,104.53125
08:00:33,912810UC0,TSRYS5860825,D,S,T,2024-09-06,1000000.00,3.989182,104.53125
08:00:33,912810UC0,TSRYS5860825,D,S,T,2024-09-06,1000000.00,4.02078,103.966796875
08:00:33,912810UC0,TSRYS5860825,D,S,T,2024-09-06,1000000.00,4.020341,103.974609375
08:00:33,912810UC0,TSRYS5860825,D,S,T,2024-09-06,1000000.00,4.020231,103.9765625
08:00:33,912810UC0,TSRYS5860825,D,S,T,2024-09-06,1000000.00,4.018914,104.0
08:00:33,912810UC0,TSRYS5860825,D,S,T,2024-09-06,1000000.00,4.018914,104.0
08:00:33,912810UC0,TSRYS5860825,D,S,T,2024-09-06,1000000.00,4.014528,104.078125
08:00:33,912810UC0,TSRYS5860825,D,S,T,2024-09-06,1000000.00,4.013652,104.09375
08:00:33,912810UC0,TSRYS5860825,D,S,T,2024-09-06,1000000.00,4.013652,104.09375
08:00:33,912810UC0,TSRYS5860825,D,S,T,2024-09-06,1000000.00,4.009491,104.16796875
08:00:33,912810UC0,TSRYS5860825,D,S,T,2024-09-06,1000000.00,4.008615,104.18359375
08:00:33,912810UC0,TSRYS5860825,D,S,T,2024-09-06,1000000.00,4.009162,104.173828125
08:00:33,912810UC0,TSRYS5860825,D,S,T,2024-09-06,1000000.00,4.009053,104.17578125
08:00:33,912810UC0,TSRYS5860825,D,S,T,2024-09-06,1000000.00,4.009162,104.173828125
08:00:33,912810UC0,TSRYS5860825,D,S,T,2024-09-06,1000000.00,4.009053,104.17578125
08:00:33,912810UC0,TSRYS5860825,D,S,T,2024-09-06,1000000.00,4.007193,104.208984375
08:00:33,912810UC0,TSRYS5860825,D,S,T,2024-09-06,1000000.00,4.007411,104.205078125
08:00:33,912810UC0,TSRYS5860825,D,S,T,2024-09-06,1000000.00,4.005224,104.244140625
08:00:33,912810UC0,TSRYS5860825,D,S,T,2024-09-06,1000000.00,4.005115,104.24609375
08:00:33,912810UC0,TSRYS5860825,D,S,T,2024-09-06,1000000.00,4.007521,104.203125
08:00:33,912810UC0,TSRYS5860825,D,S,T,2024-09-06,1000000.00,4.007521,104.203125
08:00:33,912810UC0,TSRYS5860825,D,S,T,2024-09-06,1000000.00,4.007521,104.203125
08:00:33,912810UC0,TSRYS5860825,D,S,T,2024-09-06,1000000.00,4.007302,104.20703125
08:00:33,912810UC0,TSRYS5860825,D,S,T,2024-09-06,1000000.00,4.000307,104.33203125
08:00:33,912810UC0,TSRYS5860825,D,S,T,2024-09-06,1000000.00,4.000307,104.33203125
08:00:33,912810UC0,TSRYS5860825,D,S,T,2024-09-06,1000000.00,4.000743,104.32421875
08:00:33,912810UC0,TSRYS5860825,D,S,T,2024-09-06,1000000.00,4.004459,104.2578125
08:00:33,912810UC0,TSRYS5860825,D,S,T,2024-09-06,1000000.00,4.001727,104.306640625
08:00:33,912810UC0,TSRYS5860825,D,S,T,2024-09-06,1000000.00,4.001727,104.306640625
08:00:33,912810UC0,TSRYS5860825,D,S,T,2024-09-06,1000000.00,4.002382,104.294921875
08:00:33,912810UC0,TSRYS5860825,D,S,T,2024-09-06,1000000.00,4.002273,104.296875
08:00:33,912810UC0,TSRYS5860825,D,S,T,2024-09-06,1000000.00,4.001071,104.318359375
08:00:33,912810UC0,TSRYS5860825,D,S,T,2024-09-06,1000000.00,3.998232,104.369140625
08:00:33,912810UC0,TSRYS5860825,D,S,T,2024-09-06,1000000.00,3.998123,104.37109375
08:00:33,912810UC0,TSRYS5860825,D,S,T,2024-09-06,1000000.00,3.997905,104.375
08:00:33,912810UC0,TSRYS5860825,D,S,T,2024-09-06,1000000.00,3.996595,104.3984375
08:00:33,912810UC0,TSRYS5860825,D,S,T,2024-09-06,1000000.00,3.996595,104.3984375
08:00:33,912810UC0,TSRYS5860825,D,S,T,2024-09-06,1000000.00,3.997577,104.380859375
08:00:33,912810UC0,TSRYS5860825,D,S,T,2024-09-06,1000000.00,3.997468,104.3828125
08:00:33,912810UC0,TSRYS5860825,D,S,T,2024-09-06,1000000.00,3.99725,104.38671875
08:00:33,912810UC0,TSRYS5860825,D,S,T,2024-09-06,1000000.00,4.000525,104.328125
08:00:33,912810UC0,TSRYS5860825,D,S,T,2024-09-06,1000000.00,3.995831,104.412109375
08:00:33,912810UC0,TSRYS5860825,D,S,T,2024-09-06,1000000.00,3.995395,104.419921875
08:00:33,912810UC0,TSRYS5860825,D,S,T,2024-09-06,1000000.00,3.993868,104.447265625
08:00:33,912810UC0,TSRYS5860825,D,S,T,2024-09-06,1000000.00,3.993977,104.4453125
08:00:33,912810UC0,TSRYS5860825,D,S,T,2024-09-06,1000000.00,3.987439,104.5625
08:00:33,912810UC0,TSRYS5860825,D,S,T,2024-09-06,1000000.00,3.987331,104.564453125
08:00:33,912810UC0,TSRYS5860825,D,S,T,2024-09-06,1000000.00,3.988964,104.53515625
08:00:33,912810UC0,TSRYS5860825,D,S,T,2024-09-06,1000000.00,3.992887,104.46484375
08:00:33,912810UC0,TSRYS5860825,D,S,T,2024-09-06,1000000.00,3.991579,104.48828125
08:00:33,912810UC0,TSRYS5860825,D,S,T,2024-09-06,1000000.00,3.991579,104.48828125
08:00:33,912810UC0,TSRYS5860825,D,S,T,2024-09-06,1000000.00,3.988746,104.5390625
08:00:33,912810UC0,TSRYS5860825,D,S,T,2024-09-06,1000000.00,3.989617,104.5234375
08:00:33,912810UC0,TSRYS5860825,D,S,T,2024-09-06,1000000.00,3.989509,104.525390625
08:00:33,912810UC0,TSRYS5860825,D,S,T,2024-09-06,1000000.00,3.991797,104.484375
08:00:33,912810UC0,TSRYS5860825,D,S,T,2024-09-06,1000000.00,3.991688,104.486328125
08:00:33,912810UC0,TSRYS5860825,D,S,T,2024-09-06,1000000.00,3.991688,104.486328125
08:00:33,912810UC0,TSRYS5860825,D,S,T,2024-09-06,1000000.00,3.988637,104.541015625
08:00:33,912810UC0,TSRYS5860825,D,S,T,2024-09-06,1000000.00,3.987113,104.568359375
08:00:33,912810UC0,TSRYS5860825,D,S,T,2024-09-06,1000000.00,3.987113,104.568359375
08:00:33,912810UC0,TSRYS5860825,D,S,T,2024-09-06,1000000.00,3.987004,104.5703125
08:00:33,912810UC0,TSRYS5860825,D,S,T,2024-09-06,1000000.00,3.987004,104.5703125
08:00:33,912810UC0,TSRYS5860825,D,S,D,2024-09-06,1500000.00,3.987004,104.5703125
08:00:33,912810UC0,TSRYS5860825,D,S,D,2024-09-06,1500000.00,3.988528,104.54296875
08:00:33,912810UC0,TSRYS5860825,D,S,D,2024-09-06,1500000.00,3.987004,104.5703125
08:00:33,912810UC0,TSRYS5860825,D,S,D,2024-09-06,1500000.00,3.988528,104.54296875
08:00:34,912810UC0,TSRYS5860825,D,S,T,2024-09-06,1000000.00,3.986786,104.57421875
08:00:34,912810UC0,TSRYS5860825,D,S,T,2024-09-06,1000000.00,3.985262,104.6015625
08:00:34,912810UC0,TSRYS5860825,D,S,T,2024-09-06,1000000.00,3.985154,104.603515625
08:00:34,912810UC0,TSRYS5860825,D,S,T,2024-09-06,1000000.00,3.985371,104.599609375
08:00:34,912810UC0,TSRYS5860825,D,S,T,2024-09-06,1000000.00,3.985589,104.595703125
08:00:34,912810UC0,TSRYS5860825,D,S,T,2024-09-06,1000000.00,3.986677,104.576171875
08:00:34,912810UC0,TSRYS5860825,D,S,T,2024-09-06,1000000.00,3.988528,104.54296875
08:00:34,912810UC0,TSRYS5860825,D,S,T,2024-09-06,1000000.00,3.987657,104.55859375
08:00:34,912810UC0,TSRYS5860825,D,S,T,2024-09-06,1000000.00,3.988528,104.54296875
08:00:34,912810UC0,TSRYS5860825,D,S,D,2024-09-06,1000000.00,3.988093,104.55078125
08:00:34,912810UC0,TSRYS5860825,D,S,D,2024-09-06,1000000.00,3.988093,104.55078125
08:00:34,912810UC0,TSRYS5860825,D,S,D,2024-09-06,1000000.00,3.988093,104.55078125
08:00:34,912810UC0,TSRYS5860825,D,S,D,2024-09-06,1000000.00,3.988093,104.55078125
08:00:34,912810UC0,TSRYS5860825,D,S,D,2024-09-06,1000000.00,3.988093,104.55078125
08:00:34,912810UC0,TSRYS5860825,D,S,D,2024-09-06,1000000.00,3.988093,104.55078125
08:00:34,912810UC0,TSRYS5860825,D,S,D,2024-09-06,1000000.00,3.988093,104.55078125
08:00:34,912810UC0,TSRYS5860825,D,S,D,2024-09-06,1000000.00,3.988093,104.55078125
08:00:34,912810UC0,TSRYS5860825,D,S,D,2024-09-06,1000000.00,3.988093,104.55078125
08:00:34,912810UC0,TSRYS5860825,D,S,D,2024-09-06,1000000.00,3.988093,104.55078125
08:00:34,912810UC0,TSRYS5860825,D,S,D,2024-09-06,1000000.00,3.988093,104.55078125
08:00:34,912810UC0,TSRYS5860825,D,S,D,2024-09-06,1000000.00,3.988093,104.55078125
08:00:34,912810UC0,TSRYS5860825,D,S,T,2024-09-06,1000000.00,3.986895,104.572265625
08:00:34,912810UC0,TSRYS5860825,D,S,T,2024-09-06,1000000.00,3.987113,104.568359375
08:00:34,912810UC0,TSRYS5860825,D,S,D,2024-09-06,1000000.00,3.987004,104.5703125
08:00:34,912810UC0,TSRYS5860825,D,S,T,2024-09-06,1000000.00,3.986895,104.572265625
08:00:34,912810UC0,TSRYS5860825,D,S,T,2024-09-06,1000000.00,3.985807,104.591796875
08:00:34,912810UC0,TSRYS5860825,D,S,T,2024-09-06,1000000.00,3.989726,104.521484375
08:00:34,912810UC0,TSRYS5860825,D,S,T,2024-09-06,1000000.00,3.987875,104.5546875
08:00:34,912810UC0,TSRYS5860825,D,S,T,2024-09-06,1000000.00,3.988419,104.544921875
08:00:34,912810UC0,TSRYS5860825,D,S,T,2024-09-06,1000000.00,3.988419,104.544921875
08:00:34,912810UC0,TSRYS5860825,D,S,T,2024-09-06,1000000.00,3.989617,104.5234375
08:00:34,912810UC0,TSRYS5860825,D,S,T,2024-09-06,1000000.00,3.988202,104.548828125
08:00:34,912810UC0,TSRYS5860825,D,S,T,2024-09-06,1000000.00,3.988093,104.55078125
08:00:34,912810UC0,TSRYS5860825,D,S,T,2024-09-06,1000000.00,3.98831,104.546875
08:00:34,912810UC0,TSRYS5860825,D,S,T,2024-09-06,1000000.00,3.988419,104.544921875
08:00:34,912810UC0,TSRYS5860825,D,S,T,2024-09-06,1000000.00,3.987548,104.560546875
08:00:34,912810UC0,TSRYS5860825,D,S,T,2024-09-06,1000000.00,3.987875,104.5546875
08:00:34,912810UC0,TSRYS5860825,D,S,T,2024-09-06,1000000.00,3.988202,104.548828125
08:00:34,912810UC0,TSRYS5860825,D,S,T,2024-09-06,1000000.00,3.988093,104.55078125
08:00:34,912810UC0,TSRYS5860825,D,S,T,2024-09-06,1000000.00,3.987984,104.552734375
08:00:34,912810UC0,TSRYS5860825,D,S,T,2024-09-06,1000000.00,3.988202,104.548828125
08:00:34,912810UC0,TSRYS5860825,D,S,T,2024-09-06,1000000.00,3.986568,104.578125
08:00:34,912810UC0,TSRYS5860825,D,S,T,2024-09-06,1000000.00,3.987439,104.5625
08:00:34,912810UC0,TSRYS5860825,D,S,T,2024-09-06,1000000.00,3.987875,104.5546875
08:00:34,912810UC0,TSRYS5860825,D,S,T,2024-09-06,1000000.00,3.989182,104.53125
08:00:34,912810UC0,TSRYS5860825,D,S,T,2024-09-06,1000000.00,3.989182,104.53125
08:00:34,912810UC0,TSRYS5860825,D,S,T,2024-09-06,1000000.00,3.988637,104.541015625
08:00:34,912810UC0,TSRYS5860825,D,S,T,2024-09-06,2000000.00,3.989182,104.53125
08:00:34,912810UC0,TSRYS5860825,D,S,T,2024-09-06,1000000.00,3.989182,104.53125
08:00:34,912810UC0,TSRYS5860825,D,S,T,2024-09-06,1000000.00,3.989835,104.51953125
08:00:34,912810UC0,TSRYS5860825,D,S,T,2024-09-06,1000000.00,3.989835,104.51953125
08:00:34,912810UC0,TSRYS5860825,D,S,T,2024-09-06,2000000.00,3.987657,104.55859375
08:00:34,912810UC0,TSRYS5860825,D,S,T,2024-09-06,1000000.00,3.988093,104.55078125
08:00:34,912810UC0,TSRYS5860825,D,S,T,2024-09-06,1000000.00,3.987004,104.5703125
08:00:34,912810UC0,TSRYS5860825,D,S,T,2024-09-06,1000000.00,3.987004,104.5703125
08:00:34,912810UC0,TSRYS5860825,D,S,T,2024-09-06,1000000.00,3.987657,104.55859375
08:00:34,912810UC0,TSRYS5860825,D,S,T,2024-09-06,1000000.00,3.986024,104.587890625
08:00:34,912810UC0,TSRYS5860825,D,S,D,2024-09-06,1000000.00,4.019792,103.984375
08:00:34,912810UC0,TSRYS5860825,D,S,D,2024-09-06,1000000.00,4.019792,103.984375
08:00:34,912810UC0,TSRYS5860825,D,S,D,2024-09-06,1000000.00,4.019792,103.984375
08:00:34,912810UC0,TSRYS5860825,D,S,D,2024-09-06,1000000.00,4.019792,103.984375
08:00:34,912810UC0,TSRYS5860825,D,S,D,2024-09-06,1000000.00,4.020231,103.9765625
08:00:34,912810UC0,TSRYS5860825,D,S,D,2024-09-06,1000000.00,4.01694,104.03515625
08:00:34,912810UC0,TSRYS5860825,D,S,D,2024-09-06,1000000.00,4.016063,104.05078125
08:00:34,912810UC0,TSRYS5860825,D,S,D,2024-09-06,1000000.00,4.016063,104.05078125
08:00:34,912810UC0,TSRYS5860825,D,S,D,2024-09-06,1000000.00,4.013652,104.09375
08:00:34,912810UC0,TSRYS5860825,D,S,D,2024-09-06,1000000.00,4.013652,104.09375
08:00:34,912810UC0,TSRYS5860825,D,S,D,2024-09-06,1000000.00,4.013652,104.09375
08:00:34,912810UC0,TSRYS5860825,D,S,D,2024-09-06,1000000.00,4.009053,104.17578125
08:00:34,912810UC0,TSRYS5860825,D,S,D,2024-09-06,1000000.00,4.009053,104.17578125
08:00:34,912810UC0,TSRYS5860825,D,S,D,2024-09-06,1000000.00,3.998123,104.37109375
08:00:34,912810UC0,TSRYS5860825,D,S,D,2024-09-06,1000000.00,3.99594,104.41015625
08:00:34,912810UC0,TSRYS5860825,D,S,D,2024-09-06,1000000.00,3.995068,104.42578125
08:00:34,912810UC0,TSRYS5860825,D,S,D,2024-09-06,1000000.00,3.997468,104.3828125
08:00:34,912810UC0,TSRYS5860825,D,S,D,2024-09-06,1000000.00,3.997031,104.390625
08:00:34,912810UC0,TSRYS5860825,D,S,D,2024-09-06,1000000.00,3.994195,104.44140625
08:00:34,912810UC0,TSRYS5860825,D,S,D,2024-09-06,1000000.00,3.993323,104.45703125
08:00:34,912810UC0,TSRYS5860825,D,S,D,2024-09-06,1000000.00,3.995286,104.421875
08:00:34,912810UC0,TSRYS5860825,D,S,D,2024-09-06,1000000.00,3.997905,104.375
08:00:34,912810UC0,TSRYS5860825,D,S,D,2024-09-06,1000000.00,3.997905,104.375
08:00:34,912810UC0,TSRYS5860825,D,S,D,2024-09-06,1000000.00,3.998778,104.359375
08:00:34,912810UC0,TSRYS5860825,D,S,D,2024-09-06,1000000.00,3.997686,104.37890625
08:00:34,912810UC0,TSRYS5860825,D,S,D,2024-09-06,1000000.00,3.995068,104.42578125
08:00:34,912810UC0,TSRYS5860825,D,S,D,2024-09-06,1000000.00,3.995286,104.421875
08:00:34,912810UC0,TSRYS5860825,D,S,D,2024-09-06,1000000.00,3.997905,104.375
08:00:34,912810UC0,TSRYS5860825,D,S,D,2024-09-06,1000000.00,3.997905,104.375
08:00:34,912810UC0,TSRYS5860825,D,S,D,2024-09-06,1000000.00,3.997905,104.375
08:00:34,912810UC0,TSRYS5860825,D,S,D,2024-09-06,1000000.00,3.996595,104.3984375
08:00:34,912810UC0,TSRYS5860825,D,S,D,2024-09-06,1000000.00,3.990707,104.50390625
08:00:34,912810UC0,TSRYS5860825,D,S,D,2024-09-06,1000000.00,3.995286,104.421875
08:00:34,912810UC0,TSRYS5860825,D,S,D,2024-09-06,1000000.00,3.997905,104.375
08:00:34,912810UC0,TSRYS5860825,D,S,D,2024-09-06,1000000.00,3.997905,104.375
08:00:34,912810UC0,TSRYS5860825,D,S,D,2024-09-06,1000000.00,3.997905,104.375
08:00:34,912810UC0,TSRYS5860825,D,S,D,2024-09-06,1000000.00,3.997905,104.375
08:00:34,912810UC0,TSRYS5860825,D,S,D,2024-09-06,1000000.00,3.997905,104.375
08:00:34,912810UC0,TSRYS5860825,D,S,D,2024-09-06,1000000.00,3.998341,104.3671875
08:00:34,912810UC0,TSRYS5860825,D,S,D,2024-09-06,1000000.00,3.993541,104.453125
08:00:34,912810UC0,TSRYS5860825,D,S,D,2024-09-06,1000000.00,3.993541,104.453125
08:00:34,912810UC0,TSRYS5860825,D,S,D,2024-09-06,1000000.00,3.993541,104.453125
08:00:34,912810UC0,TSRYS5860825,D,S,D,2024-09-06,1000000.00,3.993541,104.453125
08:00:34,912810UC0,TSRYS5860825,D,S,D,2024-09-06,1000000.00,3.993541,104.453125
08:00:34,912810UC0,TSRYS5860825,D,S,D,2024-09-06,1000000.00,3.993541,104.453125
08:00:34,912810UC0,TSRYS5860825,D,S,D,2024-09-06,1000000.00,3.993541,104.453125
08:00:34,912810UC0,TSRYS5860825,D,S,D,2024-09-06,1000000.00,3.993541,104.453125
08:00:34,912810UC0,TSRYS5860825,D,S,D,2024-09-06,1000000.00,3.993759,104.44921875
08:00:34,912810UC0,TSRYS5860825,D,S,D,2024-09-06,1000000.00,3.993977,104.4453125
08:00:34,912810UC0,TSRYS5860825,D,S,D,2024-09-06,1000000.00,3.993759,104.44921875
08:00:34,912810UC0,TSRYS5860825,D,S,D,2024-09-06,1000000.00,3.995286,104.421875
08:00:34,912810UC0,TSRYS5860825,D,S,D,2024-09-06,1000000.00,3.993977,104.4453125
08:00:34,912810UC0,TSRYS5860825,D,S,D,2024-09-06,1000000.00,3.987439,104.5625
08:00:34,912810UC0,TSRYS5860825,D,S,D,2024-09-06,1000000.00,3.987222,104.56640625
08:00:34,912810UC0,TSRYS5860825,D,S,D,2024-09-06,1000000.00,3.989182,104.53125
08:00:34,912810UC0,TSRYS5860825,D,S,D,2024-09-06,1000000.00,3.989182,104.53125
08:00:34,912810UC0,TSRYS5860825,D,S,D,2024-09-06,1000000.00,3.990925,104.5
08:00:34,912810UC0,TSRYS5860825,D,S,D,2024-09-06,1000000.00,3.991143,104.49609375
08:00:34,912810UC0,TSRYS5860825,D,S,D,2024-09-06,1000000.00,3.990925,104.5
08:00:34,912810UC0,TSRYS5860825,D,S,D,2024-09-06,1000000.00,3.990925,104.5
08:00:34,912810UC0,TSRYS5860825,D,S,D,2024-09-06,1000000.00,3.990925,104.5
08:00:34,912810UC0,TSRYS5860825,D,S,D,2024-09-06,1000000.00,3.990925,104.5
08:00:34,912810UC0,TSRYS5860825,D,S,D,2024-09-06,1000000.00,3.990925,104.5
08:00:34,912810UC0,TSRYS5860825,D,S,D,2024-09-06,1000000.00,3.990925,104.5
08:00:34,912810UC0,TSRYS5860825,D,S,D,2024-09-06,1000000.00,3.991361,104.4921875
08:00:34,912810UC0,TSRYS5860825,D,S,D,2024-09-06,1000000.00,3.987004,104.5703125
08:00:34,912810UC0,TSRYS5860825,D,S,D,2024-09-06,1000000.00,3.987004,104.5703125
08:00:34,912810UC0,TSRYS5860825,D,S,D,2024-09-06,1000000.00,3.987004,104.5703125
08:00:34,912810UC0,TSRYS5860825,D,S,D,2024-09-06,1000000.00,3.987875,104.5546875
08:00:34,912810UC0,TSRYS5860825,D,S,D,2024-09-06,1000000.00,3.984827,104.609375
08:00:34,912810UC0,TSRYS5860825,D,S,D,2024-09-06,1000000.00,3.986568,104.578125
08:00:34,912810UC0,TSRYS5860825,D,S,D,2024-09-06,1000000.00,3.988528,104.54296875
08:00:34,912810UC0,TSRYS5860825,D,S,D,2024-09-06,1000000.00,3.988093,104.55078125
08:00:34,912810UC0,TSRYS5860825,D,S,D,2024-09-06,1000000.00,3.987875,104.5546875
08:00:34,912810UC0,TSRYS5860825,D,S,D,2024-09-06,1000000.00,3.988964,104.53515625
08:00:34,912810UC0,TSRYS5860825,D,S,D,2024-09-06,1000000.00,3.988093,104.55078125
08:00:34,912810UC0,TSRYS5860825,D,S,D,2024-09-06,1000000.00,3.989835,104.51953125
08:00:34,912810UC0,TSRYS5860825,D,S,D,2024-09-06,1000000.00,3.986568,104.578125
08:00:34,912810UC0,TSRYS5860825,D,S,D,2024-09-06,1000000.00,3.987004,104.5703125
08:00:34,912810UC0,TSRYS5860825,D,S,D,2024-09-06,279000.00,3.98831,104.546875
08:00:34,912810UC0,TSRYS5860825,D,S,D,2024-09-06,1000000.00,3.9894,104.52734375
08:00:34,912810UC0,TSRYS5860825,D,S,D,2024-09-06,1000000.00,3.988964,104.53515625
08:00:34,912810UC0,TSRYS5860825,D,S,D,2024-09-06,279000.00,3.987222,104.56640625
08:00:34,912810UC0,TSRYS5860825,D,S,D,2024-09-06,279000.00,3.987439,104.5625
08:00:34,912810UC0,TSRYS5860825,D,S,D,2024-09-06,1000000.00,4.020011,103.98046875
08:00:34,912810UC0,TSRYS5860825,D,S,D,2024-09-06,1000000.00,4.020999,103.962890625
08:00:34,912810UC0,TSRYS5860825,D,S,D,2024-09-06,1000000.00,4.02078,103.966796875
08:00:34,912810UC0,TSRYS5860825,D,S,D,2024-09-06,1000000.00,4.021328,103.95703125
08:00:34,912810UC0,TSRYS5860825,D,S,D,2024-09-06,1000000.00,4.007411,104.205078125
08:00:34,912810UC0,TSRYS5860825,D,S,D,2024-09-06,1000000.00,4.005771,104.234375
08:00:34,912810UC0,TSRYS5860825,D,S,D,2024-09-06,1000000.00,4.007302,104.20703125
08:00:34,912810UC0,TSRYS5860825,D,S,D,2024-09-06,1000000.00,4.007411,104.205078125
08:00:34,912810UC0,TSRYS5860825,D,S,D,2024-09-06,1000000.00,4.007521,104.203125
08:00:34,912810UC0,TSRYS5860825,D,S,D,2024-09-06,1000000.00,4.007849,104.197265625
08:00:34,912810UC0,TSRYS5860825,D,S,D,2024-09-06,1000000.00,4.001727,104.306640625
08:00:34,912810UC0,TSRYS5860825,D,S,D,2024-09-06,1000000.00,4.001727,104.306640625
08:00:34,912810UC0,TSRYS5860825,D,S,D,2024-09-06,1000000.00,4.001727,104.306640625
08:00:34,912810UC0,TSRYS5860825,D,S,D,2024-09-06,1000000.00,4.001727,104.306640625
08:00:34,912810UC0,TSRYS5860825,D,S,D,2024-09-06,1000000.00,4.001727,104.306640625
08:00:34,912810UC0,TSRYS5860825,D,S,D,2024-09-06,1000000.00,4.001727,104.306640625
08:00:34,912810UC0,TSRYS5860825,D,S,D,2024-09-06,1000000.00,4.003147,104.28125
08:00:34,912810UC0,TSRYS5860825,D,S,D,2024-09-06,1000000.00,3.997468,104.3828125
08:00:34,912810UC0,TSRYS5860825,D,S,D,2024-09-06,1000000.00,3.992451,104.47265625
08:00:34,912810UC0,TSRYS5860825,D,S,D,2024-09-06,1000000.00,3.995177,104.423828125
08:00:34,912810UC0,TSRYS5860825,D,S,D,2024-09-06,1000000.00,3.997577,104.380859375
08:00:34,912810UC0,TSRYS5860825,D,S,D,2024-09-06,1000000.00,3.997577,104.380859375
08:00:34,912810UC0,TSRYS5860825,D,S,D,2024-09-06,1000000.00,3.996377,104.40234375
08:00:34,912810UC0,TSRYS5860825,D,S,D,2024-09-06,1000000.00,3.996377,104.40234375
08:00:34,912810UC0,TSRYS5860825,D,S,D,2024-09-06,1000000.00,3.997031,104.390625
08:00:34,912810UC0,TSRYS5860825,D,S,D,2024-09-06,1000000.00,3.99365,104.451171875
08:00:34,912810UC0,TSRYS5860825,D,S,D,2024-09-06,1000000.00,3.993541,104.453125
08:00:34,912810UC0,TSRYS5860825,D,S,D,2024-09-06,1000000.00,3.993432,104.455078125
08:00:34,912810UC0,TSRYS5860825,D,S,D,2024-09-06,1000000.00,3.995504,104.41796875
08:00:34,912810UC0,TSRYS5860825,D,S,D,2024-09-06,1000000.00,3.991034,104.498046875
08:00:34,912810UC0,TSRYS5860825,D,S,D,2024-09-06,1000000.00,3.993868,104.447265625
08:00:34,912810UC0,TSRYS5860825,D,S,D,2024-09-06,1000000.00,3.993868,104.447265625
08:00:34,912810UC0,TSRYS5860825,D,S,D,2024-09-06,1000000.00,3.993868,104.447265625
08:00:34,912810UC0,TSRYS5860825,D,S,D,2024-09-06,1000000.00,3.991143,104.49609375
08:00:34,912810UC0,TSRYS5860825,D,S,D,2024-09-06,1000000.00,3.988964,104.53515625
08:00:34,912810UC0,TSRYS5860825,D,S,D,2024-09-06,1000000.00,3.989073,104.533203125
08:00:34,912810UC0,TSRYS5860825,D,S,D,2024-09-06,1000000.00,3.988964,104.53515625
08:00:34,912810UC0,TSRYS5860825,D,S,D,2024-09-06,1000000.00,3.989509,104.525390625
08:00:34,912810UC0,TSRYS5860825,D,S,D,2024-09-06,1000000.00,3.989617,104.5234375
08:00:34,912810UC0,TSRYS5860825,D,S,D,2024-09-06,1000000.00,3.989509,104.525390625
08:00:34,912810UC0,TSRYS5860825,D,S,D,2024-09-06,1000000.00,3.989509,104.525390625
08:00:34,912810UC0,TSRYS5860825,D,S,D,2024-09-06,1000000.00,3.990816,104.501953125
08:00:34,912810UC0,TSRYS5860825,D,S,D,2024-09-06,1000000.00,3.991034,104.498046875
08:00:34,912810UC0,TSRYS5860825,D,S,D,2024-09-06,1000000.00,3.991688,104.486328125
08:00:34,912810UC0,TSRYS5860825,D,S,D,2024-09-06,1000000.00,3.991688,104.486328125
08:00:34,912810UC0,TSRYS5860825,D,S,D,2024-09-06,1000000.00,3.991688,104.486328125
08:00:34,912810UC0,TSRYS5860825,D,S,D,2024-09-06,1000000.00,3.991688,104.486328125
08:00:34,912810UC0,TSRYS5860825,D,S,D,2024-09-06,1000000.00,3.991688,104.486328125
08:00:34,912810UC0,TSRYS5860825,D,S,D,2024-09-06,1000000.00,3.991797,104.484375
08:00:34,912810UC0,TSRYS5860825,D,S,D,2024-09-06,1000000.00,3.991688,104.486328125
08:00:34,912810UC0,TSRYS5860825,D,S,D,2024-09-06,1000000.00,3.991688,104.486328125
08:00:34,912810UC0,TSRYS5860825,D,S,D,2024-09-06,1000000.00,3.991034,104.498046875
08:00:34,912810UC0,TSRYS5860825,D,S,D,2024-09-06,1000000.00,3.987113,104.568359375
08:00:34,912810UC0,TSRYS5860825,D,S,D,2024-09-06,1000000.00,3.987113,104.568359375
08:00:34,912810UC0,TSRYS5860825,D,S,D,2024-09-06,1000000.00,3.987113,104.568359375
08:00:34,912810UC0,TSRYS5860825,D,S,D,2024-09-06,1000000.00,3.987113,104.568359375
08:00:34,912810UC0,TSRYS5860825,D,S,D,2024-09-06,1000000.00,3.987004,104.5703125
08:00:34,912810UC0,TSRYS5860825,D,S,D,2024-09-06,1000000.00,3.987004,104.5703125
08:00:34,912810UC0,TSRYS5860825,D,S,D,2024-09-06,1000000.00,3.987004,104.5703125
08:00:34,912810UC0,TSRYS5860825,D,S,D,2024-09-06,1000000.00,3.987004,104.5703125
08:00:34,912810UC0,TSRYS5860825,D,S,D,2024-09-06,1000000.00,3.987004,104.5703125
08:00:34,912810UC0,TSRYS5860825,D,S,D,2024-09-06,1000000.00,3.987004,104.5703125
08:00:34,912810UC0,TSRYS5860825,D,S,D,2024-09-06,1000000.00,3.987004,104.5703125
08:00:34,912810UC0,TSRYS5860825,D,S,D,2024-09-06,1000000.00,3.987004,104.5703125
08:00:34,912810UC0,TSRYS5860825,D,S,D,2024-09-06,1000000.00,3.988419,104.544921875
08:00:34,912810UC0,TSRYS5860825,D,S,D,2024-09-06,1000000.00,3.9894,104.52734375
08:00:34,912810UC0,TSRYS5860825,D,S,D,2024-09-06,1000000.00,3.989291,104.529296875
08:00:34,912810UC0,TSRYS5860825,D,S,D,2024-09-06,1000000.00,3.988093,104.55078125
08:00:34,912810UC0,TSRYS5860825,D,S,D,2024-09-06,1000000.00,3.988202,104.548828125
08:00:34,912810UC0,TSRYS5860825,D,S,D,2024-09-06,1000000.00,3.986677,104.576171875
08:00:34,912810UC0,TSRYS5860825,D,S,D,2024-09-06,1000000.00,3.987113,104.568359375
08:00:34,912810UC0,TSRYS5860825,D,S,D,2024-09-06,1000000.00,3.987113,104.568359375
08:00:34,912810UC0,TSRYS5860825,D,S,D,2024-09-06,1000000.00,3.987113,104.568359375
08:00:34,912810UC0,TSRYS5860825,D,S,D,2024-09-06,1000000.00,3.984283,104.619140625
08:00:34,912810UC0,TSRYS5860825,D,S,D,2024-09-06,1000000.00,3.984283,104.619140625
08:00:34,912810UC0,TSRYS5860825,D,S,D,2024-09-06,1000000.00,3.988202,104.548828125
08:00:34,912810UC0,TSRYS5860825,D,S,D,2024-09-06,1000000.00,3.988637,104.541015625
08:00:34,912810UC0,TSRYS5860825,D,S,D,2024-09-06,1000000.00,3.988528,104.54296875
08:00:34,912810UC0,TSRYS5860825,D,S,D,2024-09-06,1000000.00,3.987439,104.5625
08:00:34,912810UC0,TSRYS5860825,D,S,D,2024-09-06,1000000.00,3.987875,104.5546875
08:00:34,912810UC0,TSRYS5860825,D,S,D,2024-09-06,1000000.00,3.988419,104.544921875
08:00:34,912810UC0,TSRYS5860825,D,S,D,2024-09-06,1000000.00,3.987331,104.564453125
08:00:34,912810UC0,TSRYS5860825,D,S,D,2024-09-06,1000000.00,3.989944,104.517578125
08:00:35,912810UC0,TSRYS5860825,D,B,C,2024-09-06,1000000.00,4.000525,104.328125
08:00:35,912810UC0,TSRYS5860825,D,S,D,2024-09-06,1000000.00,4.000525,104.328125
08:00:35,912810UC0,TSRYS5860825,D,S,D,2024-09-06,1000000.00,4.000525,104.328125
08:00:35,912810UC0,TSRYS5860825,D,S,D,2024-09-06,2000000.00,4.000525,104.328125
08:00:35,912810UC0,TSRYS5860825,D,B,C,2024-09-06,1000000.00,4.000525,104.328125
08:00:35,912810UC0,TSRYS5860825,D,B,C,2024-09-06,2000000.00,4.000525,104.328125
08:00:35,912810UC0,TSRYS5860825,D,S,D,2024-09-06,1000000.00,4.000525,104.328125
08:00:35,912810UC0,TSRYS5860825,D,S,D,2024-09-06,3000000.00,4.000525,104.328125
08:00:35,912810UC0,TSRYS5860825,D,S,D,2024-09-06,1000000.00,4.000525,104.328125
08:00:35,912810UC0,TSRYS5860825,D,B,C,2024-09-06,3000000.00,4.000525,104.328125
08:00:35,912810UC0,TSRYS5860825,D,B,C,2024-09-06,1000000.00,4.000525,104.328125
08:00:35,912810UC0,TSRYS5860825,D,B,C,2024-09-06,1000000.00,4.000525,104.328125
08:00:35,912810UC0,TSRYS5860825,D,B,C,2024-09-06,1000000.00,4.000525,104.328125
08:00:35,912810UC0,TSRYS5860825,D,S,D,2024-09-06,1000000.00,4.000525,104.328125
08:00:36,912810UC0,TSRYS5860825,D,S,D,2024-09-06,1000000.00,3.999215,104.3515625
08:00:36,912810UC0,TSRYS5860825,D,S,D,2024-09-06,1000000.00,3.999215,104.3515625
08:00:37,912810UC0,TSRYS5860825,D,S,A,2024-09-06,5000000.00,4.022911,103.9296875
08:00:37,912810UC0,TSRYS5860825,D,B,A,2024-09-06,5000000.00,4.023305,103.921875
08:00:37,912810UC0,TSRYS5860825,D,B,A,2024-09-06,5000000.00,4.02067,103.96875
08:00:37,912810UC0,TSRYS5860825,D,S,D,2024-09-06,1000000.00,4.020341,103.974609375
08:00:37,912810UC0,TSRYS5860825,D,S,D,2024-09-06,1000000.00,4.02067,103.96875
08:00:37,912810UC0,TSRYS5860825,D,S,D,2024-09-06,1000000.00,4.02078,103.966796875
08:00:37,912810UC0,TSRYS5860825,D,S,D,2024-09-06,1000000.00,4.020341,103.974609375
08:00:37,912810UC0,TSRYS5860825,D,S,D,2024-09-06,1000000.00,4.020011,103.98046875
08:00:37,912810UC0,TSRYS5860825,D,S,A,2024-09-06,710000.00,3.993105,104.4609375
08:00:37,912810UC0,TSRYS5860825,D,S,C,2024-09-06,1000000.00,4.024099,103.90775
08:00:37,912810UC0,TSRYS5860825,D,S,D,2024-09-06,16000000.00,4.001399,104.3125
08:00:37,912810UC0,TSRYS5860825,D,S,D,2024-09-06,11000000.00,3.999651,104.34375
08:00:37,912810UC0,TSRYS5860825,D,S,D,2024-09-06,1000000.00,4.020011,103.98046875
08:00:37,912810UC0,TSRYS5860825,D,B,A,2024-09-06,5000000.00,4.021109,103.9609375
08:00:37,912810UC0,TSRYS5860825,D,B,A,2024-09-06,2000000.00,4.020231,103.9765625
08:00:37,912810UC0,TSRYS5860825,D,B,A,2024-09-06,2000000.00,4.022207,103.94140625
08:00:37,912810UC0,TSRYS5860825,D,B,C,2024-09-06,5000000.00,4.019792,103.984375
08:00:37,912810UC0,TSRYS5860825,D,S,T,2024-09-06,1000000.00,4.010585,104.1484375
08:00:37,912810UC0,TSRYS5860825,D,B,C,2024-09-06,2500000.00,4.007958,104.1953125
08:00:37,912810UC0,TSRYS5860825,D,S,A,2024-09-06,7000000.00,4.005333,104.2421875
08:00:37,912810UC0,TSRYS5860825,D,S,T,2024-09-06,1000000.00,4.001727,104.306640625
08:00:37,912810UC0,TSRYS5860825,D,S,D,2024-09-06,14000000.00,4.002109,104.2998
08:00:37,912810UC0,TSRYS5860825,D,S,A,2024-09-06,10000000.00,3.99987,104.33984375
08:00:37,912810UC0,TSRYS5860825,D,S,C,2024-09-06,5000000.00,3.998123,104.37109375
08:00:37,912810UC0,TSRYS5860825,D,B,A,2024-09-06,2500000.00,3.997905,104.375
08:00:37,912810UC0,TSRYS5860825,D,S,A,2024-09-06,8500000.00,3.99485,104.4296875
08:00:37,912810UC0,TSRYS5860825,D,B,C,2024-09-06,1100000.00,3.996377,104.40234375
08:00:37,912810UC0,TSRYS5860825,D,B,C,2024-09-06,3000000.00,3.99725,104.38671875
08:00:37,912810UC0,TSRYS5860825,D,B,A,2024-09-06,10000000.00,3.996159,104.40625
08:00:37,912810UC0,TSRYS5860825,D,S,T,2024-09-06,1000000.00,3.998123,104.37109375
08:00:37,912810UC0,TSRYS5860825,D,S,C,2024-09-06,2000000.00,3.997905,104.375
08:00:37,912810UC0,TSRYS5860825,D,S,T,2024-09-06,1000000.00,3.997031,104.390625
08:00:37,912810UC0,TSRYS5860825,D,S,T,2024-09-06,1000000.00,3.997468,104.3828125
08:00:37,912810UC0,TSRYS5860825,D,S,T,2024-09-06,1000000.00,3.997468,104.3828125
08:00:37,912810UC0,TSRYS5860825,D,B,A,2024-09-06,5000000.00,3.997468,104.3828125
08:00:38,912810UC0,TSRYS5860825,D,S,T,2024-09-06,1000000.00,3.99845,104.365234375
08:00:38,912810UC0,TSRYS5860825,D,B,A,2024-09-06,3000000.00,3.998341,104.3671875
08:00:38,912810UC0,TSRYS5860825,D,S,T,2024-09-06,1000000.00,3.998778,104.359375
08:00:38,912810UC0,TSRYS5860825,D,S,T,2024-09-06,1000000.00,3.998778,104.359375
08:00:38,912810UC0,TSRYS5860825,D,S,T,2024-09-06,1000000.00,3.996704,104.396484375
08:00:38,912810UC0,TSRYS5860825,D,S,D,2024-09-06,2000000.00,3.998778,104.359375
08:00:38,912810UC0,TSRYS5860825,D,S,D,2024-09-06,2000000.00,3.998778,104.359375
08:00:38,912810UC0,TSRYS5860825,D,S,D,2024-09-06,1000000.00,3.998778,104.359375
08:00:38,912810UC0,TSRYS5860825,D,S,T,2024-09-06,1000000.00,3.997031,104.390625
08:00:38,912810UC0,TSRYS5860825,D,S,T,2024-09-06,1000000.00,3.997905,104.375
08:00:38,912810UC0,TSRYS5860825,D,S,T,2024-09-06,1000000.00,3.998778,104.359375
08:00:38,912810UC0,TSRYS5860825,D,S,T,2024-09-06,1000000.00,3.997577,104.380859375
08:00:38,912810UC0,TSRYS5860825,D,S,T,2024-09-06,2000000.00,3.994413,104.4375
08:00:38,912810UC0,TSRYS5860825,D,S,T,2024-09-06,1000000.00,3.996159,104.40625
08:00:38,912810UC0,TSRYS5860825,D,S,T,2024-09-06,1000000.00,3.996159,104.40625
08:00:38,912810UC0,TSRYS5860825,D,S,T,2024-09-06,1000000.00,3.996159,104.40625
08:00:38,912810UC0,TSRYS5860825,D,S,T,2024-09-06,1000000.00,3.995286,104.421875
08:00:38,912810UC0,TSRYS5860825,D,S,D,2024-09-06,1000000.00,3.99629,104.4039026663
08:00:38,912810UC0,TSRYS5860825,D,S,D,2024-09-06,1000000.00,3.99535,104.420728211
08:00:38,912810UC0,TSRYS5860825,D,S,D,2024-09-06,1000000.00,3.99535,104.420728211
08:00:38,912810UC0,TSRYS5860825,D,S,D,2024-09-06,1000000.00,3.99535,104.420728211
08:00:38,912810UC0,TSRYS5860825,D,S,D,2024-09-06,1000000.00,3.99535,104.420728211
08:00:38,912810UC0,TSRYS5860825,D,S,T,2024-09-06,1000000.00,3.995286,104.421875
08:00:38,912810UC0,TSRYS5860825,D,S,T,2024-09-06,1000000.00,3.995286,104.421875
08:00:38,912810UC0,TSRYS5860825,D,S,D,2024-09-06,1000000.00,3.99535,104.420728211
08:00:38,912810UC0,TSRYS5860825,D,S,D,2024-09-06,1000000.00,3.99535,104.420728211
08:00:38,912810UC0,TSRYS5860825,D,S,T,2024-09-06,1000000.00,3.995286,104.421875
08:00:38,912810UC0,TSRYS5860825,D,S,D,2024-09-06,1000000.00,3.99535,104.420728211
08:00:38,912810UC0,TSRYS5860825,D,S,T,2024-09-06,1000000.00,3.995286,104.421875
08:00:38,912810UC0,TSRYS5860825,D,S,D,2024-09-06,1000000.00,3.997031,104.390625
08:00:38,912810UC0,TSRYS5860825,D,S,D,2024-09-06,1000000.00,3.99535,104.420728211
08:00:38,912810UC0,TSRYS5860825,D,S,T,2024-09-06,1000000.00,3.995286,104.421875
08:00:38,912810UC0,TSRYS5860825,D,S,A,2024-09-06,248900.00,3.992887,104.46484375
08:00:38,912810UC0,TSRYS5860825,D,B,C,2024-09-06,2000000.00,3.987875,104.5546875
08:00:38,912810UC0,TSRYS5860825,D,S,D,2024-09-06,1000000.00,3.990594,104.5059310493
08:00:38,912810UC0,TSRYS5860825,D,S,D,2024-09-06,1000000.00,3.990594,104.5059310493
08:00:38,912810UC0,TSRYS5860825,D,S,T,2024-09-06,1000000.00,3.990489,104.5078125
08:00:38,912810UC0,TSRYS5860825,D,S,D,2024-09-06,1000000.00,3.990594,104.5059310493
08:00:38,912810UC0,TSRYS5860825,D,S,D,2024-09-06,1000000.00,3.990594,104.5059310493
08:00:38,912810UC0,TSRYS5860825,D,S,D,2024-09-06,1000000.00,3.990594,104.5059310493
08:00:38,912810UC0,TSRYS5860825,D,S,D,2024-09-06,1000000.00,3.990594,104.5059310493
08:00:38,912810UC0,TSRYS5860825,D,S,D,2024-09-06,1000000.00,3.990594,104.5059310493
08:00:38,912810UC0,TSRYS5860825,D,S,T,2024-09-06,1000000.00,3.990925,104.5
08:00:38,912810UC0,TSRYS5860825,D,S,T,2024-09-06,1000000.00,3.990925,104.5
08:00:38,912810UC0,TSRYS5860825,D,S,T,2024-09-06,1000000.00,3.990925,104.5
08:00:38,912810UC0,TSRYS5860825,D,S,T,2024-09-06,1000000.00,3.990925,104.5
08:00:38,912810UC0,TSRYS5860825,D,S,C,2024-09-06,3000000.00,3.992451,104.47265625
08:00:38,912810UC0,TSRYS5860825,D,S,T,2024-09-06,1000000.00,3.990925,104.5
08:00:38,912810UC0,TSRYS5860825,D,S,T,2024-09-06,1000000.00,3.991797,104.484375
08:00:38,912810UC0,TSRYS5860825,D,S,A,2024-09-06,863000.00,3.987657,104.55859375
08:00:38,912810UC0,TSRYS5860825,D,S,T,2024-09-06,1000000.00,3.987439,104.5625
08:00:38,912810UC0,TSRYS5860825,D,S,T,2024-09-06,1000000.00,3.98831,104.546875
08:00:38,912810UC0,TSRYS5860825,D,S,T,2024-09-06,1000000.00,3.983304,104.63671875
08:00:38,912810UC0,TSRYS5860825,D,S,T,2024-09-06,1000000.00,3.984392,104.6171875
08:00:38,912810UC0,TSRYS5860825,D,S,T,2024-09-06,1000000.00,3.984392,104.6171875
08:00:38,912810UC0,TSRYS5860825,D,S,T,2024-09-06,1000000.00,3.986024,104.587890625
08:00:38,912810UC0,TSRYS5860825,D,S,T,2024-09-06,1000000.00,3.987222,104.56640625
08:00:38,912810UC0,TSRYS5860825,D,S,T,2024-09-06,1000000.00,3.987222,104.56640625
08:00:38,912810UC0,TSRYS5860825,D,S,T,2024-09-06,1000000.00,3.989182,104.53125
08:00:38,912810UC0,TSRYS5860825,D,S,D,2024-09-06,1000000.00,3.989182,104.53125
08:00:38,912810UC0,TSRYS5860825,D,S,D,2024-09-06,1000000.00,3.989182,104.53125
08:00:38,912810UC0,TSRYS5860825,D,S,D,2024-09-06,1000000.00,3.98831,104.546875
08:00:38,912810UC0,TSRYS5860825,D,S,D,2024-09-06,1000000.00,3.98831,104.546875
08:00:38,912810UC0,TSRYS5860825,D,S,T,2024-09-06,1000000.00,3.989182,104.53125
08:00:38,912810UC0,TSRYS5860825,D,S,T,2024-09-06,1000000.00,3.98831,104.546875
08:00:38,912810UC0,TSRYS5860825,D,S,T,2024-09-06,1000000.00,3.98831,104.546875
08:00:38,912810UC0,TSRYS5860825,D,S,D,2024-09-06,5000000.00,3.98831,104.546875
08:00:38,912810UC0,TSRYS5860825,D,S,D,2024-09-06,1000000.00,3.990053,104.515625
08:00:38,912810UC0,TSRYS5860825,D,B,C,2024-09-06,250000.00,3.986568,104.578125
08:00:38,912810UC0,TSRYS5860825,D,S,T,2024-09-06,1000000.00,3.98831,104.546875
08:00:38,912810UC0,TSRYS5860825,D,S,D,2024-09-06,1000000.00,3.98831,104.546875
08:00:38,912810UC0,TSRYS5860825,D,S,D,2024-09-06,1000000.00,3.98831,104.546875
08:00:38,912810UC0,TSRYS5860825,D,S,T,2024-09-06,1000000.00,3.98831,104.546875
08:00:38,912810UC0,TSRYS5860825,D,S,T,2024-09-06,1000000.00,3.98831,104.546875
08:00:38,912810UC0,TSRYS5860825,D,S,T,2024-09-06,1000000.00,3.98831,104.546875
08:00:38,912810UC0,TSRYS5860825,D,S,D,2024-09-06,1000000.00,3.989182,104.53125
08:00:38,912810UC0,TSRYS5860825,D,S,D,2024-09-06,1000000.00,3.98831,104.546875
08:00:38,912810UC0,TSRYS5860825,D,S,D,2024-09-06,1000000.00,3.989182,104.53125
08:00:38,912810UC0,TSRYS5860825,D,S,D,2024-09-06,1000000.00,3.989182,104.53125
08:00:38,912810UC0,TSRYS5860825,D,S,D,2024-09-06,1000000.00,3.989182,104.53125
08:00:38,912810UC0,TSRYS5860825,D,S,T,2024-09-06,1000000.00,3.990053,104.515625
08:00:38,912810UC0,TSRYS5860825,D,S,T,2024-09-06,1000000.00,3.989182,104.53125
08:00:38,912810UC0,TSRYS5860825,D,S,T,2024-09-06,1000000.00,3.989182,104.53125
08:00:38,912810UC0,TSRYS5860825,D,S,T,2024-09-06,1000000.00,3.990053,104.515625
08:00:38,912810UC0,TSRYS5860825,D,S,T,2024-09-06,1000000.00,3.990053,104.515625
08:00:38,912810UC0,TSRYS5860825,D,S,T,2024-09-06,1000000.00,3.990053,104.515625
08:00:38,912810UC0,TSRYS5860825,D,S,T,2024-09-06,1000000.00,3.988528,104.54296875
08:00:38,912810UC0,TSRYS5860825,D,S,D,2024-09-06,1000000.00,3.98831,104.546875
08:00:38,912810UC0,TSRYS5860825,D,S,T,2024-09-06,1000000.00,3.98831,104.546875
08:00:38,912810UC0,TSRYS5860825,D,S,T,2024-09-06,1000000.00,3.98831,104.546875
08:00:38,912810UC0,TSRYS5860825,D,S,D,2024-09-06,1000000.00,3.98831,104.546875
08:00:38,912810UC0,TSRYS5860825,D,S,D,2024-09-06,1000000.00,3.98831,104.546875
08:00:38,912810UC0,TSRYS5860825,D,S,T,2024-09-06,1000000.00,3.987657,104.55859375
08:00:38,912810UC0,TSRYS5860825,D,S,T,2024-09-06,1000000.00,3.987657,104.55859375
08:00:38,912810UC0,TSRYS5860825,D,S,T,2024-09-06,1000000.00,3.987439,104.5625
08:00:38,912810UC0,TSRYS5860825,D,S,T,2024-09-06,1000000.00,3.987548,104.560546875
08:00:38,912810UC0,TSRYS5860825,D,S,T,2024-09-06,1000000.00,3.987548,104.560546875
08:00:38,912810UC0,TSRYS5860825,D,S,T,2024-09-06,1000000.00,3.987439,104.5625
08:00:38,912810UC0,TSRYS5860825,D,S,D,2024-09-06,1000000.00,3.987439,104.5625
08:00:38,912810UC0,TSRYS5860825,D,S,D,2024-09-06,1000000.00,3.987439,104.5625
08:00:38,912810UC0,TSRYS5860825,D,S,T,2024-09-06,1000000.00,3.98831,104.546875
08:00:38,912810UC0,TSRYS5860825,D,S,D,2024-09-06,1000000.00,3.987439,104.5625
08:00:38,912810UC0,TSRYS5860825,D,S,T,2024-09-06,1000000.00,3.989182,104.53125
08:00:38,912810UC0,TSRYS5860825,D,S,D,2024-09-06,1000000.00,3.98831,104.546875
08:00:38,912810UC0,TSRYS5860825,D,S,T,2024-09-06,1000000.00,3.989182,104.53125
08:00:38,912810UC0,TSRYS5860825,D,S,D,2024-09-06,150000.00,3.989182,104.53125
08:00:38,912810UC0,TSRYS5860825,D,S,D,2024-09-06,1000000.00,3.989182,104.53125
08:00:38,912810UC0,TSRYS5860825,D,S,D,2024-09-06,1000000.00,3.989182,104.53125
08:00:38,912810UC0,TSRYS5860825,D,S,D,2024-09-06,1000000.00,3.989182,104.53125
08:00:38,912810UC0,TSRYS5860825,D,S,T,2024-09-06,1000000.00,3.990053,104.515625
08:00:38,912810UC0,TSRYS5860825,D,S,D,2024-09-06,1000000.00,3.990053,104.515625
08:00:38,912810UC0,TSRYS5860825,D,S,D,2024-09-06,1000000.00,3.989182,104.53125
08:00:38,912810UC0,TSRYS5860825,D,S,D,2024-09-06,1000000.00,3.989182,104.53125
08:00:38,912810UC0,TSRYS5860825,D,S,D,2024-09-06,1000000.00,3.989182,104.53125
08:00:38,912810UC0,TSRYS5860825,D,S,D,2024-09-06,1000000.00,3.989182,104.53125
08:00:38,912810UC0,TSRYS5860825,D,S,D,2024-09-06,1000000.00,3.989182,104.53125
08:00:38,912810UC0,TSRYS5860825,D,S,D,2024-09-06,1000000.00,3.990053,104.515625
08:00:38,912810UC0,TSRYS5860825,D,S,D,2024-09-06,1000000.00,3.990053,104.515625
08:00:38,912810UC0,TSRYS5860825,D,S,D,2024-09-06,1000000.00,3.990053,104.515625
08:00:38,912810UC0,TSRYS5860825,D,S,D,2024-09-06,1000000.00,3.990053,104.515625
08:00:38,912810UC0,TSRYS5860825,D,S,D,2024-09-06,1000000.00,3.990053,104.515625
08:00:38,912810UC0,TSRYS5860825,D,S,D,2024-09-06,1000000.00,3.990925,104.5
08:00:38,912810UC0,TSRYS5860825,D,S,T,2024-09-06,1000000.00,3.989835,104.51953125
08:00:38,912810UC0,TSRYS5860825,D,S,T,2024-09-06,1000000.00,3.990053,104.515625
08:00:38,912810UC0,TSRYS5860825,D,S,T,2024-09-06,1000000.00,3.989182,104.53125
08:00:38,912810UC0,TSRYS5860825,D,S,D,2024-09-06,1000000.00,3.990925,104.5
08:00:38,912810UC0,TSRYS5860825,D,S,T,2024-09-06,1000000.00,3.987439,104.5625
08:00:38,912810UC0,TSRYS5860825,D,S,T,2024-09-06,1000000.00,3.987439,104.5625
08:00:38,912810UC0,TSRYS5860825,D,S,T,2024-09-06,1000000.00,3.987439,104.5625
08:00:38,912810UC0,TSRYS5860825,D,S,T,2024-09-06,1000000.00,3.98831,104.546875
08:00:38,912810UC0,TSRYS5860825,D,S,D,2024-09-06,1000000.00,3.989182,104.53125
08:00:38,912810UC0,TSRYS5860825,D,S,D,2024-09-06,1000000.00,3.987439,104.5625
08:00:41,912810UC0,TSRYS5860825,D,S,D,2024-09-06,6000000.00,3.991361,104.4921875
08:00:41,912810UC0,TSRYS5860825,D,S,D,2024-09-06,29000000.00,3.986859,104.572916667
08:00:41,912810UC0,TSRYS5860825,D,S,D,2024-09-06,1000000.00,3.987439,104.5625
08:00:41,912810UC0,TSRYS5860825,D,S,D,2024-09-06,1000000.00,3.987439,104.5625
08:00:41,912810UC0,TSRYS5860825,D,S,D,2024-09-06,2000000.00,3.988136,104.55
08:00:41,912810UC0,TSRYS5860825,D,S,D,2024-09-06,28000000.00,3.988808,104.537946429
08:00:41,912810UC0,TSRYS5860825,D,S,D,2024-09-06,1000000.00,3.987439,104.5625
08:00:41,912810UC0,TSRYS5860825,D,S,D,2024-09-06,1000000.00,3.987439,104.5625
08:00:41,912810UC0,TSRYS5860825,D,S,C,2024-09-06,8400000.00,4.000152,104.334795841
08:00:41,912810UC0,TSRYS5860825,D,S,D,2024-09-06,4000000.00,3.989879,104.51875
08:00:41,912810UC0,TSRYS5860825,D,S,D,2024-09-06,6000000.00,3.988746,104.5390625
08:00:41,912810UC0,TSRYS5860825,D,S,C,2024-09-06,5000000.00,3.986111,104.5863375
08:00:42,912810UC0,TSRYS5860825,D,S,D,2024-09-06,1000000.00,3.987875,104.5546875
08:00:42,912810UC0,TSRYS5860825,D,B,A,2024-09-06,3000000.00,4.00599,104.23046875
08:00:42,912810UC0,TSRYS5860825,D,S,D,2024-09-06,1000000.00,3.997905,104.375
08:00:42,912810UC0,TSRYS5860825,D,S,D,2024-09-06,33000000.00,3.988637,104.541015625
08:00:42,912810UC0,TSRYS5860825,D,S,D,2024-09-06,50MM+,3.986568,104.578125
08:00:42,912810UC0,TSRYS5860825,D,B,C,2024-09-06,1000000.00,3.997031,104.390625
08:00:42,912810UC0,TSRYS5860825,D,S,D,2024-09-06,1000000.00,3.997031,104.390625
08:00:42,912810UC0,TSRYS5860825,D,S,A,2024-09-06,5000000.00,4.00118,104.316406
08:00:42,912810UC0,TSRYS5860825,D,S,D,2024-09-06,1000000.00,3.996159,104.40625
08:00:42,912810UC0,TSRYS5860825,D,S,D,2024-09-06,1000000.00,3.997905,104.375
08:00:42,912810UC0,TSRYS5860825,D,S,T,2024-09-06,2000000.00,4.000525,104.328125
08:00:43,912810UC0,TSRYS5860825,D,S,D,2024-09-06,1000000.00,3.998505,104.364257812
08:00:43,912810UC0,TSRYS5860825,D,S,D,2024-09-06,1000000.00,3.990053,104.515625
08:00:43,912810UC0,TSRYS5860825,D,S,D,2024-09-06,1000000.00,3.990053,104.515625
08:00:43,912810UC0,TSRYS5860825,D,S,D,2024-09-06,1000000.00,3.990162,104.513671875
08:00:44,912810UC0,TSRYS5860825,D,S,D,2024-09-06,1000000.00,3.997905,104.375
08:00:44,912810UC0,TSRYS5860825,D,S,D,2024-09-06,1000000.00,3.997686,104.37890625
08:00:44,912810UC0,TSRYS5860825,D,S,D,2024-09-06,1000000.00,3.997905,104.375
08:00:44,912810UC0,TSRYS5860825,D,B,C,2024-09-06,1000000.00,3.997905,104.375
08:00:44,912810UC0,TSRYS5860825,D,S,D,2024-09-06,1000000.00,3.990108,104.514648438
08:00:44,912810UC0,TSRYS5860825,D,S,D,2024-09-06,1000000.00,3.987439,104.5625
08:00:44,912810UC0,TSRYS5860825,D,S,C,2024-09-06,3904000.00,3.987004,104.5703125
08:00:44,912810UC0,TSRYS5860825,D,S,D,2024-09-06,6000000.00,3.988659,104.540625
08:00:44,912810UC0,TSRYS5860825,D,S,D,2024-09-06,17000000.00,3.999175,104.352272727
08:00:44,912810UC0,TSRYS5860825,D,S,D,2024-09-06,6000000.00,3.988659,104.540625
08:00:44,912810UC0,TSRYS5860825,D,S,D,2024-09-06,1000000.00,3.988964,104.53515625
08:00:45,912810UC0,TSRYS5860825,D,B,C,2024-09-06,1000000.00,3.997686,104.37890625
08:00:45,912810UC0,TSRYS5860825,D,S,D,2024-09-06,1000000.00,3.997686,104.37890625
08:00:45,912810UC0,TSRYS5860825,D,B,C,2024-09-06,1000000.00,3.997905,104.375
08:00:45,912810UC0,TSRYS5860825,D,B,C,2024-09-06,1000000.00,3.997686,104.37890625
08:00:45,912810UC0,TSRYS5860825,D,S,D,2024-09-06,1000000.00,3.997468,104.3828125
08:00:45,912810UC0,TSRYS5860825,D,B,C,2024-09-06,1000000.00,3.997468,104.3828125
08:00:45,912810UC0,TSRYS5860825,D,S,D,2024-09-06,2000000.00,3.99645,104.401041667
08:00:45,912810UC0,TSRYS5860825,D,B,C,2024-09-06,50MM+,3.986568,104.578125
08:00:45,912810UC0,TSRYS5860825,D,S,D,2024-09-06,807000.00,3.98831,104.546875
08:00:45,912810UC0,TSRYS5860825,D,B,C,2024-09-06,807000.00,3.98831,104.546875
08:00:47,912810UC0,TSRYS5860825,D,S,D,2024-09-06,1000000.00,3.989182,104.53125
08:00:47,912810UC0,TSRYS5860825,D,S,A,2024-09-06,10000000.00,3.98831,104.546875
08:00:47,912810UC0,TSRYS5860825,D,S,D,2024-09-06,1000000.00,3.993977,104.4453125
08:00:47,912810UC0,TSRYS5860825,D,S,D,2024-09-06,1000000.00,3.993977,104.4453125
08:00:47,912810UC0,TSRYS5860825,D,S,D,2024-09-06,1000000.00,3.993977,104.4453125
08:00:47,912810UC0,TSRYS5860825,D,S,D,2024-09-06,1000000.00,3.993977,104.4453125
08:00:47,912810UC0,TSRYS5860825,D,S,T,2024-09-06,1000000.00,3.987439,104.5625
08:00:47,912810UC0,TSRYS5860825,D,S,T,2024-09-06,1000000.00,3.989182,104.53125
08:00:47,912810UC0,TSRYS5860825,D,S,T,2024-09-06,1000000.00,3.989182,104.53125
08:00:47,912810UC0,TSRYS5860825,D,S,T,2024-09-06,1000000.00,3.98831,104.546875
08:00:47,912810UC0,TSRYS5860825,D,S,T,2024-09-06,1000000.00,3.98831,104.546875
08:00:48,912810UC0,TSRYS5860825,D,S,T,2024-09-06,1000000.00,3.98831,104.546875
08:00:48,912810UC0,TSRYS5860825,D,S,T,2024-09-06,1000000.00,3.989182,104.53125
08:00:48,912810UC0,TSRYS5860825,D,S,T,2024-09-06,1000000.00,3.989182,104.53125
08:00:48,912810UC0,TSRYS5860825,D,S,T,2024-09-06,1000000.00,3.990925,104.5
08:00:48,912810UC0,TSRYS5860825,D,S,T,2024-09-06,1000000.00,3.990925,104.5
08:00:48,912810UC0,TSRYS5860825,D,S,T,2024-09-06,1000000.00,3.990925,104.5
08:00:48,912810UC0,TSRYS5860825,D,S,D,2024-09-06,1000000.00,3.990707,104.50390625
08:00:48,912810UC0,TSRYS5860825,D,S,D,2024-09-06,1000000.00,3.990707,104.50390625
08:00:48,912810UC0,TSRYS5860825,D,S,T,2024-09-06,1000000.00,3.990925,104.5
08:00:48,912810UC0,TSRYS5860825,D,S,T,2024-09-06,1000000.00,3.990925,104.5
08:00:48,912810UC0,TSRYS5860825,D,S,T,2024-09-06,1000000.00,3.990925,104.5
08:00:48,912810UC0,TSRYS5860825,D,S,D,2024-09-06,1000000.00,3.991579,104.48828125
08:00:48,912810UC0,TSRYS5860825,D,S,D,2024-09-06,1000000.00,3.991579,104.48828125
08:00:48,912810UC0,TSRYS5860825,D,S,D,2024-09-06,1000000.00,3.991579,104.48828125
08:00:48,912810UC0,TSRYS5860825,D,S,D,2024-09-06,1000000.00,3.991579,104.48828125
08:00:48,912810UC0,TSRYS5860825,D,S,T,2024-09-06,1000000.00,3.991797,104.484375
08:00:48,912810UC0,TSRYS5860825,D,S,T,2024-09-06,1000000.00,3.992669,104.46875
08:00:48,912810UC0,TSRYS5860825,D,S,T,2024-09-06,1000000.00,3.993432,104.455078125
08:00:48,912810UC0,TSRYS5860825,D,S,T,2024-09-06,3000000.00,3.991797,104.484375
08:00:48,912810UC0,TSRYS5860825,D,S,T,2024-09-06,1000000.00,3.991797,104.484375
08:00:48,912810UC0,TSRYS5860825,D,S,T,2024-09-06,1000000.00,3.992233,104.4765625
08:00:48,912810UC0,TSRYS5860825,D,S,T,2024-09-06,1000000.00,3.992233,104.4765625
08:00:48,912810UC0,TSRYS5860825,D,S,T,2024-09-06,3000000.00,3.992669,104.46875
08:00:48,912810UC0,TSRYS5860825,D,S,T,2024-09-06,1000000.00,3.992669,104.46875
08:00:48,912810UC0,TSRYS5860825,D,B,A,2024-09-06,5000000.00,4.024888,103.89453125
08:00:48,912810UC0,TSRYS5860825,D,S,D,2024-09-06,1000000.00,3.992451,104.47265625
08:00:48,912810UC0,TSRYS5860825,D,S,D,2024-09-06,1000000.00,3.992887,104.46484375
08:00:48,912810UC0,TSRYS5860825,D,S,T,2024-09-06,1000000.00,4.024189,103.906148
08:00:48,912810UC0,TSRYS5860825,D,S,D,2024-09-06,1000000.00,3.992887,104.46484375
08:00:48,912810UC0,TSRYS5860825,D,S,T,2024-09-06,1000000.00,4.024189,103.906148
08:00:48,912810UC0,TSRYS5860825,D,S,D,2024-09-06,1000000.00,3.992887,104.46484375
08:00:48,912810UC0,TSRYS5860825,D,S,A,2024-09-06,10000000.00,3.992233,104.4765625
08:00:48,912810UC0,TSRYS5860825,D,S,T,2024-09-06,1000000.00,4.024189,103.906148
08:00:48,912810UC0,TSRYS5860825,D,S,T,2024-09-06,1000000.00,3.991797,104.484375
08:00:48,912810UC0,TSRYS5860825,D,S,T,2024-09-06,1000000.00,4.024189,103.906148
08:00:48,912810UC0,TSRYS5860825,D,S,T,2024-09-06,1000000.00,3.987439,104.5625
08:00:48,912810UC0,TSRYS5860825,D,S,T,2024-09-06,1000000.00,3.987439,104.5625
08:00:48,912810UC0,TSRYS5860825,D,S,T,2024-09-06,1000000.00,4.024183,103.90625
08:00:49,912810UC0,TSRYS5860825,D,S,D,2024-09-06,8400000.00,4.000152,104.334795841
08:00:49,912810UC0,TSRYS5860825,D,S,T,2024-09-06,1000000.00,3.990053,104.515625
08:00:49,912810UC0,TSRYS5860825,D,S,T,2024-09-06,1000000.00,3.991797,104.484375
08:00:49,912810UC0,TSRYS5860825,D,S,D,2024-09-06,11000000.00,3.988746,104.5390625
08:00:50,912810UC0,TSRYS5860825,D,B,A,2024-09-06,5000000.00,4.019134,103.99609375
08:00:50,912810UC0,TSRYS5860825,D,S,D,2024-09-06,1000000.00,3.987439,104.5625
08:00:50,912810UC0,TSRYS5860825,D,S,D,2024-09-06,1000000.00,3.987439,104.5625
08:00:50,912810UC0,TSRYS5860825,D,S,T,2024-09-06,1000000.00,4.019134,103.99609375
08:00:50,912810UC0,TSRYS5860825,D,S,D,2024-09-06,1000000.00,3.987439,104.5625
08:00:50,912810UC0,TSRYS5860825,D,S,D,2024-09-06,1000000.00,3.987439,104.5625
08:00:50,912810UC0,TSRYS5860825,D,S,D,2024-09-06,1000000.00,3.987439,104.5625
08:00:50,912810UC0,TSRYS5860825,D,S,D,2024-09-06,1000000.00,3.987439,104.5625
08:00:50,912810UC0,TSRYS5860825,D,S,C,2024-09-06,1000000.00,3.987439,104.5625
08:00:50,912810UC0,TSRYS5860825,D,S,C,2024-09-06,1000000.00,3.987222,104.56640625
08:00:50,912810UC0,TSRYS5860825,D,S,C,2024-09-06,1000000.00,3.987222,104.56640625
08:00:50,912810UC0,TSRYS5860825,D,S,C,2024-09-06,1000000.00,3.987439,104.5625
08:00:50,912810UC0,TSRYS5860825,D,S,D,2024-09-06,1000000.00,3.987439,104.5625
08:00:50,912810UC0,TSRYS5860825,D,S,T,2024-09-06,1000000.00,4.019134,103.99609375
08:00:50,912810UC0,TSRYS5860825,D,S,C,2024-09-06,1000000.00,3.989182,104.53125
08:00:50,912810UC0,TSRYS5860825,D,S,C,2024-09-06,1000000.00,3.989182,104.53125
08:00:50,912810UC0,TSRYS5860825,D,B,A,2024-09-06,5000000.00,4.021109,103.9609375
08:00:50,912810UC0,TSRYS5860825,D,S,T,2024-09-06,2000000.00,4.020676,103.968648
08:00:50,912810UC0,TSRYS5860825,D,S,D,2024-09-06,1000000.00,3.986786,104.57421875
08:00:50,912810UC0,TSRYS5860825,D,S,T,2024-09-06,1000000.00,4.020676,103.968648
08:00:50,912810UC0,TSRYS5860825,D,S,T,2024-09-06,1000000.00,4.020676,103.968648
08:00:50,912810UC0,TSRYS5860825,D,S,T,2024-09-06,1000000.00,4.020676,103.968648
08:00:50,912810UC0,TSRYS5860825,D,S,D,2024-09-06,5000000.00,3.986111,104.5863375
08:00:51,912810UC0,TSRYS5860825,D,S,T,2024-09-06,1000000.00,4.019798,103.984273
08:00:51,912810UC0,TSRYS5860825,D,S,T,2024-09-06,1000000.00,4.019798,103.984273
08:00:51,912810UC0,TSRYS5860825,D,S,D,2024-09-06,1000000.00,3.98831,104.546875
08:00:51,912810UC0,TSRYS5860825,D,S,T,2024-09-06,1000000.00,4.019798,103.984273
08:00:51,912810UC0,TSRYS5860825,D,S,T,2024-09-06,1000000.00,4.016282,104.046875
08:00:51,912810UC0,TSRYS5860825,D,S,T,2024-09-06,1000000.00,4.017598,104.0234375
08:00:51,912810UC0,TSRYS5860825,D,S,T,2024-09-06,1000000.00,4.017379,104.02734375
08:00:52,912810UC0,TSRYS5860825,D,S,T,2024-09-06,1000000.00,4.017379,104.02734375
08:00:52,912810UC0,TSRYS5860825,D,S,D,2024-09-06,1042000.00,3.988093,104.55078125
08:00:52,912810UC0,TSRYS5860825,D,S,D,2024-09-06,1000000.00,3.987439,104.5625
08:00:52,912810UC0,TSRYS5860825,D,S,D,2024-09-06,1000000.00,3.987439,104.5625
08:00:52,912810UC0,TSRYS5860825,D,S,D,2024-09-06,1000000.00,3.997905,104.375
08:00:52,912810UC0,TSRYS5860825,D,B,C,2024-09-06,1000000.00,3.996159,104.40625
08:00:52,912810UC0,TSRYS5860825,D,S,A,2024-09-06,100000.00,4.012556,104.11328125
08:00:52,912810UC0,TSRYS5860825,D,B,A,2024-09-06,500000.00,4.012556,104.11328125
08:00:52,912810UC0,TSRYS5860825,D,S,C,2024-09-06,1000000.00,3.997905,104.375
08:00:52,912810UC0,TSRYS5860825,D,S,T,2024-09-06,1000000.00,4.009277,104.171773
08:00:52,912810UC0,TSRYS5860825,D,S,T,2024-09-06,1000000.00,4.009277,104.171773
08:00:52,912810UC0,TSRYS5860825,D,S,T,2024-09-06,1000000.00,4.009277,104.171773
08:00:52,912810UC0,TSRYS5860825,D,S,T,2024-09-06,1000000.00,4.009277,104.171773
08:00:52,912810UC0,TSRYS5860825,D,S,T,2024-09-06,1000000.00,4.009277,104.171773
08:00:53,912810UC0,TSRYS5860825,D,S,T,2024-09-06,1000000.00,4.009277,104.171773
08:00:53,912810UC0,TSRYS5860825,D,S,T,2024-09-06,1000000.00,4.009277,104.171773
08:00:53,912810UC0,TSRYS5860825,D,S,D,2024-09-06,1043000.00,3.988528,104.54296875
08:00:53,912810UC0,TSRYS5860825,D,S,T,2024-09-06,1000000.00,4.009272,104.171875
08:00:53,912810UC0,TSRYS5860825,D,S,T,2024-09-06,1000000.00,4.009277,104.171773
08:00:53,912810UC0,TSRYS5860825,D,S,T,2024-09-06,1000000.00,4.009277,104.171773
08:00:53,912810UC0,TSRYS5860825,D,S,T,2024-09-06,1000000.00,4.008834,104.1796875
08:00:53,912810UC0,TSRYS5860825,D,S,T,2024-09-06,1000000.00,4.008834,104.1796875
08:00:53,912810UC0,TSRYS5860825,D,S,T,2024-09-06,1000000.00,4.008834,104.1796875
08:00:53,912810UC0,TSRYS5860825,D,S,T,2024-09-06,1000000.00,3.990053,104.515625
08:00:53,912810UC0,TSRYS5860825,D,S,T,2024-09-06,1000000.00,4.008834,104.1796875
08:00:53,912810UC0,TSRYS5860825,D,S,T,2024-09-06,1000000.00,3.989617,104.5234375
08:00:53,912810UC0,TSRYS5860825,D,S,T,2024-09-06,1000000.00,3.989617,104.5234375
08:00:53,912810UC0,TSRYS5860825,D,S,T,2024-09-06,1000000.00,4.008834,104.1796875
08:00:53,912810UC0,TSRYS5860825,D,S,T,2024-09-06,1000000.00,4.008402,104.187398
08:00:53,912810UC0,TSRYS5860825,D,S,T,2024-09-06,1000000.00,3.989726,104.521484375
08:00:53,912810UC0,TSRYS5860825,D,S,T,2024-09-06,1000000.00,3.989617,104.5234375
08:00:53,912810UC0,TSRYS5860825,D,S,T,2024-09-06,1000000.00,4.008402,104.187398
08:00:53,912810UC0,TSRYS5860825,D,S,T,2024-09-06,1000000.00,4.008402,104.187398
08:00:53,912810UC0,TSRYS5860825,D,S,T,2024-09-06,1000000.00,4.009272,104.171875
08:00:53,912810UC0,TSRYS5860825,D,S,T,2024-09-06,1000000.00,3.990925,104.5
08:00:53,912810UC0,TSRYS5860825,D,S,T,2024-09-06,1000000.00,4.009272,104.171875
08:00:53,912810UC0,TSRYS5860825,D,S,T,2024-09-06,1000000.00,4.009272,104.171875
08:00:53,912810UC0,TSRYS5860825,D,S,T,2024-09-06,1000000.00,4.008402,104.187398
08:00:53,912810UC0,TSRYS5860825,D,S,T,2024-09-06,1000000.00,4.008402,104.187398
08:00:53,912810UC0,TSRYS5860825,D,S,T,2024-09-06,1000000.00,4.008402,104.187398
08:00:53,912810UC0,TSRYS5860825,D,S,D,2024-09-06,1000000.00,3.990925,104.5
08:00:53,912810UC0,TSRYS5860825,D,S,T,2024-09-06,1000000.00,3.990053,104.515625
08:00:53,912810UC0,TSRYS5860825,D,S,T,2024-09-06,1000000.00,3.989182,104.53125
08:00:53,912810UC0,TSRYS5860825,D,S,T,2024-09-06,1000000.00,3.98831,104.546875
08:00:53,912810UC0,TSRYS5860825,D,S,T,2024-09-06,1000000.00,3.987439,104.5625
08:00:53,912810UC0,TSRYS5860825,D,S,T,2024-09-06,1000000.00,3.987439,104.5625
08:00:53,912810UC0,TSRYS5860825,D,S,T,2024-09-06,1000000.00,3.98831,104.546875
08:00:53,912810UC0,TSRYS5860825,D,S,T,2024-09-06,1000000.00,3.98831,104.546875
08:00:54,912810UC0,TSRYS5860825,D,S,T,2024-09-06,1000000.00,3.987439,104.5625
08:00:54,912810UC0,TSRYS5860825,D,S,T,2024-09-06,1000000.00,3.988637,104.541015625
08:00:54,912810UC0,TSRYS5860825,D,S,D,2024-09-06,1000000.00,3.98831,104.546875
08:00:54,912810UC0,TSRYS5860825,D,S,T,2024-09-06,1000000.00,3.98831,104.546875
08:00:54,912810UC0,TSRYS5860825,D,S,D,2024-09-06,1000000.00,3.987657,104.55859375
08:00:54,912810UC0,TSRYS5860825,D,S,D,2024-09-06,1000000.00,3.987657,104.55859375
08:00:55,912810UC0,TSRYS5860825,D,S,T,2024-09-06,1000000.00,4.017159,104.03125
08:00:55,912810UC0,TSRYS5860825,D,S,D,2024-09-06,1000000.00,4.019024,103.998046875
08:00:55,912810UC0,TSRYS5860825,D,S,D,2024-09-06,1000000.00,3.989182,104.53125
08:00:55,912810UC0,TSRYS5860825,D,S,D,2024-09-06,1000000.00,3.989835,104.51953125
08:00:55,912810UC0,TSRYS5860825,D,S,D,2024-09-06,1000000.00,3.989835,104.51953125
08:00:55,912810UC0,TSRYS5860825,D,S,D,2024-09-06,1000000.00,3.989835,104.51953125
08:00:55,912810UC0,TSRYS5860825,D,S,D,2024-09-06,1000000.00,3.989835,104.51953125
08:00:55,912810UC0,TSRYS5860825,D,S,D,2024-09-06,1000000.00,4.006427,104.22265625
08:00:55,912810UC0,TSRYS5860825,D,S,T,2024-09-06,1000000.00,4.006864,104.21484375
08:00:55,912810UC0,TSRYS5860825,D,S,T,2024-09-06,1000000.00,4.006864,104.21484375
08:00:56,912810UC0,TSRYS5860825,D,S,D,2024-09-06,3000000.00,4.004969,104.248697917
08:00:56,912810UC0,TSRYS5860825,D,S,A,2024-09-06,2000000.00,3.99485,104.4296875
08:00:56,912810UC0,TSRYS5860825,D,S,D,2024-09-06,1000000.00,3.98831,104.546875
08:00:56,912810UC0,TSRYS5860825,D,S,D,2024-09-06,1000000.00,3.987657,104.55859375
08:00:56,912810UC0,TSRYS5860825,D,S,D,2024-09-06,4000000.00,3.998996,104.35546875
08:00:57,912810UC0,TSRYS5860825,D,S,D,2024-09-06,5000000.00,3.998123,104.37109375
08:00:57,912810UC0,TSRYS5860825,D,S,T,2024-09-06,1000000.00,3.997905,104.375
08:00:57,912810UC0,TSRYS5860825,D,S,D,2024-09-06,1000000.00,4.004021,104.265625
08:00:57,912810UC0,TSRYS5860825,D,S,D,2024-09-06,1000000.00,3.990053,104.515625
08:00:57,912810UC0,TSRYS5860825,D,S,D,2024-09-06,1000000.00,3.990053,104.515625
08:00:57,912810UC0,TSRYS5860825,D,S,A,2024-09-06,500000.00,3.992451,104.47265625
08:00:57,912810UC0,TSRYS5860825,D,S,T,2024-09-06,1000000.00,3.991579,104.48828125
