tradeTime,cusip,issueSymbolIdentifier,priceType,reportingSideCode,contraPartyTypeCode,tradeDate,reportedTradeVolume,lastSaleYield,lastSalePrice
08:00:04,912810TX6,TSRYS5743665,D,S,T,2024-04-10,1000000.00,4.496508,95.966796875
08:00:04,912810TX6,TSRYS5743665,D,S,D,2024-04-10,1000000.00,4.496139,95.97265625
08:00:04,912810TX6,TSRYS5743665,D,S,D,2024-04-10,1000000.00,4.489499,96.078125
08:00:04,912810TX6,TSRYS5743665,D,S,T,2024-04-10,1000000.00,4.490728,96.05859375
08:00:04,912810TX6,TSRYS5743665,D,S,T,2024-04-10,1000000.00,4.490482,96.0625
08:00:04,912810TX6,TSRYS5743665,D,S,T,2024-04-10,1000000.00,4.493063,96.021484375
08:00:04,912810TX6,TSRYS5743665,D,S,D,2024-04-10,1000000.00,4.490482,96.0625
08:00:04,912810TX6,TSRYS5743665,D,S,D,2024-04-10,1000000.00,4.494416,96.0
08:00:04,912810TX6,TSRYS5743665,D,S,D,2024-04-10,1000000.00,4.494416,96.0
08:00:04,912810TX6,TSRYS5743665,D,B,C,2024-04-10,1000000.00,4.494047,96.005859375
08:00:04,912810TX6,TSRYS5743665,D,S,D,2024-04-10,1000000.00,4.489253,96.08203125
08:00:04,912810TX6,TSRYS5743665,D,S,T,2024-04-10,1000000.00,4.487411,96.111328125
08:00:04,912810TX6,TSRYS5743665,D,S,D,2024-04-10,1000000.00,4.487533,96.109375
08:00:04,912810TX6,TSRYS5743665,D,S,D,2024-04-10,1000000.00,4.486306,96.12890625
08:00:04,912810TX6,TSRYS5743665,D,S,D,2024-04-10,1000000.00,4.485569,96.140625
08:00:04,912810TX6,TSRYS5743665,D,S,D,2024-04-10,1000000.00,4.483115,96.1796875
08:00:04,912810TX6,TSRYS5743665,D,S,D,2024-04-10,1000000.00,4.483115,96.1796875
08:00:04,912810TX6,TSRYS5743665,D,S,T,2024-04-10,1000000.00,4.481643,96.203125
08:00:04,912810TX6,TSRYS5743665,D,S,D,2024-04-10,1000000.00,4.481643,96.203125
08:00:04,912810TX6,TSRYS5743665,D,B,C,2024-04-10,1000000.00,4.482992,96.181640625
08:00:04,912810TX6,TSRYS5743665,D,S,D,2024-04-10,1000000.00,4.483164,96.17890625
08:00:04,912810TX6,TSRYS5743665,D,B,C,2024-04-10,1000000.00,4.481275,96.208984375
08:00:04,912810TX6,TSRYS5743665,D,S,T,2024-04-10,1000000.00,4.481152,96.2109375
08:00:04,912810TX6,TSRYS5743665,D,S,D,2024-04-10,1000000.00,4.481643,96.203125
08:00:04,912810TX6,TSRYS5743665,D,S,D,2024-04-10,1000000.00,4.480662,96.21875
08:00:04,912810TX6,TSRYS5743665,D,S,T,2024-04-10,1000000.00,4.481643,96.203125
08:00:09,912810TX6,TSRYS5743665,D,B,A,2024-04-10,200000.00,4.502296,95.875
08:00:09,912810TX6,TSRYS5743665,D,S,D,2024-04-10,1000000.00,4.481643,96.203125
08:00:10,912810TX6,TSRYS5743665,D,S,D,2024-04-10,1000000.00,4.481643,96.203125
08:00:10,912810TX6,TSRYS5743665,D,B,C,2024-04-10,28000000.00,,94.828125
08:00:10,912810TX6,TSRYS5743665,D,S,D,2024-04-10,1000000.00,4.481462,96.2060049644
08:00:10,912810TX6,TSRYS5743665,D,S,D,2024-04-10,1000000.00,4.499832,95.9140625
08:00:10,912810TX6,TSRYS5743665,D,S,D,2024-04-10,1000000.00,4.499832,95.9140625
08:00:11,912810TX6,TSRYS5743665,D,S,D,2024-04-10,2700000.00,4.494416,96.0
08:00:11,912810TX6,TSRYS5743665,D,S,C,2024-04-10,50MM+,4.486551,96.125
08:00:13,912810TX6,TSRYS5743665,D,S,T,2024-04-10,1000000.00,4.481643,96.203125
08:00:14,912810TX6,TSRYS5743665,D,S,D,2024-04-10,1000000.00,4.503282,95.859375
08:00:14,912810TX6,TSRYS5743665,D,S,D,2024-04-10,1000000.00,4.503282,95.859375
08:00:14,912810TX6,TSRYS5743665,D,S,D,2024-04-10,1000000.00,4.502789,95.8671875
08:00:14,912810TX6,TSRYS5743665,D,S,D,2024-04-10,1000000.00,4.481643,96.203125
08:00:14,912810TX6,TSRYS5743665,D,S,A,2024-04-10,500000.00,4.500324,95.90625
08:00:15,912810TX6,TSRYS5743665,D,S,T,2024-04-10,1000000.00,4.499832,95.9140625
08:00:15,912810TX6,TSRYS5743665,D,S,A,2024-04-10,69000.00,4.497862,95.9453125
08:00:16,912810TX6,TSRYS5743665,D,S,T,2024-04-10,1000000.00,4.481152,96.2109375
08:00:18,912810TX6,TSRYS5743665,D,S,T,2024-04-10,1000000.00,4.499832,95.9140625
08:00:18,912810TX6,TSRYS5743665,D,B,C,2024-04-10,7000000.00,4.493432,96.015625
08:00:18,912810TX6,TSRYS5743665,D,S,C,2024-04-10,2000000.00,4.496385,95.96875
08:00:18,912810TX6,TSRYS5743665,D,B,C,2024-04-10,6000000.00,4.494416,96.0
08:00:18,912810TX6,TSRYS5743665,D,S,A,2024-04-10,1000000.00,4.490482,96.0625
08:00:20,912810TX6,TSRYS5743665,D,S,T,2024-04-10,1000000.00,4.481643,96.203125
08:00:20,912810TX6,TSRYS5743665,D,S,T,2024-04-10,1000000.00,4.481643,96.203125
08:00:20,912810TX6,TSRYS5743665,D,S,T,2024-04-10,1000000.00,4.481643,96.203125
08:00:21,912810TX6,TSRYS5743665,D,S,D,2024-04-10,1000000.00,4.494416,96.0
08:00:21,912810TX6,TSRYS5743665,D,S,D,2024-04-10,1000000.00,4.494416,96.0
08:00:21,912810TX6,TSRYS5743665,D,S,D,2024-04-10,1000000.00,4.494416,96.0
08:00:21,912810TX6,TSRYS5743665,D,S,D,2024-04-10,1000000.00,4.494416,96.0
08:00:21,912810TX6,TSRYS5743665,D,S,D,2024-04-10,1000000.00,4.494416,96.0
08:00:21,912810TX6,TSRYS5743665,D,S,D,2024-04-10,1000000.00,4.494416,96.0
08:00:21,912810TX6,TSRYS5743665,D,S,D,2024-04-10,1000000.00,4.494416,96.0
08:00:22,912810TX6,TSRYS5743665,D,S,D,2024-04-10,2000000.00,4.4986,95.93359375
08:00:22,912810TX6,TSRYS5743665,D,B,A,2024-04-10,31500000.00,4.492694,96.02734375
08:00:24,912810TX6,TSRYS5743665,D,S,D,2024-04-10,1000000.00,4.491711,96.04296875
08:00:24,912810TX6,TSRYS5743665,D,S,C,2024-04-10,1000000.00,4.494416,96.0
08:00:24,912810TX6,TSRYS5743665,D,S,C,2024-04-10,1000000.00,4.494416,96.0
08:00:24,912810TX6,TSRYS5743665,D,S,D,2024-04-10,1000000.00,4.4954,95.984375
08:00:24,912810TX6,TSRYS5743665,D,S,D,2024-04-10,4000000.00,4.494662,95.99609375
08:00:25,912810TX6,TSRYS5743665,D,S,D,2024-04-10,5000000.00,4.494416,96.0
08:00:25,912810TX6,TSRYS5743665,D,S,D,2024-04-10,15000000.00,4.48606,96.1328125
08:00:26,912810TX6,TSRYS5743665,D,S,D,2024-04-10,1000000.00,4.486551,96.125
08:00:26,912810TX6,TSRYS5743665,D,S,D,2024-04-10,1000000.00,4.487533,96.109375
08:00:26,912810TX6,TSRYS5743665,D,S,D,2024-04-10,1000000.00,4.487533,96.109375
08:00:26,912810TX6,TSRYS5743665,D,S,D,2024-04-10,2000000.00,4.487533,96.109375
08:00:27,912810TX6,TSRYS5743665,D,S,T,2024-04-10,1000000.00,4.489499,96.078125
08:00:27,912810TX6,TSRYS5743665,D,S,T,2024-04-10,1000000.00,4.489499,96.078125
08:00:27,912810TX6,TSRYS5743665,D,S,T,2024-04-10,1000000.00,4.489499,96.078125
08:00:27,912810TX6,TSRYS5743665,D,S,T,2024-04-10,1000000.00,4.489499,96.078125
08:00:27,912810TX6,TSRYS5743665,D,S,T,2024-04-10,1000000.00,4.493186,96.01953125
08:00:27,912810TX6,TSRYS5743665,D,S,D,2024-04-10,1000000.00,4.49294,96.0234375
08:00:27,912810TX6,TSRYS5743665,D,S,D,2024-04-10,1000000.00,4.493924,96.0078125
08:00:27,912810TX6,TSRYS5743665,D,S,D,2024-04-10,1000000.00,4.494416,96.0
08:00:27,912810TX6,TSRYS5743665,D,S,D,2024-04-10,1000000.00,4.4954,95.984375
08:00:27,912810TX6,TSRYS5743665,D,S,T,2024-04-10,1000000.00,4.485569,96.140625
08:00:27,912810TX6,TSRYS5743665,D,S,D,2024-04-10,1000000.00,4.485569,96.140625
08:00:30,912810TX6,TSRYS5743665,D,S,T,2024-04-10,1000000.00,4.50131,95.890625
08:00:30,912810TX6,TSRYS5743665,D,S,T,2024-04-10,1000000.00,4.498354,95.9375
08:00:30,912810TX6,TSRYS5743665,D,S,T,2024-04-10,1000000.00,4.498354,95.9375
08:00:30,912810TX6,TSRYS5743665,D,S,T,2024-04-10,1000000.00,4.498354,95.9375
08:00:30,912810TX6,TSRYS5743665,D,S,T,2024-04-10,1000000.00,4.4954,95.984375
08:00:30,912810TX6,TSRYS5743665,D,S,T,2024-04-10,1000000.00,4.4954,95.984375
08:00:30,912810TX6,TSRYS5743665,D,S,T,2024-04-10,1000000.00,4.4954,95.984375
08:00:30,912810TX6,TSRYS5743665,D,S,T,2024-04-10,1000000.00,4.4954,95.984375
08:00:30,912810TX6,TSRYS5743665,D,S,T,2024-04-10,1000000.00,4.4954,95.984375
08:00:30,912810TX6,TSRYS5743665,D,S,T,2024-04-10,1000000.00,4.4954,95.984375
08:00:30,912810TX6,TSRYS5743665,D,S,T,2024-04-10,1000000.00,4.4954,95.984375
08:00:30,912810TX6,TSRYS5743665,D,S,T,2024-04-10,1000000.00,4.4954,95.984375
08:00:30,912810TX6,TSRYS5743665,D,S,T,2024-04-10,1000000.00,4.489499,96.078125
08:00:30,912810TX6,TSRYS5743665,D,S,T,2024-04-10,4000000.00,4.489499,96.078125
08:00:30,912810TX6,TSRYS5743665,D,S,T,2024-04-10,1000000.00,4.489499,96.078125
08:00:30,912810TX6,TSRYS5743665,D,S,T,2024-04-10,1000000.00,4.489499,96.078125
08:00:30,912810TX6,TSRYS5743665,D,S,T,2024-04-10,1000000.00,4.489499,96.078125
08:00:30,912810TX6,TSRYS5743665,D,S,T,2024-04-10,2000000.00,4.489499,96.078125
08:00:30,912810TX6,TSRYS5743665,D,S,T,2024-04-10,5000000.00,4.489499,96.078125
08:00:30,912810TX6,TSRYS5743665,D,S,T,2024-04-10,1000000.00,4.489499,96.078125
08:00:30,912810TX6,TSRYS5743665,D,S,T,2024-04-10,1000000.00,4.489499,96.078125
08:00:30,912810TX6,TSRYS5743665,D,S,T,2024-04-10,1000000.00,4.489499,96.078125
08:00:30,912810TX6,TSRYS5743665,D,S,T,2024-04-10,1000000.00,4.489499,96.078125
08:00:30,912810TX6,TSRYS5743665,D,S,T,2024-04-10,4000000.00,4.489499,96.078125
08:00:30,912810TX6,TSRYS5743665,D,S,T,2024-04-10,1000000.00,4.489499,96.078125
08:00:30,912810TX6,TSRYS5743665,D,S,T,2024-04-10,1000000.00,4.48913,96.083984375
08:00:33,912810TX6,TSRYS5743665,D,S,T,2024-04-10,1000000.00,4.494416,96.0
08:00:33,912810TX6,TSRYS5743665,D,S,D,2024-04-10,1000000.00,4.498354,95.9375
08:00:33,912810TX6,TSRYS5743665,D,S,D,2024-04-10,1000000.00,4.498354,95.9375
08:00:33,912810TX6,TSRYS5743665,D,S,D,2024-04-10,1000000.00,4.498354,95.9375
08:00:33,912810TX6,TSRYS5743665,D,S,D,2024-04-10,1000000.00,4.498354,95.9375
08:00:33,912810TX6,TSRYS5743665,D,S,D,2024-04-10,1000000.00,4.498354,95.9375
08:00:33,912810TX6,TSRYS5743665,D,S,D,2024-04-10,1000000.00,4.498354,95.9375
08:00:33,912810TX6,TSRYS5743665,D,S,T,2024-04-10,1000000.00,4.499339,95.921875
08:00:33,912810TX6,TSRYS5743665,D,S,T,2024-04-10,1000000.00,4.4954,95.984375
08:00:33,912810TX6,TSRYS5743665,D,S,T,2024-04-10,1000000.00,4.497369,95.953125
08:00:33,912810TX6,TSRYS5743665,D,S,T,2024-04-10,1000000.00,4.497492,95.951171875
08:00:33,912810TX6,TSRYS5743665,D,S,T,2024-04-10,1000000.00,4.50131,95.890625
08:00:33,912810TX6,TSRYS5743665,D,S,T,2024-04-10,1000000.00,4.499339,95.921875
08:00:33,912810TX6,TSRYS5743665,D,S,T,2024-04-10,1000000.00,4.500324,95.90625
08:00:33,912810TX6,TSRYS5743665,D,S,T,2024-04-10,1000000.00,4.498354,95.9375
08:00:33,912810TX6,TSRYS5743665,D,S,T,2024-04-10,1000000.00,4.498354,95.9375
08:00:33,912810TX6,TSRYS5743665,D,S,T,2024-04-10,1000000.00,4.498354,95.9375
08:00:33,912810TX6,TSRYS5743665,D,S,T,2024-04-10,1000000.00,4.493432,96.015625
08:00:33,912810TX6,TSRYS5743665,D,S,T,2024-04-10,1000000.00,4.4954,95.984375
08:00:33,912810TX6,TSRYS5743665,D,S,T,2024-04-10,1000000.00,4.4954,95.984375
08:00:33,912810TX6,TSRYS5743665,D,S,T,2024-04-10,1000000.00,4.4954,95.984375
08:00:33,912810TX6,TSRYS5743665,D,S,T,2024-04-10,1000000.00,4.494416,96.0
08:00:33,912810TX6,TSRYS5743665,D,S,T,2024-04-10,1000000.00,4.494416,96.0
08:00:33,912810TX6,TSRYS5743665,D,S,T,2024-04-10,1000000.00,4.494416,96.0
08:00:33,912810TX6,TSRYS5743665,D,S,T,2024-04-10,1000000.00,4.498354,95.9375
08:00:33,912810TX6,TSRYS5743665,D,S,T,2024-04-10,1000000.00,4.498354,95.9375
08:00:33,912810TX6,TSRYS5743665,D,S,T,2024-04-10,1000000.00,4.498354,95.9375
08:00:33,912810TX6,TSRYS5743665,D,S,T,2024-04-10,1000000.00,4.499339,95.921875
08:00:33,912810TX6,TSRYS5743665,D,S,T,2024-04-10,1000000.00,4.499339,95.921875
08:00:33,912810TX6,TSRYS5743665,D,S,T,2024-04-10,1000000.00,4.499339,95.921875
08:00:33,912810TX6,TSRYS5743665,D,S,T,2024-04-10,1000000.00,4.498354,95.9375
08:00:33,912810TX6,TSRYS5743665,D,S,T,2024-04-10,1000000.00,4.498354,95.9375
08:00:33,912810TX6,TSRYS5743665,D,S,T,2024-04-10,1000000.00,4.498354,95.9375
08:00:33,912810TX6,TSRYS5743665,D,S,T,2024-04-10,1000000.00,4.499339,95.921875
08:00:33,912810TX6,TSRYS5743665,D,S,T,2024-04-10,1000000.00,4.499339,95.921875
08:00:33,912810TX6,TSRYS5743665,D,S,T,2024-04-10,1000000.00,4.494416,96.0
08:00:33,912810TX6,TSRYS5743665,D,S,T,2024-04-10,1000000.00,4.493432,96.015625
08:00:33,912810TX6,TSRYS5743665,D,S,T,2024-04-10,1000000.00,4.493309,96.017578125
08:00:33,912810TX6,TSRYS5743665,D,S,D,2024-04-10,1000000.00,4.493432,96.015625
08:00:33,912810TX6,TSRYS5743665,D,S,D,2024-04-10,1000000.00,4.493432,96.015625
08:00:33,912810TX6,TSRYS5743665,D,S,D,2024-04-10,1000000.00,4.493432,96.015625
08:00:33,912810TX6,TSRYS5743665,D,S,D,2024-04-10,1000000.00,4.493432,96.015625
08:00:33,912810TX6,TSRYS5743665,D,S,D,2024-04-10,1000000.00,4.493432,96.015625
08:00:33,912810TX6,TSRYS5743665,D,S,D,2024-04-10,1000000.00,4.493432,96.015625
08:00:33,912810TX6,TSRYS5743665,D,S,D,2024-04-10,1000000.00,4.493432,96.015625
08:00:33,912810TX6,TSRYS5743665,D,S,T,2024-04-10,1000000.00,4.493309,96.017578125
08:00:33,912810TX6,TSRYS5743665,D,S,T,2024-04-10,1000000.00,4.491465,96.046875
08:00:33,912810TX6,TSRYS5743665,D,S,T,2024-04-10,1000000.00,4.491465,96.046875
08:00:33,912810TX6,TSRYS5743665,D,S,T,2024-04-10,1000000.00,4.491465,96.046875
08:00:33,912810TX6,TSRYS5743665,D,S,T,2024-04-10,1000000.00,4.489499,96.078125
08:00:33,912810TX6,TSRYS5743665,D,S,T,2024-04-10,1000000.00,4.489499,96.078125
08:00:33,912810TX6,TSRYS5743665,D,S,T,2024-04-10,1000000.00,4.489499,96.078125
08:00:33,912810TX6,TSRYS5743665,D,S,T,2024-04-10,1000000.00,4.489499,96.078125
08:00:33,912810TX6,TSRYS5743665,D,S,T,2024-04-10,1000000.00,4.489499,96.078125
08:00:33,912810TX6,TSRYS5743665,D,S,T,2024-04-10,1000000.00,4.489499,96.078125
08:00:33,912810TX6,TSRYS5743665,D,S,T,2024-04-10,1000000.00,4.489499,96.078125
08:00:33,912810TX6,TSRYS5743665,D,S,T,2024-04-10,1000000.00,4.489499,96.078125
08:00:33,912810TX6,TSRYS5743665,D,S,T,2024-04-10,1000000.00,4.489499,96.078125
08:00:33,912810TX6,TSRYS5743665,D,S,T,2024-04-10,1000000.00,4.489745,96.07421875
08:00:33,912810TX6,TSRYS5743665,D,S,T,2024-04-10,1000000.00,4.489499,96.078125
08:00:33,912810TX6,TSRYS5743665,D,S,T,2024-04-10,1000000.00,4.489499,96.078125
08:00:33,912810TX6,TSRYS5743665,D,S,T,2024-04-10,1000000.00,4.490482,96.0625
08:00:33,912810TX6,TSRYS5743665,D,S,T,2024-04-10,1000000.00,4.491465,96.046875
08:00:33,912810TX6,TSRYS5743665,D,S,T,2024-04-10,1000000.00,4.491465,96.046875
08:00:33,912810TX6,TSRYS5743665,D,S,T,2024-04-10,1000000.00,4.491465,96.046875
08:00:33,912810TX6,TSRYS5743665,D,S,T,2024-04-10,1000000.00,4.492449,96.03125
08:00:33,912810TX6,TSRYS5743665,D,S,T,2024-04-10,1000000.00,4.492449,96.03125
08:00:33,912810TX6,TSRYS5743665,D,S,T,2024-04-10,1000000.00,4.492449,96.03125
08:00:33,912810TX6,TSRYS5743665,D,S,T,2024-04-10,1000000.00,4.492449,96.03125
08:00:33,912810TX6,TSRYS5743665,D,S,T,2024-04-10,1000000.00,4.490482,96.0625
08:00:33,912810TX6,TSRYS5743665,D,S,T,2024-04-10,1000000.00,4.494416,96.0
08:00:33,912810TX6,TSRYS5743665,D,S,T,2024-04-10,1000000.00,4.493432,96.015625
08:00:33,912810TX6,TSRYS5743665,D,S,T,2024-04-10,1000000.00,4.494416,96.0
08:00:33,912810TX6,TSRYS5743665,D,S,T,2024-04-10,1000000.00,4.494416,96.0
08:00:33,912810TX6,TSRYS5743665,D,S,T,2024-04-10,4000000.00,4.496385,95.96875
08:00:33,912810TX6,TSRYS5743665,D,S,T,2024-04-10,1000000.00,4.494416,96.0
08:00:33,912810TX6,TSRYS5743665,D,S,T,2024-04-10,1000000.00,4.494539,95.998046875
08:00:33,912810TX6,TSRYS5743665,D,S,T,2024-04-10,1000000.00,4.494416,96.0
08:00:33,912810TX6,TSRYS5743665,D,S,T,2024-04-10,1000000.00,4.493063,96.021484375
08:00:33,912810TX6,TSRYS5743665,D,S,T,2024-04-10,1000000.00,4.489499,96.078125
08:00:33,912810TX6,TSRYS5743665,D,S,T,2024-04-10,1000000.00,4.488025,96.1015625
08:00:33,912810TX6,TSRYS5743665,D,S,T,2024-04-10,1000000.00,4.488516,96.09375
08:00:33,912810TX6,TSRYS5743665,D,S,T,2024-04-10,4000000.00,4.488516,96.09375
08:00:33,912810TX6,TSRYS5743665,D,S,T,2024-04-10,1000000.00,4.488516,96.09375
08:00:33,912810TX6,TSRYS5743665,D,S,T,2024-04-10,2000000.00,4.488516,96.09375
08:00:33,912810TX6,TSRYS5743665,D,S,T,2024-04-10,1000000.00,4.488516,96.09375
08:00:33,912810TX6,TSRYS5743665,D,S,T,2024-04-10,1000000.00,4.488516,96.09375
08:00:33,912810TX6,TSRYS5743665,D,S,T,2024-04-10,3000000.00,4.488516,96.09375
08:00:33,912810TX6,TSRYS5743665,D,S,T,2024-04-10,1000000.00,4.488516,96.09375
08:00:33,912810TX6,TSRYS5743665,D,S,T,2024-04-10,1000000.00,4.488516,96.09375
08:00:33,912810TX6,TSRYS5743665,D,S,T,2024-04-10,1000000.00,4.489499,96.078125
08:00:33,912810TX6,TSRYS5743665,D,S,T,2024-04-10,1000000.00,4.489499,96.078125
08:00:33,912810TX6,TSRYS5743665,D,S,T,2024-04-10,1000000.00,4.489499,96.078125
08:00:33,912810TX6,TSRYS5743665,D,S,T,2024-04-10,1000000.00,4.489499,96.078125
08:00:33,912810TX6,TSRYS5743665,D,S,T,2024-04-10,1000000.00,4.489499,96.078125
08:00:33,912810TX6,TSRYS5743665,D,S,T,2024-04-10,1000000.00,4.489499,96.078125
08:00:33,912810TX6,TSRYS5743665,D,S,T,2024-04-10,1000000.00,4.489499,96.078125
08:00:33,912810TX6,TSRYS5743665,D,S,T,2024-04-10,1000000.00,4.489253,96.08203125
08:00:33,912810TX6,TSRYS5743665,D,S,T,2024-04-10,1000000.00,4.489253,96.08203125
08:00:33,912810TX6,TSRYS5743665,D,S,T,2024-04-10,1000000.00,4.48913,96.083984375
08:00:33,912810TX6,TSRYS5743665,D,S,T,2024-04-10,1000000.00,4.488516,96.09375
08:00:33,912810TX6,TSRYS5743665,D,S,T,2024-04-10,1000000.00,4.486551,96.125
08:00:33,912810TX6,TSRYS5743665,D,S,T,2024-04-10,1000000.00,4.486551,96.125
08:00:33,912810TX6,TSRYS5743665,D,S,T,2024-04-10,1000000.00,4.486551,96.125
08:00:33,912810TX6,TSRYS5743665,D,S,T,2024-04-10,1000000.00,4.486551,96.125
08:00:33,912810TX6,TSRYS5743665,D,S,T,2024-04-10,1000000.00,4.486551,96.125
08:00:33,912810TX6,TSRYS5743665,D,S,T,2024-04-10,1000000.00,4.486551,96.125
08:00:33,912810TX6,TSRYS5743665,D,S,T,2024-04-10,1000000.00,4.486551,96.125
08:00:33,912810TX6,TSRYS5743665,D,S,T,2024-04-10,1000000.00,4.487533,96.109375
08:00:33,912810TX6,TSRYS5743665,D,S,T,2024-04-10,1000000.00,4.48827,96.09765625
08:00:33,912810TX6,TSRYS5743665,D,S,T,2024-04-10,1000000.00,4.488516,96.09375
08:00:33,912810TX6,TSRYS5743665,D,S,T,2024-04-10,1000000.00,4.488516,96.09375
08:00:33,912810TX6,TSRYS5743665,D,S,T,2024-04-10,1000000.00,4.487533,96.109375
08:00:33,912810TX6,TSRYS5743665,D,S,D,2024-04-10,1000000.00,4.486551,96.125
08:00:33,912810TX6,TSRYS5743665,D,S,T,2024-04-10,1000000.00,4.487656,96.107421875
08:00:33,912810TX6,TSRYS5743665,D,S,T,2024-04-10,1000000.00,4.487533,96.109375
08:00:33,912810TX6,TSRYS5743665,D,S,T,2024-04-10,1000000.00,4.485569,96.140625
08:00:33,912810TX6,TSRYS5743665,D,S,T,2024-04-10,1000000.00,4.483483,96.173828125
08:00:33,912810TX6,TSRYS5743665,D,S,T,2024-04-10,1000000.00,4.481888,96.19921875
08:00:33,912810TX6,TSRYS5743665,D,S,T,2024-04-10,1000000.00,4.481766,96.201171875
08:00:33,912810TX6,TSRYS5743665,D,S,D,2024-04-10,1000000.00,4.483115,96.1796875
08:00:33,912810TX6,TSRYS5743665,D,S,T,2024-04-10,1000000.00,4.483606,96.171875
08:00:33,912810TX6,TSRYS5743665,D,S,T,2024-04-10,1000000.00,4.483606,96.171875
08:00:33,912810TX6,TSRYS5743665,D,S,T,2024-04-10,2000000.00,4.482624,96.1875
08:00:33,912810TX6,TSRYS5743665,D,S,T,2024-04-10,1000000.00,4.482624,96.1875
08:00:33,912810TX6,TSRYS5743665,D,S,T,2024-04-10,1000000.00,4.481152,96.2109375
08:00:33,912810TX6,TSRYS5743665,D,S,T,2024-04-10,1000000.00,4.480662,96.21875
08:00:33,912810TX6,TSRYS5743665,D,S,T,2024-04-10,1000000.00,4.481643,96.203125
08:00:33,912810TX6,TSRYS5743665,D,S,D,2024-04-10,1000000.00,4.489499,96.078125
08:00:33,912810TX6,TSRYS5743665,D,S,D,2024-04-10,1000000.00,4.489745,96.07421875
08:00:33,912810TX6,TSRYS5743665,D,S,D,2024-04-10,1000000.00,4.490482,96.0625
08:00:33,912810TX6,TSRYS5743665,D,S,D,2024-04-10,1000000.00,4.491465,96.046875
08:00:33,912810TX6,TSRYS5743665,D,S,D,2024-04-10,1000000.00,4.490973,96.0546875
08:00:33,912810TX6,TSRYS5743665,D,S,D,2024-04-10,1000000.00,4.499339,95.921875
08:00:33,912810TX6,TSRYS5743665,D,S,D,2024-04-10,1000000.00,4.498847,95.9296875
08:00:33,912810TX6,TSRYS5743665,D,S,D,2024-04-10,1000000.00,4.501064,95.89453125
08:00:33,912810TX6,TSRYS5743665,D,S,D,2024-04-10,1000000.00,4.496631,95.96484375
08:00:33,912810TX6,TSRYS5743665,D,S,D,2024-04-10,1000000.00,4.499832,95.9140625
08:00:33,912810TX6,TSRYS5743665,D,S,D,2024-04-10,1000000.00,4.499832,95.9140625
08:00:33,912810TX6,TSRYS5743665,D,S,D,2024-04-10,1000000.00,4.493432,96.015625
08:00:33,912810TX6,TSRYS5743665,D,S,D,2024-04-10,1000000.00,4.493432,96.015625
08:00:33,912810TX6,TSRYS5743665,D,S,D,2024-04-10,1000000.00,4.493432,96.015625
08:00:33,912810TX6,TSRYS5743665,D,S,D,2024-04-10,1000000.00,4.491219,96.05078125
08:00:33,912810TX6,TSRYS5743665,D,S,D,2024-04-10,1000000.00,4.4954,95.984375
08:00:33,912810TX6,TSRYS5743665,D,S,D,2024-04-10,1000000.00,4.494416,96.0
08:00:33,912810TX6,TSRYS5743665,D,S,D,2024-04-10,1000000.00,4.494662,95.99609375
08:00:33,912810TX6,TSRYS5743665,D,S,D,2024-04-10,1000000.00,4.498354,95.9375
08:00:33,912810TX6,TSRYS5743665,D,S,D,2024-04-10,1000000.00,4.494908,95.9921875
08:00:33,912810TX6,TSRYS5743665,D,S,D,2024-04-10,1000000.00,4.49417,96.00390625
08:00:33,912810TX6,TSRYS5743665,D,S,D,2024-04-10,1000000.00,4.487533,96.109375
08:00:33,912810TX6,TSRYS5743665,D,S,D,2024-04-10,1000000.00,4.486797,96.12109375
08:00:33,912810TX6,TSRYS5743665,D,S,D,2024-04-10,1000000.00,4.483606,96.171875
08:00:33,912810TX6,TSRYS5743665,D,S,D,2024-04-10,1000000.00,4.48336,96.17578125
08:00:33,912810TX6,TSRYS5743665,D,S,D,2024-04-10,1000000.00,4.48336,96.17578125
08:00:33,912810TX6,TSRYS5743665,D,S,D,2024-04-10,1000000.00,4.482869,96.18359375
08:00:33,912810TX6,TSRYS5743665,D,S,D,2024-04-10,1000000.00,4.483606,96.171875
08:00:33,912810TX6,TSRYS5743665,D,S,D,2024-04-10,1000000.00,4.495646,95.98046875
08:00:33,912810TX6,TSRYS5743665,D,S,D,2024-04-10,1000000.00,4.495646,95.98046875
08:00:33,912810TX6,TSRYS5743665,D,S,D,2024-04-10,1000000.00,4.495646,95.98046875
08:00:33,912810TX6,TSRYS5743665,D,S,D,2024-04-10,1000000.00,4.495646,95.98046875
08:00:33,912810TX6,TSRYS5743665,D,S,D,2024-04-10,1000000.00,4.495646,95.98046875
08:00:33,912810TX6,TSRYS5743665,D,S,D,2024-04-10,1000000.00,4.489867,96.072265625
08:00:33,912810TX6,TSRYS5743665,D,S,D,2024-04-10,1000000.00,4.489867,96.072265625
08:00:33,912810TX6,TSRYS5743665,D,S,D,2024-04-10,1000000.00,4.490359,96.064453125
08:00:33,912810TX6,TSRYS5743665,D,S,D,2024-04-10,2000000.00,4.49208,96.037109375
08:00:33,912810TX6,TSRYS5743665,D,S,D,2024-04-10,1000000.00,4.49208,96.037109375
08:00:33,912810TX6,TSRYS5743665,D,S,D,2024-04-10,1000000.00,4.491096,96.052734375
08:00:33,912810TX6,TSRYS5743665,D,S,D,2024-04-10,1000000.00,4.499339,95.921875
08:00:33,912810TX6,TSRYS5743665,D,S,D,2024-04-10,1000000.00,4.495892,95.9765625
08:00:33,912810TX6,TSRYS5743665,D,S,D,2024-04-10,1000000.00,4.496139,95.97265625
08:00:33,912810TX6,TSRYS5743665,D,S,D,2024-04-10,1000000.00,4.499462,95.919921875
08:00:33,912810TX6,TSRYS5743665,D,S,D,2024-04-10,1000000.00,4.499462,95.919921875
08:00:33,912810TX6,TSRYS5743665,D,S,D,2024-04-10,1000000.00,4.499462,95.919921875
08:00:33,912810TX6,TSRYS5743665,D,S,D,2024-04-10,1000000.00,4.499462,95.919921875
08:00:33,912810TX6,TSRYS5743665,D,S,D,2024-04-10,1000000.00,4.499462,95.919921875
08:00:33,912810TX6,TSRYS5743665,D,S,D,2024-04-10,1000000.00,4.499462,95.919921875
08:00:33,912810TX6,TSRYS5743665,D,S,D,2024-04-10,1000000.00,4.496262,95.970703125
08:00:33,912810TX6,TSRYS5743665,D,S,D,2024-04-10,1000000.00,4.499832,95.9140625
08:00:33,912810TX6,TSRYS5743665,D,S,D,2024-04-10,1000000.00,4.499832,95.9140625
08:00:33,912810TX6,TSRYS5743665,D,S,D,2024-04-10,1000000.00,4.499832,95.9140625
08:00:33,912810TX6,TSRYS5743665,D,S,D,2024-04-10,1000000.00,4.496508,95.966796875
08:00:33,912810TX6,TSRYS5743665,D,S,D,2024-04-10,1000000.00,4.496631,95.96484375
08:00:33,912810TX6,TSRYS5743665,D,S,D,2024-04-10,1000000.00,4.494785,95.994140625
08:00:33,912810TX6,TSRYS5743665,D,S,D,2024-04-10,1000000.00,4.493432,96.015625
08:00:33,912810TX6,TSRYS5743665,D,S,D,2024-04-10,1000000.00,4.493924,96.0078125
08:00:33,912810TX6,TSRYS5743665,D,S,D,2024-04-10,1000000.00,4.494785,95.994140625
08:00:33,912810TX6,TSRYS5743665,D,S,D,2024-04-10,1000000.00,4.497739,95.947265625
08:00:33,912810TX6,TSRYS5743665,D,S,D,2024-04-10,1000000.00,4.497985,95.943359375
08:00:33,912810TX6,TSRYS5743665,D,S,D,2024-04-10,1000000.00,4.497985,95.943359375
08:00:33,912810TX6,TSRYS5743665,D,S,D,2024-04-10,1000000.00,4.497985,95.943359375
08:00:33,912810TX6,TSRYS5743665,D,S,D,2024-04-10,1000000.00,4.497985,95.943359375
08:00:33,912810TX6,TSRYS5743665,D,S,D,2024-04-10,1000000.00,4.497739,95.947265625
08:00:33,912810TX6,TSRYS5743665,D,S,D,2024-04-10,1000000.00,4.497739,95.947265625
08:00:33,912810TX6,TSRYS5743665,D,S,D,2024-04-10,1000000.00,4.487042,96.1171875
08:00:33,912810TX6,TSRYS5743665,D,S,D,2024-04-10,1000000.00,4.487042,96.1171875
08:00:33,912810TX6,TSRYS5743665,D,S,D,2024-04-10,1000000.00,4.487288,96.11328125
08:00:33,912810TX6,TSRYS5743665,D,S,D,2024-04-10,1000000.00,4.487533,96.109375
08:00:33,912810TX6,TSRYS5743665,D,S,D,2024-04-10,1000000.00,4.487533,96.109375
08:00:33,912810TX6,TSRYS5743665,D,S,D,2024-04-10,1000000.00,4.487042,96.1171875
08:00:33,912810TX6,TSRYS5743665,D,S,D,2024-04-10,1000000.00,4.487533,96.109375
08:00:33,912810TX6,TSRYS5743665,D,S,D,2024-04-10,1000000.00,4.487533,96.109375
08:00:33,912810TX6,TSRYS5743665,D,S,D,2024-04-10,1000000.00,4.487042,96.1171875
08:00:33,912810TX6,TSRYS5743665,D,S,D,2024-04-10,1000000.00,4.486797,96.12109375
08:00:33,912810TX6,TSRYS5743665,D,S,D,2024-04-10,1000000.00,4.486797,96.12109375
08:00:33,912810TX6,TSRYS5743665,D,S,D,2024-04-10,1000000.00,4.486797,96.12109375
08:00:33,912810TX6,TSRYS5743665,D,S,D,2024-04-10,1000000.00,4.486797,96.12109375
08:00:33,912810TX6,TSRYS5743665,D,S,D,2024-04-10,1000000.00,4.486797,96.12109375
08:00:33,912810TX6,TSRYS5743665,D,S,D,2024-04-10,1000000.00,4.486797,96.12109375
08:00:33,912810TX6,TSRYS5743665,D,S,D,2024-04-10,1000000.00,4.486551,96.125
08:00:33,912810TX6,TSRYS5743665,D,S,D,2024-04-10,1000000.00,4.485815,96.13671875
08:00:33,912810TX6,TSRYS5743665,D,S,D,2024-04-10,1000000.00,4.486551,96.125
08:00:33,912810TX6,TSRYS5743665,D,S,D,2024-04-10,1000000.00,4.486551,96.125
08:00:33,912810TX6,TSRYS5743665,D,S,D,2024-04-10,1000000.00,4.486551,96.125
08:00:33,912810TX6,TSRYS5743665,D,S,D,2024-04-10,1000000.00,4.486551,96.125
08:00:33,912810TX6,TSRYS5743665,D,S,D,2024-04-10,1000000.00,4.483483,96.173828125
08:00:33,912810TX6,TSRYS5743665,D,S,D,2024-04-10,1000000.00,4.483483,96.173828125
08:00:33,912810TX6,TSRYS5743665,D,S,D,2024-04-10,1000000.00,4.483483,96.173828125
08:00:33,912810TX6,TSRYS5743665,D,S,D,2024-04-10,1000000.00,4.483483,96.173828125
08:00:33,912810TX6,TSRYS5743665,D,S,D,2024-04-10,1000000.00,4.483483,96.173828125
08:00:33,912810TX6,TSRYS5743665,D,S,D,2024-04-10,1000000.00,4.483728,96.169921875
08:00:33,912810TX6,TSRYS5743665,D,S,D,2024-04-10,1000000.00,4.483728,96.169921875
08:00:33,912810TX6,TSRYS5743665,D,S,D,2024-04-10,1000000.00,4.483606,96.171875
08:00:33,912810TX6,TSRYS5743665,D,S,D,2024-04-10,1000000.00,4.483606,96.171875
08:00:33,912810TX6,TSRYS5743665,D,S,D,2024-04-10,1000000.00,4.483483,96.173828125
08:00:33,912810TX6,TSRYS5743665,D,S,D,2024-04-10,1000000.00,4.483115,96.1796875
08:00:33,912810TX6,TSRYS5743665,D,S,D,2024-04-10,1000000.00,4.481888,96.19921875
08:00:33,912810TX6,TSRYS5743665,D,S,D,2024-04-10,1000000.00,4.481766,96.201171875
08:00:33,912810TX6,TSRYS5743665,D,S,D,2024-04-10,1000000.00,4.482624,96.1875
08:00:33,912810TX6,TSRYS5743665,D,S,D,2024-04-10,1000000.00,4.482747,96.185546875
08:00:33,912810TX6,TSRYS5743665,D,S,D,2024-04-10,1000000.00,4.482747,96.185546875
08:00:33,912810TX6,TSRYS5743665,D,S,D,2024-04-10,1000000.00,4.482747,96.185546875
08:00:33,912810TX6,TSRYS5743665,D,S,D,2024-04-10,1000000.00,4.483606,96.171875
08:00:33,912810TX6,TSRYS5743665,D,S,D,2024-04-10,1000000.00,4.483728,96.169921875
08:00:33,912810TX6,TSRYS5743665,D,S,D,2024-04-10,1000000.00,4.48471,96.154296875
08:00:33,912810TX6,TSRYS5743665,D,S,D,2024-04-10,1000000.00,4.48103,96.212890625
08:00:33,912810TX6,TSRYS5743665,D,S,D,2024-04-10,1000000.00,4.480539,96.220703125
08:00:33,912810TX6,TSRYS5743665,D,S,D,2024-04-10,1000000.00,4.481152,96.2109375
08:00:33,912810TX6,TSRYS5743665,D,S,D,2024-04-10,1000000.00,4.480049,96.228515625
08:00:33,912810TX6,TSRYS5743665,D,S,D,2024-04-10,1000000.00,4.480417,96.22265625
08:00:33,912810TX6,TSRYS5743665,D,S,D,2024-04-10,1000000.00,4.480539,96.220703125
08:00:33,912810TX6,TSRYS5743665,D,S,D,2024-04-10,1000000.00,4.480539,96.220703125
08:00:33,912810TX6,TSRYS5743665,D,S,D,2024-04-10,1000000.00,4.480539,96.220703125
08:00:33,912810TX6,TSRYS5743665,D,S,D,2024-04-10,1000000.00,4.481643,96.203125
08:00:33,912810TX6,TSRYS5743665,D,S,T,2024-04-10,1000000.00,4.495277,95.986328125
08:00:33,912810TX6,TSRYS5743665,D,S,T,2024-04-10,1000000.00,4.490359,96.064453125
08:00:33,912810TX6,TSRYS5743665,D,S,T,2024-04-10,1000000.00,4.489745,96.07421875
08:00:33,912810TX6,TSRYS5743665,D,S,T,2024-04-10,1000000.00,4.489622,96.076171875
08:00:33,912810TX6,TSRYS5743665,D,S,T,2024-04-10,1000000.00,4.490482,96.0625
08:00:33,912810TX6,TSRYS5743665,D,S,T,2024-04-10,1000000.00,4.490482,96.0625
08:00:33,912810TX6,TSRYS5743665,D,S,T,2024-04-10,1000000.00,4.490973,96.0546875
08:00:33,912810TX6,TSRYS5743665,D,S,T,2024-04-10,1000000.00,4.499339,95.921875
08:00:33,912810TX6,TSRYS5743665,D,S,T,2024-04-10,1000000.00,4.495892,95.9765625
08:00:33,912810TX6,TSRYS5743665,D,S,T,2024-04-10,1000000.00,4.497123,95.95703125
08:00:33,912810TX6,TSRYS5743665,D,S,T,2024-04-10,1000000.00,4.497,95.958984375
08:00:33,912810TX6,TSRYS5743665,D,S,T,2024-04-10,1000000.00,4.497,95.958984375
08:00:33,912810TX6,TSRYS5743665,D,S,T,2024-04-10,1000000.00,4.497492,95.951171875
08:00:33,912810TX6,TSRYS5743665,D,S,T,2024-04-10,1000000.00,4.497492,95.951171875
08:00:33,912810TX6,TSRYS5743665,D,S,T,2024-04-10,1000000.00,4.499709,95.916015625
08:00:33,912810TX6,TSRYS5743665,D,S,T,2024-04-10,1000000.00,4.502296,95.875
08:00:33,912810TX6,TSRYS5743665,D,S,T,2024-04-10,1000000.00,4.496139,95.97265625
08:00:33,912810TX6,TSRYS5743665,D,S,T,2024-04-10,1000000.00,4.496139,95.97265625
08:00:33,912810TX6,TSRYS5743665,D,S,T,2024-04-10,1000000.00,4.496385,95.96875
08:00:33,912810TX6,TSRYS5743665,D,S,T,2024-04-10,1000000.00,4.493678,96.01171875
08:00:33,912810TX6,TSRYS5743665,D,S,T,2024-04-10,1000000.00,4.493678,96.01171875
08:00:33,912810TX6,TSRYS5743665,D,S,T,2024-04-10,1000000.00,4.493678,96.01171875
08:00:33,912810TX6,TSRYS5743665,D,S,T,2024-04-10,1000000.00,4.493678,96.01171875
08:00:33,912810TX6,TSRYS5743665,D,S,T,2024-04-10,1000000.00,4.499832,95.9140625
08:00:33,912810TX6,TSRYS5743665,D,S,T,2024-04-10,1000000.00,4.499832,95.9140625
08:00:33,912810TX6,TSRYS5743665,D,S,T,2024-04-10,1000000.00,4.499093,95.92578125
08:00:33,912810TX6,TSRYS5743665,D,S,T,2024-04-10,1000000.00,4.489622,96.076171875
08:00:33,912810TX6,TSRYS5743665,D,S,T,2024-04-10,1000000.00,4.489745,96.07421875
08:00:33,912810TX6,TSRYS5743665,D,S,T,2024-04-10,1000000.00,4.493432,96.015625
08:00:33,912810TX6,TSRYS5743665,D,S,T,2024-04-10,1000000.00,4.495646,95.98046875
08:00:33,912810TX6,TSRYS5743665,D,S,T,2024-04-10,1000000.00,4.494416,96.0
08:00:33,912810TX6,TSRYS5743665,D,S,T,2024-04-10,1000000.00,4.494785,95.994140625
08:00:33,912810TX6,TSRYS5743665,D,S,T,2024-04-10,1000000.00,4.497739,95.947265625
08:00:33,912810TX6,TSRYS5743665,D,S,T,2024-04-10,1000000.00,4.497739,95.947265625
08:00:33,912810TX6,TSRYS5743665,D,S,T,2024-04-10,1000000.00,4.493063,96.021484375
08:00:33,912810TX6,TSRYS5743665,D,S,T,2024-04-10,1000000.00,4.487288,96.11328125
08:00:33,912810TX6,TSRYS5743665,D,S,T,2024-04-10,1000000.00,4.488516,96.09375
08:00:33,912810TX6,TSRYS5743665,D,S,T,2024-04-10,1000000.00,4.489253,96.08203125
08:00:33,912810TX6,TSRYS5743665,D,S,T,2024-04-10,1000000.00,4.489253,96.08203125
08:00:33,912810TX6,TSRYS5743665,D,S,T,2024-04-10,1000000.00,4.486797,96.12109375
08:00:33,912810TX6,TSRYS5743665,D,S,T,2024-04-10,1000000.00,4.486674,96.123046875
08:00:33,912810TX6,TSRYS5743665,D,S,T,2024-04-10,1000000.00,4.487411,96.111328125
08:00:33,912810TX6,TSRYS5743665,D,S,T,2024-04-10,1000000.00,4.487288,96.11328125
08:00:33,912810TX6,TSRYS5743665,D,S,T,2024-04-10,2000000.00,4.488025,96.1015625
08:00:33,912810TX6,TSRYS5743665,D,S,T,2024-04-10,1000000.00,4.48692,96.119140625
08:00:33,912810TX6,TSRYS5743665,D,S,T,2024-04-10,1000000.00,4.487042,96.1171875
08:00:33,912810TX6,TSRYS5743665,D,S,T,2024-04-10,1000000.00,4.485815,96.13671875
08:00:33,912810TX6,TSRYS5743665,D,S,T,2024-04-10,1000000.00,4.486551,96.125
08:00:33,912810TX6,TSRYS5743665,D,S,T,2024-04-10,1000000.00,4.48606,96.1328125
08:00:33,912810TX6,TSRYS5743665,D,S,T,2024-04-10,1000000.00,4.485937,96.134765625
08:00:33,912810TX6,TSRYS5743665,D,S,T,2024-04-10,1000000.00,4.485201,96.146484375
08:00:33,912810TX6,TSRYS5743665,D,S,T,2024-04-10,1000000.00,4.483606,96.171875
08:00:33,912810TX6,TSRYS5743665,D,S,T,2024-04-10,1000000.00,4.483606,96.171875
08:00:33,912810TX6,TSRYS5743665,D,S,T,2024-04-10,1000000.00,4.483606,96.171875
08:00:33,912810TX6,TSRYS5743665,D,S,T,2024-04-10,1000000.00,4.483483,96.173828125
08:00:33,912810TX6,TSRYS5743665,D,S,T,2024-04-10,1000000.00,4.483483,96.173828125
08:00:33,912810TX6,TSRYS5743665,D,S,T,2024-04-10,1000000.00,4.483483,96.173828125
08:00:33,912810TX6,TSRYS5743665,D,S,T,2024-04-10,1000000.00,4.483606,96.171875
08:00:33,912810TX6,TSRYS5743665,D,S,T,2024-04-10,1000000.00,4.483483,96.173828125
08:00:33,912810TX6,TSRYS5743665,D,S,T,2024-04-10,1000000.00,4.483483,96.173828125
08:00:33,912810TX6,TSRYS5743665,D,S,T,2024-04-10,1000000.00,4.483483,96.173828125
08:00:33,912810TX6,TSRYS5743665,D,S,T,2024-04-10,1000000.00,4.483238,96.177734375
08:00:33,912810TX6,TSRYS5743665,D,S,T,2024-04-10,1000000.00,4.482992,96.181640625
08:00:33,912810TX6,TSRYS5743665,D,S,T,2024-04-10,1000000.00,4.482747,96.185546875
08:00:33,912810TX6,TSRYS5743665,D,S,T,2024-04-10,1000000.00,4.48103,96.212890625
08:00:33,912810TX6,TSRYS5743665,D,S,T,2024-04-10,1000000.00,4.48103,96.212890625
08:00:33,912810TX6,TSRYS5743665,D,S,T,2024-04-10,2000000.00,4.479804,96.232421875
08:00:33,912810TX6,TSRYS5743665,D,S,T,2024-04-10,1000000.00,4.480662,96.21875
08:00:33,912810TX6,TSRYS5743665,D,S,T,2024-04-10,1000000.00,4.480539,96.220703125
08:00:33,912810TX6,TSRYS5743665,D,S,T,2024-04-10,1000000.00,4.480539,96.220703125
08:00:33,912810TX6,TSRYS5743665,D,S,T,2024-04-10,2000000.00,4.481152,96.2109375
08:00:33,912810TX6,TSRYS5743665,D,S,T,2024-04-10,2000000.00,4.481152,96.2109375
08:00:33,912810TX6,TSRYS5743665,D,S,T,2024-04-10,1000000.00,4.48152,96.205078125
08:00:33,912810TX6,TSRYS5743665,D,S,T,2024-04-10,1000000.00,4.481398,96.20703125
08:00:33,912810TX6,TSRYS5743665,D,S,T,2024-04-10,1000000.00,4.481643,96.203125
08:00:33,912810TX6,TSRYS5743665,D,S,T,2024-04-10,1000000.00,4.480172,96.2265625
08:00:33,912810TX6,TSRYS5743665,D,S,T,2024-04-10,1000000.00,4.480907,96.21484375
08:00:33,912810TX6,TSRYS5743665,D,S,T,2024-04-10,1000000.00,4.480785,96.216796875
08:00:33,912810TX6,TSRYS5743665,D,S,T,2024-04-10,1000000.00,4.481888,96.19921875
08:00:33,912810TX6,TSRYS5743665,D,S,T,2024-04-10,1000000.00,4.481643,96.203125
08:00:37,912810TX6,TSRYS5743665,D,B,C,2024-04-10,17000000.00,4.496385,95.96875
08:00:37,912810TX6,TSRYS5743665,D,S,A,2024-04-10,234300.00,4.495154,95.98828125
08:00:37,912810TX6,TSRYS5743665,D,B,C,2024-04-10,750000.00,4.491957,96.0390625
08:00:37,912810TX6,TSRYS5743665,D,S,T,2024-04-10,1000000.00,4.489499,96.078125
08:00:37,912810TX6,TSRYS5743665,D,S,T,2024-04-10,1000000.00,4.489499,96.078125
08:00:37,912810TX6,TSRYS5743665,D,S,T,2024-04-10,1000000.00,4.48913,96.083984375
08:00:37,912810TX6,TSRYS5743665,D,S,T,2024-04-10,1000000.00,4.490482,96.0625
08:00:37,912810TX6,TSRYS5743665,D,S,T,2024-04-10,1000000.00,4.490851,96.056640625
08:00:37,912810TX6,TSRYS5743665,D,S,T,2024-04-10,1000000.00,4.490482,96.0625
08:00:37,912810TX6,TSRYS5743665,D,S,T,2024-04-10,1000000.00,4.491465,96.046875
08:00:37,912810TX6,TSRYS5743665,D,S,T,2024-04-10,1000000.00,4.491465,96.046875
08:00:37,912810TX6,TSRYS5743665,D,S,T,2024-04-10,1000000.00,4.491465,96.046875
08:00:37,912810TX6,TSRYS5743665,D,S,T,2024-04-10,1000000.00,4.491465,96.046875
08:00:37,912810TX6,TSRYS5743665,D,S,T,2024-04-10,1000000.00,4.491465,96.046875
08:00:37,912810TX6,TSRYS5743665,D,S,T,2024-04-10,1000000.00,4.491465,96.046875
08:00:37,912810TX6,TSRYS5743665,D,S,T,2024-04-10,1000000.00,4.491465,96.046875
08:00:37,912810TX6,TSRYS5743665,D,S,T,2024-04-10,1000000.00,4.491465,96.046875
08:00:37,912810TX6,TSRYS5743665,D,S,T,2024-04-10,1000000.00,4.490482,96.0625
08:00:37,912810TX6,TSRYS5743665,D,S,T,2024-04-10,1000000.00,4.491465,96.046875
08:00:37,912810TX6,TSRYS5743665,D,S,T,2024-04-10,1000000.00,4.491465,96.046875
08:00:37,912810TX6,TSRYS5743665,D,S,T,2024-04-10,1000000.00,4.491465,96.046875
08:00:37,912810TX6,TSRYS5743665,D,S,T,2024-04-10,1000000.00,4.490482,96.0625
08:00:37,912810TX6,TSRYS5743665,D,S,D,2024-04-10,8000000.00,4.49835,95.93756
08:00:37,912810TX6,TSRYS5743665,D,S,D,2024-04-10,1000000.00,4.490482,96.0625
08:00:37,912810TX6,TSRYS5743665,D,S,D,2024-04-10,3000000.00,4.496987,95.95919
08:00:37,912810TX6,TSRYS5743665,D,B,A,2024-04-10,1050000.00,4.499832,95.9140625
08:00:37,912810TX6,TSRYS5743665,D,S,C,2024-04-10,7050000.00,4.500078,95.91015625
08:00:37,912810TX6,TSRYS5743665,D,S,D,2024-04-10,1000000.00,4.490482,96.0625
08:00:37,912810TX6,TSRYS5743665,D,S,D,2024-04-10,1000000.00,4.490482,96.0625
08:00:37,912810TX6,TSRYS5743665,D,S,D,2024-04-10,1000000.00,4.50131,95.890625
08:00:37,912810TX6,TSRYS5743665,D,S,D,2024-04-10,1000000.00,4.50131,95.890625
08:00:37,912810TX6,TSRYS5743665,D,S,D,2024-04-10,1000000.00,4.50131,95.890625
08:00:37,912810TX6,TSRYS5743665,D,S,T,2024-04-10,1000000.00,4.50131,95.890625
08:00:37,912810TX6,TSRYS5743665,D,S,D,2024-04-10,1000000.00,4.50131,95.890625
08:00:37,912810TX6,TSRYS5743665,D,S,T,2024-04-10,2000000.00,4.50131,95.890625
08:00:37,912810TX6,TSRYS5743665,D,S,T,2024-04-10,1000000.00,4.50131,95.890625
08:00:37,912810TX6,TSRYS5743665,D,S,A,2024-04-10,100000.00,4.499585,95.91796875
08:00:37,912810TX6,TSRYS5743665,D,S,D,2024-04-10,1000000.00,4.490482,96.0625
08:00:37,912810TX6,TSRYS5743665,D,S,T,2024-04-10,1000000.00,4.494416,96.0
08:00:37,912810TX6,TSRYS5743665,D,S,T,2024-04-10,1000000.00,4.494416,96.0
08:00:37,912810TX6,TSRYS5743665,D,S,D,2024-04-10,1000000.00,4.494416,96.0
08:00:37,912810TX6,TSRYS5743665,D,S,D,2024-04-10,1000000.00,4.494416,96.0
08:00:37,912810TX6,TSRYS5743665,D,S,T,2024-04-10,2000000.00,4.495646,95.98046875
08:00:37,912810TX6,TSRYS5743665,D,S,D,2024-04-10,1000000.00,4.495471,95.98326
08:00:37,912810TX6,TSRYS5743665,D,S,T,2024-04-10,1000000.00,4.497739,95.947265625
08:00:37,912810TX6,TSRYS5743665,D,S,D,2024-04-10,1000000.00,4.489499,96.078125
08:00:37,912810TX6,TSRYS5743665,D,S,D,2024-04-10,1000000.00,4.497369,95.953125
08:00:37,912810TX6,TSRYS5743665,D,S,T,2024-04-10,1000000.00,4.497369,95.953125
08:00:37,912810TX6,TSRYS5743665,D,S,D,2024-04-10,2000000.00,4.498354,95.9375
08:00:37,912810TX6,TSRYS5743665,D,S,D,2024-04-10,2000000.00,4.498354,95.9375
08:00:37,912810TX6,TSRYS5743665,D,S,D,2024-04-10,2000000.00,4.498354,95.9375
08:00:37,912810TX6,TSRYS5743665,D,S,D,2024-04-10,1000000.00,4.498354,95.9375
08:00:37,912810TX6,TSRYS5743665,D,S,D,2024-04-10,1000000.00,4.498354,95.9375
08:00:37,912810TX6,TSRYS5743665,D,S,D,2024-04-10,1000000.00,4.498354,95.9375
08:00:37,912810TX6,TSRYS5743665,D,S,D,2024-04-10,1000000.00,4.498354,95.9375
08:00:37,912810TX6,TSRYS5743665,D,S,D,2024-04-10,1000000.00,4.498354,95.9375
08:00:37,912810TX6,TSRYS5743665,D,S,D,2024-04-10,1000000.00,4.498354,95.9375
08:00:37,912810TX6,TSRYS5743665,D,S,D,2024-04-10,1000000.00,4.489499,96.078125
08:00:37,912810TX6,TSRYS5743665,D,S,D,2024-04-10,1000000.00,4.489499,96.078125
08:00:37,912810TX6,TSRYS5743665,D,S,D,2024-04-10,1000000.00,4.489499,96.078125
08:00:37,912810TX6,TSRYS5743665,D,S,D,2024-04-10,1000000.00,4.49371,96.0112106199
08:00:37,912810TX6,TSRYS5743665,D,S,T,2024-04-10,1000000.00,4.493432,96.015625
08:00:37,912810TX6,TSRYS5743665,D,S,A,2024-04-10,1000000.00,4.49294,96.0234375
08:00:37,912810TX6,TSRYS5743665,D,S,A,2024-04-10,600000.00,4.491465,96.046875
08:00:37,912810TX6,TSRYS5743665,D,S,D,2024-04-10,1000000.00,4.489499,96.078125
08:00:37,912810TX6,TSRYS5743665,D,S,D,2024-04-10,1000000.00,4.489499,96.078125
08:00:37,912810TX6,TSRYS5743665,D,B,A,2024-04-10,500000.00,4.496631,95.96484375
08:00:37,912810TX6,TSRYS5743665,D,B,A,2024-04-10,164000.00,4.495154,95.98828125
08:00:37,912810TX6,TSRYS5743665,D,S,D,2024-04-10,1000000.00,4.494416,96.0
08:00:37,912810TX6,TSRYS5743665,D,S,D,2024-04-10,1000000.00,4.494416,96.0
08:00:37,912810TX6,TSRYS5743665,D,S,D,2024-04-10,2000000.00,4.494416,96.0
08:00:37,912810TX6,TSRYS5743665,D,S,D,2024-04-10,1000000.00,4.494416,96.0
08:00:37,912810TX6,TSRYS5743665,D,S,D,2024-04-10,1000000.00,4.494416,96.0
08:00:37,912810TX6,TSRYS5743665,D,S,D,2024-04-10,1000000.00,4.494416,96.0
08:00:37,912810TX6,TSRYS5743665,D,S,D,2024-04-10,1000000.00,4.4954,95.984375
08:00:37,912810TX6,TSRYS5743665,D,S,D,2024-04-10,1000000.00,4.494416,96.0
08:00:37,912810TX6,TSRYS5743665,D,S,D,2024-04-10,1000000.00,4.494416,96.0
08:00:37,912810TX6,TSRYS5743665,D,S,D,2024-04-10,1000000.00,4.494416,96.0
08:00:37,912810TX6,TSRYS5743665,D,S,T,2024-04-10,1000000.00,4.490973,96.0546875
08:00:37,912810TX6,TSRYS5743665,D,S,D,2024-04-10,1000000.00,4.487533,96.109375
08:00:37,912810TX6,TSRYS5743665,D,S,D,2024-04-10,1000000.00,4.487533,96.109375
08:00:37,912810TX6,TSRYS5743665,D,S,T,2024-04-10,1000000.00,4.487533,96.109375
08:00:37,912810TX6,TSRYS5743665,D,S,T,2024-04-10,1000000.00,4.487533,96.109375
08:00:37,912810TX6,TSRYS5743665,D,S,T,2024-04-10,1000000.00,4.487533,96.109375
08:00:37,912810TX6,TSRYS5743665,D,S,T,2024-04-10,1000000.00,4.487533,96.109375
08:00:37,912810TX6,TSRYS5743665,D,S,T,2024-04-10,1000000.00,4.487533,96.109375
08:00:37,912810TX6,TSRYS5743665,D,S,D,2024-04-10,1000000.00,4.487533,96.109375
08:00:37,912810TX6,TSRYS5743665,D,S,D,2024-04-10,1000000.00,4.487533,96.109375
08:00:37,912810TX6,TSRYS5743665,D,S,D,2024-04-10,1000000.00,4.487533,96.109375
08:00:37,912810TX6,TSRYS5743665,D,S,D,2024-04-10,1000000.00,4.487533,96.109375
08:00:37,912810TX6,TSRYS5743665,D,S,D,2024-04-10,1000000.00,4.487533,96.109375
08:00:37,912810TX6,TSRYS5743665,D,S,T,2024-04-10,1000000.00,4.487533,96.109375
08:00:37,912810TX6,TSRYS5743665,D,S,D,2024-04-10,1000000.00,4.487533,96.109375
08:00:37,912810TX6,TSRYS5743665,D,S,T,2024-04-10,1000000.00,4.487533,96.109375
08:00:37,912810TX6,TSRYS5743665,D,S,D,2024-04-10,1000000.00,4.489499,96.078125
08:00:37,912810TX6,TSRYS5743665,D,S,D,2024-04-10,1000000.00,4.489499,96.078125
08:00:37,912810TX6,TSRYS5743665,D,S,D,2024-04-10,1000000.00,4.489499,96.078125
08:00:37,912810TX6,TSRYS5743665,D,S,T,2024-04-10,1000000.00,4.488516,96.09375
08:00:37,912810TX6,TSRYS5743665,D,S,T,2024-04-10,1000000.00,4.488516,96.09375
08:00:37,912810TX6,TSRYS5743665,D,S,D,2024-04-10,1000000.00,4.488516,96.09375
08:00:37,912810TX6,TSRYS5743665,D,S,D,2024-04-10,1000000.00,4.488516,96.09375
08:00:37,912810TX6,TSRYS5743665,D,S,D,2024-04-10,1000000.00,4.488516,96.09375
08:00:37,912810TX6,TSRYS5743665,D,S,D,2024-04-10,1000000.00,4.488516,96.09375
08:00:37,912810TX6,TSRYS5743665,D,S,T,2024-04-10,1000000.00,4.48827,96.09765625
08:00:37,912810TX6,TSRYS5743665,D,S,T,2024-04-10,1000000.00,4.486551,96.125
08:00:37,912810TX6,TSRYS5743665,D,S,D,2024-04-10,1000000.00,4.48657,96.1246976833
08:00:37,912810TX6,TSRYS5743665,D,S,D,2024-04-10,1000000.00,4.487533,96.109375
08:00:37,912810TX6,TSRYS5743665,D,S,T,2024-04-10,1000000.00,4.487411,96.111328125
08:00:37,912810TX6,TSRYS5743665,D,S,T,2024-04-10,1000000.00,4.487779,96.10546875
08:00:37,912810TX6,TSRYS5743665,D,S,T,2024-04-10,1000000.00,4.486551,96.125
08:00:37,912810TX6,TSRYS5743665,D,S,D,2024-04-10,1000000.00,4.48657,96.1246976833
08:00:37,912810TX6,TSRYS5743665,D,S,T,2024-04-10,1000000.00,4.486551,96.125
08:00:37,912810TX6,TSRYS5743665,D,S,T,2024-04-10,1000000.00,4.486551,96.125
08:00:37,912810TX6,TSRYS5743665,D,S,D,2024-04-10,1000000.00,4.48657,96.1246976833
08:00:37,912810TX6,TSRYS5743665,D,S,T,2024-04-10,1000000.00,4.485569,96.140625
08:00:37,912810TX6,TSRYS5743665,D,S,D,2024-04-10,1000000.00,4.486129,96.131714613
08:00:37,912810TX6,TSRYS5743665,D,S,T,2024-04-10,1000000.00,4.485569,96.140625
08:00:37,912810TX6,TSRYS5743665,D,S,D,2024-04-10,1000000.00,4.486129,96.131714613
08:00:37,912810TX6,TSRYS5743665,D,S,D,2024-04-10,1000000.00,4.486129,96.131714613
08:00:37,912810TX6,TSRYS5743665,D,S,T,2024-04-10,1000000.00,4.487533,96.109375
08:00:37,912810TX6,TSRYS5743665,D,S,T,2024-04-10,1000000.00,4.487533,96.109375
08:00:37,912810TX6,TSRYS5743665,D,S,D,2024-04-10,1000000.00,4.48757,96.1087874746
08:00:37,912810TX6,TSRYS5743665,D,S,T,2024-04-10,1000000.00,4.488516,96.09375
08:00:37,912810TX6,TSRYS5743665,D,S,D,2024-04-10,1000000.00,4.48757,96.1087874746
08:00:37,912810TX6,TSRYS5743665,D,S,T,2024-04-10,1000000.00,4.487533,96.109375
08:00:37,912810TX6,TSRYS5743665,D,S,T,2024-04-10,1000000.00,4.486551,96.125
08:00:37,912810TX6,TSRYS5743665,D,S,T,2024-04-10,1000000.00,4.486551,96.125
08:00:37,912810TX6,TSRYS5743665,D,S,D,2024-04-10,1000000.00,4.48757,96.1087874746
08:00:37,912810TX6,TSRYS5743665,D,S,D,2024-04-10,1000000.00,4.48757,96.1087874746
08:00:37,912810TX6,TSRYS5743665,D,S,D,2024-04-10,1000000.00,4.48657,96.1246976833
08:00:37,912810TX6,TSRYS5743665,D,S,T,2024-04-10,1000000.00,4.485569,96.140625
08:00:37,912810TX6,TSRYS5743665,D,S,D,2024-04-10,1000000.00,4.486129,96.131714613
08:00:37,912810TX6,TSRYS5743665,D,S,T,2024-04-10,1000000.00,4.486674,96.123046875
08:00:37,912810TX6,TSRYS5743665,D,S,T,2024-04-10,1000000.00,4.48827,96.09765625
08:00:37,912810TX6,TSRYS5743665,D,S,D,2024-04-10,1000000.00,4.48757,96.1087874746
08:00:37,912810TX6,TSRYS5743665,D,S,D,2024-04-10,1000000.00,4.486129,96.131714613
08:00:37,912810TX6,TSRYS5743665,D,S,T,2024-04-10,1000000.00,4.487533,96.109375
08:00:37,912810TX6,TSRYS5743665,D,S,T,2024-04-10,1000000.00,4.487533,96.109375
08:00:37,912810TX6,TSRYS5743665,D,S,T,2024-04-10,1000000.00,4.487533,96.109375
08:00:37,912810TX6,TSRYS5743665,D,S,D,2024-04-10,1000000.00,4.48757,96.1087874746
08:00:37,912810TX6,TSRYS5743665,D,S,D,2024-04-10,1000000.00,4.48757,96.1087874746
08:00:37,912810TX6,TSRYS5743665,D,S,T,2024-04-10,1000000.00,4.487533,96.109375
08:00:37,912810TX6,TSRYS5743665,D,S,T,2024-04-10,1000000.00,4.487533,96.109375
08:00:37,912810TX6,TSRYS5743665,D,S,T,2024-04-10,1000000.00,4.487533,96.109375
08:00:37,912810TX6,TSRYS5743665,D,S,D,2024-04-10,1000000.00,4.48757,96.1087874746
08:00:37,912810TX6,TSRYS5743665,D,S,D,2024-04-10,1000000.00,4.48757,96.1087874746
08:00:37,912810TX6,TSRYS5743665,D,S,D,2024-04-10,1000000.00,4.48757,96.1087874746
08:00:37,912810TX6,TSRYS5743665,D,S,D,2024-04-10,1000000.00,4.48757,96.1087874746
08:00:37,912810TX6,TSRYS5743665,D,S,D,2024-04-10,1000000.00,4.486129,96.131714613
08:00:37,912810TX6,TSRYS5743665,D,S,D,2024-04-10,1000000.00,4.486129,96.131714613
08:00:37,912810TX6,TSRYS5743665,D,S,T,2024-04-10,1000000.00,4.487533,96.109375
08:00:37,912810TX6,TSRYS5743665,D,S,T,2024-04-10,1000000.00,4.48692,96.119140625
08:00:37,912810TX6,TSRYS5743665,D,S,T,2024-04-10,1000000.00,4.48692,96.119140625
08:00:37,912810TX6,TSRYS5743665,D,S,T,2024-04-10,1000000.00,4.48692,96.119140625
08:00:37,912810TX6,TSRYS5743665,D,S,T,2024-04-10,1000000.00,4.485569,96.140625
08:00:37,912810TX6,TSRYS5743665,D,S,T,2024-04-10,1000000.00,4.485569,96.140625
08:00:37,912810TX6,TSRYS5743665,D,S,T,2024-04-10,1000000.00,4.485569,96.140625
08:00:37,912810TX6,TSRYS5743665,D,S,T,2024-04-10,1000000.00,4.484587,96.15625
08:00:37,912810TX6,TSRYS5743665,D,S,T,2024-04-10,1000000.00,4.484587,96.15625
08:00:37,912810TX6,TSRYS5743665,D,S,T,2024-04-10,1000000.00,4.484587,96.15625
08:00:37,912810TX6,TSRYS5743665,D,S,T,2024-04-10,1000000.00,4.484587,96.15625
08:00:37,912810TX6,TSRYS5743665,D,S,D,2024-04-10,1000000.00,4.484587,96.15625
08:00:37,912810TX6,TSRYS5743665,D,S,D,2024-04-10,1000000.00,4.483707,96.1702617695
08:00:37,912810TX6,TSRYS5743665,D,S,D,2024-04-10,1000000.00,4.483707,96.1702617695
08:00:37,912810TX6,TSRYS5743665,D,S,D,2024-04-10,1000000.00,4.484587,96.15625
08:00:37,912810TX6,TSRYS5743665,D,S,D,2024-04-10,1000000.00,4.483249,96.1775553717
08:00:37,912810TX6,TSRYS5743665,D,S,D,2024-04-10,1000000.00,4.483249,96.1775553717
08:00:37,912810TX6,TSRYS5743665,D,S,D,2024-04-10,1000000.00,4.483707,96.1702617695
08:00:37,912810TX6,TSRYS5743665,D,S,T,2024-04-10,1000000.00,4.484587,96.15625
08:00:37,912810TX6,TSRYS5743665,D,S,T,2024-04-10,1000000.00,4.481643,96.203125
08:00:37,912810TX6,TSRYS5743665,D,S,T,2024-04-10,1000000.00,4.481643,96.203125
08:00:37,912810TX6,TSRYS5743665,D,S,T,2024-04-10,1000000.00,4.481643,96.203125
08:00:37,912810TX6,TSRYS5743665,D,S,T,2024-04-10,1000000.00,4.481643,96.203125
08:00:37,912810TX6,TSRYS5743665,D,S,T,2024-04-10,1000000.00,4.481643,96.203125
08:00:37,912810TX6,TSRYS5743665,D,S,T,2024-04-10,1000000.00,4.481643,96.203125
08:00:37,912810TX6,TSRYS5743665,D,S,T,2024-04-10,1000000.00,4.481643,96.203125
08:00:37,912810TX6,TSRYS5743665,D,S,T,2024-04-10,1000000.00,4.481643,96.203125
08:00:37,912810TX6,TSRYS5743665,D,S,T,2024-04-10,1000000.00,4.481643,96.203125
08:00:37,912810TX6,TSRYS5743665,D,S,T,2024-04-10,1000000.00,4.481643,96.203125
08:00:37,912810TX6,TSRYS5743665,D,S,T,2024-04-10,1000000.00,4.481643,96.203125
08:00:37,912810TX6,TSRYS5743665,D,S,T,2024-04-10,1000000.00,4.481643,96.203125
08:00:37,912810TX6,TSRYS5743665,D,S,T,2024-04-10,1000000.00,4.481643,96.203125
08:00:37,912810TX6,TSRYS5743665,D,S,T,2024-04-10,1000000.00,4.481643,96.203125
08:00:37,912810TX6,TSRYS5743665,D,S,T,2024-04-10,1000000.00,4.481643,96.203125
08:00:37,912810TX6,TSRYS5743665,D,S,T,2024-04-10,1000000.00,4.481643,96.203125
08:00:37,912810TX6,TSRYS5743665,D,S,T,2024-04-10,1000000.00,4.481643,96.203125
08:00:37,912810TX6,TSRYS5743665,D,S,T,2024-04-10,1000000.00,4.481643,96.203125
08:00:37,912810TX6,TSRYS5743665,D,S,D,2024-04-10,1000000.00,4.481809,96.2004837067
08:00:37,912810TX6,TSRYS5743665,D,S,T,2024-04-10,1000000.00,4.481643,96.203125
08:00:37,912810TX6,TSRYS5743665,D,S,D,2024-04-10,1000000.00,4.481809,96.2004837067
08:00:37,912810TX6,TSRYS5743665,D,S,D,2024-04-10,1000000.00,4.481809,96.2004837067
08:00:37,912810TX6,TSRYS5743665,D,S,D,2024-04-10,1000000.00,4.481809,96.2004837067
08:00:37,912810TX6,TSRYS5743665,D,S,D,2024-04-10,1000000.00,4.481809,96.2004837067
08:00:37,912810TX6,TSRYS5743665,D,S,T,2024-04-10,1000000.00,4.481643,96.203125
08:00:37,912810TX6,TSRYS5743665,D,S,D,2024-04-10,1000000.00,4.481809,96.2004837067
08:00:37,912810TX6,TSRYS5743665,D,S,D,2024-04-10,1000000.00,4.481809,96.2004837067
08:00:37,912810TX6,TSRYS5743665,D,S,D,2024-04-10,1000000.00,4.481643,96.203125
08:00:37,912810TX6,TSRYS5743665,D,S,D,2024-04-10,1000000.00,4.481643,96.203125
08:00:37,912810TX6,TSRYS5743665,D,S,D,2024-04-10,1000000.00,4.481643,96.203125
08:00:37,912810TX6,TSRYS5743665,D,S,D,2024-04-10,1000000.00,4.481643,96.203125
08:00:37,912810TX6,TSRYS5743665,D,S,D,2024-04-10,1000000.00,4.481809,96.2004837067
08:00:37,912810TX6,TSRYS5743665,D,S,D,2024-04-10,1000000.00,4.481809,96.2004837067
08:00:37,912810TX6,TSRYS5743665,D,S,D,2024-04-10,1000000.00,4.481643,96.203125
08:00:37,912810TX6,TSRYS5743665,D,S,D,2024-04-10,1000000.00,4.481643,96.203125
08:00:37,912810TX6,TSRYS5743665,D,S,D,2024-04-10,1000000.00,4.481809,96.2004837067
08:00:37,912810TX6,TSRYS5743665,D,S,D,2024-04-10,1000000.00,4.481809,96.2004837067
08:00:37,912810TX6,TSRYS5743665,D,S,D,2024-04-10,1000000.00,4.481809,96.2004837067
08:00:37,912810TX6,TSRYS5743665,D,S,D,2024-04-10,1000000.00,4.481643,96.203125
08:00:37,912810TX6,TSRYS5743665,D,S,D,2024-04-10,1000000.00,4.481809,96.2004837067
08:00:37,912810TX6,TSRYS5743665,D,S,T,2024-04-10,1000000.00,4.481643,96.203125
08:00:37,912810TX6,TSRYS5743665,D,S,D,2024-04-10,1000000.00,4.482749,96.1855110743
08:00:37,912810TX6,TSRYS5743665,D,S,D,2024-04-10,1000000.00,4.481809,96.2004837067
08:00:37,912810TX6,TSRYS5743665,D,S,D,2024-04-10,1000000.00,4.482749,96.1855110743
08:00:37,912810TX6,TSRYS5743665,D,S,D,2024-04-10,1000000.00,4.483249,96.1775553717
08:00:37,912810TX6,TSRYS5743665,D,S,D,2024-04-10,1000000.00,4.483249,96.1775553717
08:00:37,912810TX6,TSRYS5743665,D,S,D,2024-04-10,1000000.00,4.483249,96.1775553717
08:00:37,912810TX6,TSRYS5743665,D,S,D,2024-04-10,1000000.00,4.482749,96.1855110743
08:00:37,912810TX6,TSRYS5743665,D,S,D,2024-04-10,1000000.00,4.482749,96.1855110743
08:00:37,912810TX6,TSRYS5743665,D,S,D,2024-04-10,1000000.00,4.48344,96.1745162933
08:00:37,912810TX6,TSRYS5743665,D,S,D,2024-04-10,1000000.00,4.48344,96.1745162933
08:00:37,912810TX6,TSRYS5743665,D,S,D,2024-04-10,1000000.00,4.483115,96.1796875
08:00:37,912810TX6,TSRYS5743665,D,S,D,2024-04-10,1000000.00,4.48344,96.1745162933
08:00:37,912810TX6,TSRYS5743665,D,S,D,2024-04-10,1000000.00,4.48344,96.1745162933
08:00:37,912810TX6,TSRYS5743665,D,S,D,2024-04-10,1000000.00,4.483606,96.171875
08:00:37,912810TX6,TSRYS5743665,D,S,T,2024-04-10,1000000.00,4.484587,96.15625
08:00:37,912810TX6,TSRYS5743665,D,S,T,2024-04-10,1000000.00,4.484587,96.15625
08:00:37,912810TX6,TSRYS5743665,D,S,D,2024-04-10,1000000.00,4.483115,96.1796875
08:00:37,912810TX6,TSRYS5743665,D,S,D,2024-04-10,1000000.00,4.483115,96.1796875
08:00:37,912810TX6,TSRYS5743665,D,S,D,2024-04-10,1000000.00,4.483606,96.171875
08:00:37,912810TX6,TSRYS5743665,D,S,D,2024-04-10,1000000.00,4.483249,96.1775553717
08:00:37,912810TX6,TSRYS5743665,D,S,D,2024-04-10,1000000.00,4.483249,96.1775553717
08:00:37,912810TX6,TSRYS5743665,D,S,T,2024-04-10,1000000.00,4.484587,96.15625
08:00:37,912810TX6,TSRYS5743665,D,S,D,2024-04-10,1000000.00,4.491711,96.04296875
08:00:37,912810TX6,TSRYS5743665,D,S,D,2024-04-10,1000000.00,4.483115,96.1796875
08:00:37,912810TX6,TSRYS5743665,D,S,D,2024-04-10,1000000.00,4.483606,96.171875
08:00:37,912810TX6,TSRYS5743665,D,S,D,2024-04-10,1000000.00,4.483606,96.171875
08:00:37,912810TX6,TSRYS5743665,D,S,D,2024-04-10,1000000.00,4.483606,96.171875
08:00:37,912810TX6,TSRYS5743665,D,S,D,2024-04-10,1000000.00,4.484587,96.15625
08:00:37,912810TX6,TSRYS5743665,D,S,D,2024-04-10,1000000.00,4.484689,96.1546270367
08:00:37,912810TX6,TSRYS5743665,D,S,D,2024-04-10,1000000.00,4.484587,96.15625
08:00:37,912810TX6,TSRYS5743665,D,S,D,2024-04-10,1000000.00,4.484689,96.1546270367
08:00:37,912810TX6,TSRYS5743665,D,S,D,2024-04-10,1000000.00,4.484587,96.15625
08:00:37,912810TX6,TSRYS5743665,D,S,T,2024-04-10,1000000.00,4.484587,96.15625
08:00:37,912810TX6,TSRYS5743665,D,S,T,2024-04-10,1000000.00,4.484587,96.15625
08:00:37,912810TX6,TSRYS5743665,D,S,D,2024-04-10,1000000.00,4.484587,96.15625
08:00:37,912810TX6,TSRYS5743665,D,S,D,2024-04-10,1000000.00,4.484587,96.15625
08:00:37,912810TX6,TSRYS5743665,D,S,T,2024-04-10,1000000.00,4.484587,96.15625
08:00:37,912810TX6,TSRYS5743665,D,S,T,2024-04-10,1000000.00,4.484587,96.15625
08:00:37,912810TX6,TSRYS5743665,D,S,T,2024-04-10,1000000.00,4.484587,96.15625
08:00:37,912810TX6,TSRYS5743665,D,S,T,2024-04-10,1000000.00,4.484587,96.15625
08:00:37,912810TX6,TSRYS5743665,D,S,T,2024-04-10,1000000.00,4.484587,96.15625
08:00:37,912810TX6,TSRYS5743665,D,S,D,2024-04-10,1000000.00,4.484689,96.1546270367
08:00:37,912810TX6,TSRYS5743665,D,S,D,2024-04-10,1000000.00,4.484689,96.1546270367
08:00:37,912810TX6,TSRYS5743665,D,S,D,2024-04-10,1000000.00,4.484189,96.1625827393
08:00:37,912810TX6,TSRYS5743665,D,S,T,2024-04-10,1000000.00,4.484587,96.15625
08:00:37,912810TX6,TSRYS5743665,D,S,D,2024-04-10,1000000.00,4.484587,96.15625
08:00:37,912810TX6,TSRYS5743665,D,S,D,2024-04-10,1000000.00,4.484587,96.15625
08:00:37,912810TX6,TSRYS5743665,D,S,D,2024-04-10,1000000.00,4.484587,96.15625
08:00:37,912810TX6,TSRYS5743665,D,S,D,2024-04-10,1000000.00,4.484587,96.15625
08:00:37,912810TX6,TSRYS5743665,D,S,D,2024-04-10,1000000.00,4.484587,96.15625
08:00:37,912810TX6,TSRYS5743665,D,S,D,2024-04-10,1000000.00,4.484587,96.15625
08:00:37,912810TX6,TSRYS5743665,D,S,D,2024-04-10,1000000.00,4.484587,96.15625
08:00:37,912810TX6,TSRYS5743665,D,S,D,2024-04-10,1000000.00,4.484587,96.15625
08:00:37,912810TX6,TSRYS5743665,D,S,T,2024-04-10,1000000.00,4.482624,96.1875
08:00:37,912810TX6,TSRYS5743665,D,S,D,2024-04-10,1000000.00,4.484587,96.15625
08:00:37,912810TX6,TSRYS5743665,D,S,D,2024-04-10,1000000.00,4.484587,96.15625
08:00:37,912810TX6,TSRYS5743665,D,S,D,2024-04-10,1000000.00,4.484587,96.15625
08:00:37,912810TX6,TSRYS5743665,D,S,D,2024-04-10,1000000.00,4.484587,96.15625
08:00:37,912810TX6,TSRYS5743665,D,S,D,2024-04-10,1000000.00,4.484587,96.15625
08:00:37,912810TX6,TSRYS5743665,D,S,D,2024-04-10,1000000.00,4.484587,96.15625
08:00:37,912810TX6,TSRYS5743665,D,S,D,2024-04-10,1000000.00,4.484587,96.15625
08:00:37,912810TX6,TSRYS5743665,D,S,T,2024-04-10,1000000.00,4.483483,96.173828125
08:00:37,912810TX6,TSRYS5743665,D,S,T,2024-04-10,1000000.00,4.483606,96.171875
08:00:37,912810TX6,TSRYS5743665,D,S,T,2024-04-10,1000000.00,4.483606,96.171875
08:00:37,912810TX6,TSRYS5743665,D,S,D,2024-04-10,1000000.00,4.483606,96.171875
08:00:37,912810TX6,TSRYS5743665,D,S,D,2024-04-10,1000000.00,4.483606,96.171875
08:00:37,912810TX6,TSRYS5743665,D,S,T,2024-04-10,1000000.00,4.483606,96.171875
08:00:37,912810TX6,TSRYS5743665,D,S,T,2024-04-10,1000000.00,4.483606,96.171875
08:00:37,912810TX6,TSRYS5743665,D,S,T,2024-04-10,1000000.00,4.483606,96.171875
08:00:37,912810TX6,TSRYS5743665,D,S,T,2024-04-10,1000000.00,4.483606,96.171875
08:00:37,912810TX6,TSRYS5743665,D,S,T,2024-04-10,1000000.00,4.483606,96.171875
08:00:37,912810TX6,TSRYS5743665,D,S,T,2024-04-10,1000000.00,4.482624,96.1875
08:00:37,912810TX6,TSRYS5743665,D,S,D,2024-04-10,1000000.00,4.484189,96.1625827393
08:00:37,912810TX6,TSRYS5743665,D,S,D,2024-04-10,1000000.00,4.484689,96.1546270367
08:00:37,912810TX6,TSRYS5743665,D,S,D,2024-04-10,1000000.00,4.484689,96.1546270367
08:00:37,912810TX6,TSRYS5743665,D,S,D,2024-04-10,1000000.00,4.484189,96.1625827393
08:00:37,912810TX6,TSRYS5743665,D,S,D,2024-04-10,1000000.00,4.483249,96.1775553717
08:00:37,912810TX6,TSRYS5743665,D,S,D,2024-04-10,1000000.00,4.483249,96.1775553717
08:00:37,912810TX6,TSRYS5743665,D,S,D,2024-04-10,1000000.00,4.483249,96.1775553717
08:00:37,912810TX6,TSRYS5743665,D,S,D,2024-04-10,1000000.00,4.484689,96.1546270367
08:00:37,912810TX6,TSRYS5743665,D,S,D,2024-04-10,1000000.00,4.484689,96.1546270367
08:00:37,912810TX6,TSRYS5743665,D,S,D,2024-04-10,1000000.00,4.484689,96.1546270367
08:00:37,912810TX6,TSRYS5743665,D,S,D,2024-04-10,1000000.00,4.484689,96.1546270367
08:00:37,912810TX6,TSRYS5743665,D,S,D,2024-04-10,1000000.00,4.484689,96.1546270367
08:00:37,912810TX6,TSRYS5743665,D,S,D,2024-04-10,1000000.00,4.484689,96.1546270367
08:00:37,912810TX6,TSRYS5743665,D,S,D,2024-04-10,1000000.00,4.484689,96.1546270367
08:00:37,912810TX6,TSRYS5743665,D,S,T,2024-04-10,1000000.00,4.481643,96.203125
08:00:37,912810TX6,TSRYS5743665,D,S,T,2024-04-10,1000000.00,4.481643,96.203125
08:00:37,912810TX6,TSRYS5743665,D,S,T,2024-04-10,1000000.00,4.479681,96.234375
08:00:37,912810TX6,TSRYS5743665,D,S,D,2024-04-10,1000000.00,4.483249,96.1775553717
08:00:37,912810TX6,TSRYS5743665,D,S,D,2024-04-10,1000000.00,4.483249,96.1775553717
08:00:37,912810TX6,TSRYS5743665,D,S,D,2024-04-10,1000000.00,4.483249,96.1775553717
08:00:37,912810TX6,TSRYS5743665,D,S,D,2024-04-10,1000000.00,4.482624,96.1875
08:00:37,912810TX6,TSRYS5743665,D,S,D,2024-04-10,1000000.00,4.482624,96.1875
08:00:37,912810TX6,TSRYS5743665,D,S,D,2024-04-10,1000000.00,4.483249,96.1775553717
08:00:37,912810TX6,TSRYS5743665,D,S,D,2024-04-10,1000000.00,4.484689,96.1546270367
08:00:37,912810TX6,TSRYS5743665,D,S,D,2024-04-10,1000000.00,4.483249,96.1775553717
08:00:37,912810TX6,TSRYS5743665,D,S,D,2024-04-10,1000000.00,4.483249,96.1775553717
08:00:37,912810TX6,TSRYS5743665,D,S,D,2024-04-10,1000000.00,4.481809,96.2004837067
08:00:37,912810TX6,TSRYS5743665,D,S,D,2024-04-10,1000000.00,4.481701,96.2022021385
08:00:37,912810TX6,TSRYS5743665,D,S,D,2024-04-10,1000000.00,4.481643,96.203125
08:00:37,912810TX6,TSRYS5743665,D,S,D,2024-04-10,1000000.00,4.481809,96.2004837067
08:00:37,912810TX6,TSRYS5743665,D,S,T,2024-04-10,1000000.00,4.481643,96.203125
08:00:37,912810TX6,TSRYS5743665,D,S,T,2024-04-10,1000000.00,4.481643,96.203125
08:00:37,912810TX6,TSRYS5743665,D,S,T,2024-04-10,1000000.00,4.481643,96.203125
08:00:37,912810TX6,TSRYS5743665,D,S,T,2024-04-10,2000000.00,4.481643,96.203125
08:00:37,912810TX6,TSRYS5743665,D,S,T,2024-04-10,1000000.00,4.481643,96.203125
08:00:37,912810TX6,TSRYS5743665,D,S,T,2024-04-10,1000000.00,4.481643,96.203125
08:00:37,912810TX6,TSRYS5743665,D,S,T,2024-04-10,1000000.00,4.481643,96.203125
08:00:37,912810TX6,TSRYS5743665,D,S,T,2024-04-10,1000000.00,4.481643,96.203125
08:00:37,912810TX6,TSRYS5743665,D,S,T,2024-04-10,1000000.00,4.481643,96.203125
08:00:37,912810TX6,TSRYS5743665,D,S,T,2024-04-10,1000000.00,4.481643,96.203125
08:00:37,912810TX6,TSRYS5743665,D,S,T,2024-04-10,1000000.00,4.481643,96.203125
08:00:37,912810TX6,TSRYS5743665,D,S,T,2024-04-10,1000000.00,4.481643,96.203125
08:00:37,912810TX6,TSRYS5743665,D,S,D,2024-04-10,1000000.00,4.480662,96.21875
08:00:37,912810TX6,TSRYS5743665,D,S,T,2024-04-10,1000000.00,4.481643,96.203125
08:00:37,912810TX6,TSRYS5743665,D,S,T,2024-04-10,1000000.00,4.481643,96.203125
08:00:37,912810TX6,TSRYS5743665,D,S,T,2024-04-10,1000000.00,4.481643,96.203125
08:00:37,912810TX6,TSRYS5743665,D,S,D,2024-04-10,1000000.00,4.48037,96.2234056122
08:00:37,912810TX6,TSRYS5743665,D,S,T,2024-04-10,1000000.00,4.480662,96.21875
08:00:37,912810TX6,TSRYS5743665,D,S,T,2024-04-10,1000000.00,4.480662,96.21875
08:00:37,912810TX6,TSRYS5743665,D,S,T,2024-04-10,1000000.00,4.481643,96.203125
08:00:37,912810TX6,TSRYS5743665,D,S,T,2024-04-10,1000000.00,4.481643,96.203125
08:00:37,912810TX6,TSRYS5743665,D,S,T,2024-04-10,1000000.00,4.481643,96.203125
08:00:37,912810TX6,TSRYS5743665,D,S,T,2024-04-10,1000000.00,4.481643,96.203125
08:00:37,912810TX6,TSRYS5743665,D,S,T,2024-04-10,1000000.00,4.481643,96.203125
08:00:37,912810TX6,TSRYS5743665,D,S,T,2024-04-10,1000000.00,4.481643,96.203125
08:00:37,912810TX6,TSRYS5743665,D,S,T,2024-04-10,1000000.00,4.481643,96.203125
08:00:37,912810TX6,TSRYS5743665,D,S,T,2024-04-10,1000000.00,4.481643,96.203125
08:00:37,912810TX6,TSRYS5743665,D,S,T,2024-04-10,1000000.00,4.481643,96.203125
08:00:37,912810TX6,TSRYS5743665,D,S,T,2024-04-10,1000000.00,4.481643,96.203125
08:00:37,912810TX6,TSRYS5743665,D,S,T,2024-04-10,1000000.00,4.481643,96.203125
08:00:37,912810TX6,TSRYS5743665,D,S,T,2024-04-10,1000000.00,4.481643,96.203125
08:00:37,912810TX6,TSRYS5743665,D,S,T,2024-04-10,1000000.00,4.481643,96.203125
08:00:37,912810TX6,TSRYS5743665,D,S,T,2024-04-10,1000000.00,4.481643,96.203125
08:00:37,912810TX6,TSRYS5743665,D,S,T,2024-04-10,1000000.00,4.481643,96.203125
08:00:37,912810TX6,TSRYS5743665,D,S,D,2024-04-10,1000000.00,4.48037,96.2234056122
08:00:37,912810TX6,TSRYS5743665,D,S,D,2024-04-10,1000000.00,4.479962,96.2299038951
08:00:37,912810TX6,TSRYS5743665,D,S,D,2024-04-10,1000000.00,4.48037,96.2234056122
08:00:37,912810TX6,TSRYS5743665,D,S,D,2024-04-10,1000000.00,4.479962,96.2299038951
08:00:37,912810TX6,TSRYS5743665,D,S,D,2024-04-10,1000000.00,4.48037,96.2234056122
08:00:37,912810TX6,TSRYS5743665,D,S,D,2024-04-10,1000000.00,4.479962,96.2299038951
08:00:37,912810TX6,TSRYS5743665,D,S,D,2024-04-10,1000000.00,4.481809,96.2004837067
08:00:37,912810TX6,TSRYS5743665,D,S,D,2024-04-10,1000000.00,4.481809,96.2004837067
08:00:37,912810TX6,TSRYS5743665,D,S,D,2024-04-10,1000000.00,4.481462,96.2060049644
08:00:37,912810TX6,TSRYS5743665,D,S,D,2024-04-10,1000000.00,4.481809,96.2004837067
08:00:37,912810TX6,TSRYS5743665,D,S,D,2024-04-10,1000000.00,4.481809,96.2004837067
08:00:37,912810TX6,TSRYS5743665,D,S,D,2024-04-10,1000000.00,4.481643,96.203125
08:00:37,912810TX6,TSRYS5743665,D,S,D,2024-04-10,1000000.00,4.481643,96.203125
08:00:37,912810TX6,TSRYS5743665,D,S,D,2024-04-10,1000000.00,4.481643,96.203125
08:00:37,912810TX6,TSRYS5743665,D,S,D,2024-04-10,1000000.00,4.481643,96.203125
08:00:37,912810TX6,TSRYS5743665,D,S,D,2024-04-10,1000000.00,4.481809,96.2004837067
08:00:37,912810TX6,TSRYS5743665,D,S,D,2024-04-10,1000000.00,4.481809,96.2004837067
08:00:37,912810TX6,TSRYS5743665,D,S,D,2024-04-10,1000000.00,4.481809,96.2004837067
08:00:37,912810TX6,TSRYS5743665,D,S,D,2024-04-10,1000000.00,4.481809,96.2004837067
08:00:37,912810TX6,TSRYS5743665,D,S,D,2024-04-10,1000000.00,4.481809,96.2004837067
08:00:37,912810TX6,TSRYS5743665,D,S,D,2024-04-10,1000000.00,4.481643,96.203125
08:00:37,912810TX6,TSRYS5743665,D,S,D,2024-04-10,1000000.00,4.481809,96.2004837067
08:00:37,912810TX6,TSRYS5743665,D,S,D,2024-04-10,1000000.00,4.481809,96.2004837067
08:00:37,912810TX6,TSRYS5743665,D,S,D,2024-04-10,1000000.00,4.481809,96.2004837067
08:00:37,912810TX6,TSRYS5743665,D,S,D,2024-04-10,1000000.00,4.481809,96.2004837067
08:00:37,912810TX6,TSRYS5743665,D,S,D,2024-04-10,1000000.00,4.481809,96.2004837067
08:00:37,912810TX6,TSRYS5743665,D,S,D,2024-04-10,1000000.00,4.481809,96.2004837067
08:00:37,912810TX6,TSRYS5743665,D,S,D,2024-04-10,1000000.00,4.481809,96.2004837067
08:00:37,912810TX6,TSRYS5743665,D,S,T,2024-04-10,1000000.00,4.494908,95.9921875
08:00:41,912810TX6,TSRYS5743665,D,S,T,2024-04-10,1000000.00,4.495407,95.984273
08:00:41,912810TX6,TSRYS5743665,D,S,T,2024-04-10,1000000.00,4.495407,95.984273
08:00:41,912810TX6,TSRYS5743665,D,S,D,2024-04-10,2000000.00,4.489499,96.078125
08:00:41,912810TX6,TSRYS5743665,D,S,D,2024-04-10,1000000.00,4.489499,96.078125
08:00:41,912810TX6,TSRYS5743665,D,S,D,2024-04-10,1000000.00,4.489499,96.078125
08:00:41,912810TX6,TSRYS5743665,D,S,D,2024-04-10,1000000.00,4.489499,96.078125
08:00:41,912810TX6,TSRYS5743665,D,S,A,2024-04-10,20000000.00,4.49344,96.015625
08:00:41,912810TX6,TSRYS5743665,D,S,D,2024-04-10,1000000.00,4.489499,96.078125
08:00:41,912810TX6,TSRYS5743665,D,S,T,2024-04-10,1000000.00,4.495407,95.984273
08:00:41,912810TX6,TSRYS5743665,D,S,D,2024-04-10,1000000.00,4.489499,96.078125
08:00:41,912810TX6,TSRYS5743665,D,S,D,2024-04-10,1000000.00,4.489499,96.078125
08:00:41,912810TX6,TSRYS5743665,D,S,D,2024-04-10,1000000.00,4.489622,96.076171875
08:00:41,912810TX6,TSRYS5743665,D,S,D,2024-04-10,1000000.00,4.489499,96.078125
08:00:41,912810TX6,TSRYS5743665,D,S,T,2024-04-10,1000000.00,4.495154,95.98828125
08:00:41,912810TX6,TSRYS5743665,D,S,T,2024-04-10,1000000.00,4.494908,95.9921875
08:00:41,912810TX6,TSRYS5743665,D,S,D,2024-04-10,18000000.00,4.48999,96.0703125
08:00:41,912810TX6,TSRYS5743665,D,S,D,2024-04-10,7000000.00,4.490236,96.06640625
08:00:41,912810TX6,TSRYS5743665,D,B,A,2024-04-10,2000000.00,4.499093,95.92578125
08:00:41,912810TX6,TSRYS5743665,D,S,A,2024-04-10,1800000.00,4.493686,96.01171875
08:00:41,912810TX6,TSRYS5743665,D,S,A,2024-04-10,1400000.00,4.492203,96.03515625
08:00:41,912810TX6,TSRYS5743665,D,S,A,2024-04-10,1164000.00,4.490973,96.0546875
08:00:41,912810TX6,TSRYS5743665,D,S,A,2024-04-10,126000.00,4.489499,96.078125
08:00:41,912810TX6,TSRYS5743665,D,S,T,2024-04-10,1000000.00,4.500324,95.90625
08:00:41,912810TX6,TSRYS5743665,D,S,D,2024-04-10,1000000.00,4.498108,95.94140625
08:00:41,912810TX6,TSRYS5743665,D,S,T,2024-04-10,1000000.00,4.498847,95.9296875
08:00:41,912810TX6,TSRYS5743665,D,S,T,2024-04-10,1000000.00,4.498847,95.9296875
08:00:41,912810TX6,TSRYS5743665,D,S,T,2024-04-10,1000000.00,4.498847,95.9296875
08:00:41,912810TX6,TSRYS5743665,D,S,T,2024-04-10,1000000.00,4.498847,95.9296875
08:00:41,912810TX6,TSRYS5743665,D,S,T,2024-04-10,1000000.00,4.496385,95.96875
08:00:41,912810TX6,TSRYS5743665,D,S,D,2024-04-10,1000000.00,4.499339,95.921875
08:00:41,912810TX6,TSRYS5743665,D,S,T,2024-04-10,1000000.00,4.497985,95.943359375
08:00:41,912810TX6,TSRYS5743665,D,S,T,2024-04-10,1000000.00,4.4954,95.984375
08:00:41,912810TX6,TSRYS5743665,D,S,T,2024-04-10,1000000.00,4.495646,95.98046875
08:00:41,912810TX6,TSRYS5743665,D,S,T,2024-04-10,1000000.00,4.495646,95.98046875
08:00:41,912810TX6,TSRYS5743665,D,S,T,2024-04-10,1000000.00,4.4954,95.984375
08:00:41,912810TX6,TSRYS5743665,D,S,T,2024-04-10,1000000.00,4.495154,95.98828125
08:00:42,912810TX6,TSRYS5743665,D,S,T,2024-04-10,1000000.00,4.491465,96.046875
08:00:42,912810TX6,TSRYS5743665,D,S,T,2024-04-10,1000000.00,4.493432,96.015625
08:00:42,912810TX6,TSRYS5743665,D,S,T,2024-04-10,2000000.00,4.49417,96.00390625
08:00:42,912810TX6,TSRYS5743665,D,S,T,2024-04-10,1000000.00,4.490482,96.0625
08:00:42,912810TX6,TSRYS5743665,D,S,T,2024-04-10,1000000.00,4.492449,96.03125
08:00:42,912810TX6,TSRYS5743665,D,S,T,2024-04-10,1000000.00,4.489499,96.078125
08:00:42,912810TX6,TSRYS5743665,D,S,T,2024-04-10,1000000.00,4.489499,96.078125
08:00:42,912810TX6,TSRYS5743665,D,S,T,2024-04-10,1000000.00,4.489867,96.072265625
08:00:42,912810TX6,TSRYS5743665,D,S,T,2024-04-10,1000000.00,4.48999,96.0703125
08:00:42,912810TX6,TSRYS5743665,D,S,T,2024-04-10,1000000.00,4.491465,96.046875
08:00:42,912810TX6,TSRYS5743665,D,S,T,2024-04-10,1000000.00,4.492449,96.03125
08:00:42,912810TX6,TSRYS5743665,D,S,T,2024-04-10,1000000.00,4.491465,96.046875
08:00:42,912810TX6,TSRYS5743665,D,S,A,2024-04-10,128000.00,4.489499,96.078125
08:00:42,912810TX6,TSRYS5743665,D,S,T,2024-04-10,1000000.00,4.496262,95.970703125
08:00:42,912810TX6,TSRYS5743665,D,S,D,2024-04-10,1000000.00,4.493432,96.015625
08:00:42,912810TX6,TSRYS5743665,D,S,T,2024-04-10,1000000.00,4.500324,95.90625
08:00:42,912810TX6,TSRYS5743665,D,S,T,2024-04-10,1000000.00,4.500324,95.90625
08:00:42,912810TX6,TSRYS5743665,D,S,T,2024-04-10,1000000.00,4.502296,95.875
08:00:42,912810TX6,TSRYS5743665,D,S,T,2024-04-10,1000000.00,4.498354,95.9375
08:00:42,912810TX6,TSRYS5743665,D,S,T,2024-04-10,1000000.00,4.498354,95.9375
08:00:42,912810TX6,TSRYS5743665,D,S,D,2024-04-10,1000000.00,4.493432,96.015625
08:00:42,912810TX6,TSRYS5743665,D,S,D,2024-04-10,1000000.00,4.49294,96.0234375
08:00:42,912810TX6,TSRYS5743665,D,S,D,2024-04-10,1000000.00,4.49294,96.0234375
08:00:42,912810TX6,TSRYS5743665,D,S,D,2024-04-10,1000000.00,4.493924,96.0078125
08:00:43,912810TX6,TSRYS5743665,D,S,T,2024-04-10,1000000.00,4.494416,96.0
08:00:43,912810TX6,TSRYS5743665,D,S,T,2024-04-10,1000000.00,4.498354,95.9375
08:00:43,912810TX6,TSRYS5743665,D,S,D,2024-04-10,1000000.00,4.494908,95.9921875
08:00:43,912810TX6,TSRYS5743665,D,S,D,2024-04-10,1000000.00,4.494908,95.9921875
08:00:43,912810TX6,TSRYS5743665,D,S,T,2024-04-10,1000000.00,4.494416,96.0
08:00:43,912810TX6,TSRYS5743665,D,S,D,2024-04-10,1000000.00,4.494416,96.0
08:00:43,912810TX6,TSRYS5743665,D,S,T,2024-04-10,1000000.00,4.48999,96.0703125
08:00:43,912810TX6,TSRYS5743665,D,S,T,2024-04-10,1000000.00,4.488516,96.09375
08:00:43,912810TX6,TSRYS5743665,D,S,T,2024-04-10,1000000.00,4.488516,96.09375
08:00:43,912810TX6,TSRYS5743665,D,S,T,2024-04-10,1000000.00,4.488516,96.09375
08:00:43,912810TX6,TSRYS5743665,D,S,T,2024-04-10,1000000.00,4.488516,96.09375
08:00:43,912810TX6,TSRYS5743665,D,S,T,2024-04-10,1000000.00,4.488516,96.09375
08:00:43,912810TX6,TSRYS5743665,D,S,T,2024-04-10,1000000.00,4.486797,96.12109375
08:00:43,912810TX6,TSRYS5743665,D,S,T,2024-04-10,1000000.00,4.487533,96.109375
08:00:43,912810TX6,TSRYS5743665,D,S,T,2024-04-10,1000000.00,4.487533,96.109375
08:00:43,912810TX6,TSRYS5743665,D,S,T,2024-04-10,1000000.00,4.481152,96.2109375
08:00:43,912810TX6,TSRYS5743665,D,S,T,2024-04-10,1000000.00,4.489253,96.08203125
08:00:43,912810TX6,TSRYS5743665,D,S,T,2024-04-10,2000000.00,4.489253,96.08203125
08:00:43,912810TX6,TSRYS5743665,D,S,T,2024-04-10,1000000.00,4.488516,96.09375
08:00:43,912810TX6,TSRYS5743665,D,S,T,2024-04-10,2000000.00,4.486674,96.123046875
08:00:43,912810TX6,TSRYS5743665,D,S,T,2024-04-10,1000000.00,4.486803,96.12099375
08:00:43,912810TX6,TSRYS5743665,D,S,T,2024-04-10,1000000.00,4.486551,96.125
08:00:43,912810TX6,TSRYS5743665,D,S,T,2024-04-10,1000000.00,4.487533,96.109375
08:00:43,912810TX6,TSRYS5743665,D,S,T,2024-04-10,1000000.00,4.487533,96.109375
08:00:43,912810TX6,TSRYS5743665,D,S,A,2024-04-10,5000000.00,4.484587,96.15625
08:00:43,912810TX6,TSRYS5743665,D,S,T,2024-04-10,1000000.00,4.483238,96.177734375
08:00:44,912810TX6,TSRYS5743665,D,S,T,2024-04-10,1000000.00,4.484587,96.15625
08:00:44,912810TX6,TSRYS5743665,D,S,T,2024-04-10,1000000.00,4.481152,96.2109375
08:00:44,912810TX6,TSRYS5743665,D,S,T,2024-04-10,1000000.00,4.500324,95.90625
08:00:44,912810TX6,TSRYS5743665,D,S,T,2024-04-10,4000000.00,4.500331,95.906148
08:00:44,912810TX6,TSRYS5743665,D,S,D,2024-04-10,1000000.00,4.497123,95.95703125
08:00:45,912810TX6,TSRYS5743665,D,S,T,2024-04-10,1000000.00,4.487656,96.107421875
08:00:45,912810TX6,TSRYS5743665,D,S,T,2024-04-10,1000000.00,4.497123,95.95703125
08:00:46,912810TX6,TSRYS5743665,D,S,D,2024-04-10,500000.00,4.500324,95.90625
08:00:46,912810TX6,TSRYS5743665,D,S,D,2024-04-10,1000000.00,4.497123,95.95703125
08:00:46,912810TX6,TSRYS5743665,D,S,C,2024-04-10,39000000.00,4.497369,95.953125
08:00:46,912810TX6,TSRYS5743665,D,B,A,2024-04-10,39000000.00,4.497369,95.953125
08:00:46,912810TX6,TSRYS5743665,D,S,A,2024-04-10,8900000.00,4.498834,95.9298875
08:00:47,912810TX6,TSRYS5743665,D,S,D,2024-04-10,1000000.00,4.498847,95.9296875
08:00:47,912810TX6,TSRYS5743665,D,S,T,2024-04-10,1000000.00,4.500324,95.90625
08:00:47,912810TX6,TSRYS5743665,D,S,D,2024-04-10,33000000.00,4.501372,95.889648438
08:00:47,912810TX6,TSRYS5743665,D,S,T,2024-04-10,1000000.00,4.50131,95.890625
08:00:47,912810TX6,TSRYS5743665,D,S,T,2024-04-10,1000000.00,4.50131,95.890625
08:00:47,912810TX6,TSRYS5743665,D,S,T,2024-04-10,1000000.00,4.50131,95.890625
08:00:47,912810TX6,TSRYS5743665,D,S,D,2024-04-10,2000000.00,4.4986,95.93359375
08:00:47,912810TX6,TSRYS5743665,D,S,T,2024-04-10,1000000.00,4.493432,96.015625
08:00:47,912810TX6,TSRYS5743665,D,B,C,2024-04-10,750000.00,4.48999,96.0703125
08:00:47,912810TX6,TSRYS5743665,D,S,D,2024-04-10,750000.00,4.48999,96.0703125
08:00:47,912810TX6,TSRYS5743665,D,S,T,2024-04-10,1000000.00,4.48692,96.119140625
08:00:47,912810TX6,TSRYS5743665,D,S,T,2024-04-10,1000000.00,4.496385,95.96875
08:00:47,912810TX6,TSRYS5743665,D,S,T,2024-04-10,1000000.00,4.496631,95.96484375
08:00:47,912810TX6,TSRYS5743665,D,S,T,2024-04-10,1000000.00,4.496385,95.96875
08:00:47,912810TX6,TSRYS5743665,D,S,T,2024-04-10,1000000.00,4.496631,95.96484375
08:00:47,912810TX6,TSRYS5743665,D,B,A,2024-04-10,5000000.00,4.494908,95.9921875
08:00:47,912810TX6,TSRYS5743665,D,S,T,2024-04-10,1000000.00,4.498354,95.9375
08:00:47,912810TX6,TSRYS5743665,D,S,D,2024-04-10,1000000.00,4.499832,95.9140625
08:00:48,912810TX6,TSRYS5743665,D,B,C,2024-04-10,1000000.00,4.492694,96.02734375
08:00:48,912810TX6,TSRYS5743665,D,S,D,2024-04-10,1000000.00,4.492694,96.02734375
08:00:48,912810TX6,TSRYS5743665,D,S,D,2024-04-10,1000000.00,4.49294,96.0234375
08:00:48,912810TX6,TSRYS5743665,D,S,T,2024-04-10,1000000.00,4.494416,96.0
08:00:48,912810TX6,TSRYS5743665,D,S,T,2024-04-10,1000000.00,4.494416,96.0
08:00:48,912810TX6,TSRYS5743665,D,S,T,2024-04-10,1000000.00,4.494416,96.0
08:00:48,912810TX6,TSRYS5743665,D,S,T,2024-04-10,1000000.00,4.494416,96.0
08:00:48,912810TX6,TSRYS5743665,D,S,T,2024-04-10,1000000.00,4.494416,96.0
08:00:48,912810TX6,TSRYS5743665,D,S,T,2024-04-10,1000000.00,4.494416,96.0
08:00:48,912810TX6,TSRYS5743665,D,S,T,2024-04-10,1000000.00,4.494416,96.0
08:00:49,912810TX6,TSRYS5743665,D,B,C,2024-04-10,6300000.00,4.494933,95.9917875
08:00:49,912810TX6,TSRYS5743665,D,S,T,2024-04-10,1000000.00,4.487533,96.109375
08:00:49,912810TX6,TSRYS5743665,D,S,T,2024-04-10,1000000.00,4.491096,96.052734375
08:00:49,912810TX6,TSRYS5743665,D,S,T,2024-04-10,1000000.00,4.490851,96.056640625
08:00:49,912810TX6,TSRYS5743665,D,S,D,2024-04-10,8000000.00,4.491096,96.052734375
08:00:49,912810TX6,TSRYS5743665,D,S,T,2024-04-10,1000000.00,4.487656,96.107421875
08:00:49,912810TX6,TSRYS5743665,D,S,A,2024-04-10,9600000.00,4.490469,96.0627
08:00:50,912810TX6,TSRYS5743665,D,S,D,2024-04-10,1000000.00,4.481809,96.2004837067
08:00:50,912810TX6,TSRYS5743665,D,S,D,2024-04-10,1000000.00,4.481809,96.2004837067
08:00:50,912810TX6,TSRYS5743665,D,S,D,2024-04-10,1000000.00,4.494908,95.9921875
08:00:50,912810TX6,TSRYS5743665,D,S,D,2024-04-10,1000000.00,4.481809,96.2004837067
08:00:50,912810TX6,TSRYS5743665,D,S,T,2024-04-10,1000000.00,4.481643,96.203125
08:00:50,912810TX6,TSRYS5743665,D,S,T,2024-04-10,1000000.00,4.481643,96.203125
08:00:50,912810TX6,TSRYS5743665,D,S,T,2024-04-10,1000000.00,4.481643,96.203125
08:00:50,912810TX6,TSRYS5743665,D,S,D,2024-04-10,32000000.00,4.501113,95.89375
08:00:50,912810TX6,TSRYS5743665,D,S,T,2024-04-10,1000000.00,4.481643,96.203125
08:00:50,912810TX6,TSRYS5743665,D,S,T,2024-04-10,1000000.00,4.481643,96.203125
08:00:51,912810TX6,TSRYS5743665,D,S,D,2024-04-10,1000000.00,4.487533,96.109375
08:00:51,912810TX6,TSRYS5743665,D,S,T,2024-04-10,1000000.00,4.487533,96.109375
08:00:51,912810TX6,TSRYS5743665,D,S,D,2024-04-10,400000.00,4.487042,96.1171875
08:00:51,912810TX6,TSRYS5743665,D,S,D,2024-04-10,1000000.00,4.487533,96.109375
08:00:51,912810TX6,TSRYS5743665,D,S,T,2024-04-10,1000000.00,4.487411,96.111328125
08:00:51,912810TX6,TSRYS5743665,D,S,D,2024-04-10,100000.00,4.486551,96.125
08:00:52,912810TX6,TSRYS5743665,D,S,D,2024-04-10,1000000.00,4.484587,96.15625
08:00:52,912810TX6,TSRYS5743665,D,S,C,2024-04-10,1575000.00,4.484833,96.15234375
08:00:52,912810TX6,TSRYS5743665,D,S,T,2024-04-10,1000000.00,4.480417,96.22265625
08:00:52,912810TX6,TSRYS5743665,D,S,D,2024-04-10,1000000.00,4.48152,96.205078125
08:00:52,912810TX6,TSRYS5743665,D,S,T,2024-04-10,1000000.00,4.498847,95.9296875
08:00:52,912810TX6,TSRYS5743665,D,S,T,2024-04-10,1000000.00,4.498847,95.9296875
08:00:52,912810TX6,TSRYS5743665,D,S,T,2024-04-10,1000000.00,4.498847,95.9296875
08:00:52,912810TX6,TSRYS5743665,D,S,C,2024-04-10,6298000.00,4.494883,95.9925875
08:00:52,912810TX6,TSRYS5743665,D,S,T,2024-04-10,1000000.00,4.498847,95.9296875
08:00:52,912810TX6,TSRYS5743665,D,S,T,2024-04-10,1000000.00,4.498724,95.931640625
08:00:52,912810TX6,TSRYS5743665,D,S,T,2024-04-10,1000000.00,4.487165,96.115234375
08:00:52,912810TX6,TSRYS5743665,D,S,T,2024-04-10,1000000.00,4.497,95.958984375
08:00:52,912810TX6,TSRYS5743665,D,S,T,2024-04-10,1000000.00,4.498108,95.94140625
08:00:52,912810TX6,TSRYS5743665,D,S,D,2024-04-10,1286600.00,4.487779,96.10546875
08:00:52,912810TX6,TSRYS5743665,D,B,C,2024-04-10,1286600.00,4.487779,96.10546875
08:00:53,912810TX6,TSRYS5743665,D,S,T,2024-04-10,1000000.00,4.496385,95.96875
08:00:53,912810TX6,TSRYS5743665,D,S,T,2024-04-10,1000000.00,4.495646,95.98046875
08:00:53,912810TX6,TSRYS5743665,D,S,T,2024-04-10,1000000.00,4.495646,95.98046875
08:00:53,912810TX6,TSRYS5743665,D,S,T,2024-04-10,1000000.00,4.495646,95.98046875
08:00:53,912810TX6,TSRYS5743665,D,S,T,2024-04-10,1000000.00,4.495646,95.98046875
08:00:53,912810TX6,TSRYS5743665,D,S,T,2024-04-10,1000000.00,4.4954,95.984375
08:00:53,912810TX6,TSRYS5743665,D,S,D,2024-04-10,2000000.00,4.487533,96.109375
08:00:53,912810TX6,TSRYS5743665,D,S,T,2024-04-10,1000000.00,4.4954,95.984375
08:00:53,912810TX6,TSRYS5743665,D,S,T,2024-04-10,1000000.00,4.493432,96.015625
08:00:53,912810TX6,TSRYS5743665,D,S,D,2024-04-10,1000000.00,4.493432,96.015625
08:00:53,912810TX6,TSRYS5743665,D,S,D,2024-04-10,1000000.00,4.493432,96.015625
08:00:53,912810TX6,TSRYS5743665,D,B,C,2024-04-10,1000000.00,4.496385,95.96875
08:00:53,912810TX6,TSRYS5743665,D,S,C,2024-04-10,10000000.00,4.495129,95.98868125
08:00:53,912810TX6,TSRYS5743665,D,S,T,2024-04-10,1000000.00,4.4954,95.984375
08:00:53,912810TX6,TSRYS5743665,D,B,A,2024-04-10,800000.00,4.4954,95.984375
08:00:53,912810TX6,TSRYS5743665,D,S,D,2024-04-10,1000000.00,4.487533,96.109375
08:00:55,912810TX6,TSRYS5743665,D,S,T,2024-04-10,1000000.00,4.494423,95.999898
08:00:55,912810TX6,TSRYS5743665,D,S,T,2024-04-10,1000000.00,4.494423,95.999898
08:00:55,912810TX6,TSRYS5743665,D,S,T,2024-04-10,1000000.00,4.494423,95.999898
08:00:56,912810TX6,TSRYS5743665,D,S,T,2024-04-10,1000000.00,4.48692,96.119140625
08:00:57,912810TX6,TSRYS5743665,D,S,T,2024-04-10,1000000.00,4.487656,96.107421875
08:00:57,912810TX6,TSRYS5743665,D,S,D,2024-04-10,1000000.00,4.501803,95.8828125
08:00:58,912810TX6,TSRYS5743665,D,S,D,2024-04-10,1000000.00,4.499585,95.91796875
08:00:58,912810TX6,TSRYS5743665,D,S,D,2024-04-10,1000000.00,4.498847,95.9296875
08:00:58,912810TX6,TSRYS5743665,D,S,D,2024-04-10,1000000.00,4.498847,95.9296875
08:00:58,912810TX6,TSRYS5743665,D,S,T,2024-04-10,1000000.00,4.50094,95.896484375
08:00:58,912810TX6,TSRYS5743665,D,S,T,2024-04-10,1000000.00,4.50094,95.896484375
08:00:58,912810TX6,TSRYS5743665,D,S,T,2024-04-10,1000000.00,4.50094,95.896484375
08:00:58,912810TX6,TSRYS5743665,D,S,T,2024-04-10,1000000.00,4.500324,95.90625
08:00:58,912810TX6,TSRYS5743665,D,S,T,2024-04-10,1000000.00,4.494416,96.0
08:00:58,912810TX6,TSRYS5743665,D,S,T,2024-04-10,1000000.00,4.496385,95.96875
08:00:58,912810TX6,TSRYS5743665,D,S,T,2024-04-10,1000000.00,4.496631,95.96484375
08:00:58,912810TX6,TSRYS5743665,D,S,T,2024-04-10,1000000.00,4.496631,95.96484375
08:00:58,912810TX6,TSRYS5743665,D,S,T,2024-04-10,3000000.00,4.497369,95.953125
08:00:58,912810TX6,TSRYS5743665,D,S,D,2024-04-10,1000000.00,4.500571,95.90234375
08:00:58,912810TX6,TSRYS5743665,D,S,D,2024-04-10,1000000.00,4.499093,95.92578125
08:00:59,912810TX6,TSRYS5743665,D,S,A,2024-04-10,50MM+,4.486551,96.125
08:00:59,912810TX6,TSRYS5743665,D,B,A,2024-04-10,3000000.00,4.488025,96.1015625
08:00:59,912810TX6,TSRYS5743665,D,S,C,2024-04-10,50MM+,4.488516,96.09375
08:00:59,912810TX6,TSRYS5743665,D,S,A,2024-04-10,126000.00,4.48999,96.0703125
08:01:00,912810TX6,TSRYS5743665,D,S,D,2024-04-10,1000000.00,4.498108,95.94140625
08:01:00,912810TX6,TSRYS5743665,D,S,D,2024-04-10,1000000.00,4.503282,95.859375
08:01:00,912810TX6,TSRYS5743665,D,S,D,2024-04-10,2000000.00,4.496385,95.96875
08:01:00,912810TX6,TSRYS5743665,D,S,D,2024-04-10,1000000.00,4.502789,95.8671875
08:01:00,912810TX6,TSRYS5743665,D,S,D,2024-04-10,1000000.00,4.503282,95.859375
08:01:00,912810TX6,TSRYS5743665,D,S,D,2024-04-10,1000000.00,4.496385,95.96875
08:01:00,912810TX6,TSRYS5743665,D,S,D,2024-04-10,1000000.00,4.496385,95.96875
08:01:00,912810TX6,TSRYS5743665,D,S,D,2024-04-10,1000000.00,4.499339,95.921875
08:01:00,912810TX6,TSRYS5743665,D,S,D,2024-04-10,1000000.00,4.496385,95.96875
08:01:00,912810TX6,TSRYS5743665,D,S,D,2024-04-10,1000000.00,4.4954,95.984375
08:01:00,912810TX6,TSRYS5743665,D,S,D,2024-04-10,1000000.00,4.496385,95.96875
08:01:00,912810TX6,TSRYS5743665,D,S,D,2024-04-10,1000000.00,4.492449,96.03125
08:01:00,912810TX6,TSRYS5743665,D,S,D,2024-04-10,1000000.00,4.494416,96.0
08:01:00,912810TX6,TSRYS5743665,D,S,D,2024-04-10,1000000.00,4.4954,95.984375
08:01:00,912810TX6,TSRYS5743665,D,S,D,2024-04-10,1000000.00,4.494416,96.0
08:01:00,912810TX6,TSRYS5743665,D,S,D,2024-04-10,1000000.00,4.492449,96.03125
08:01:00,912810TX6,TSRYS5743665,D,S,D,2024-04-10,1000000.00,4.481643,96.203125
08:01:00,912810TX6,TSRYS5743665,D,S,D,2024-04-10,1000000.00,4.491465,96.046875
08:01:00,912810TX6,TSRYS5743665,D,S,D,2024-04-10,1000000.00,4.481809,96.2004837067
08:01:00,912810TX6,TSRYS5743665,D,B,A,2024-04-10,6400000.00,4.487804,96.10506875
08:01:00,912810TX6,TSRYS5743665,D,S,D,2024-04-10,1000000.00,4.493432,96.015625
08:01:00,912810TX6,TSRYS5743665,D,S,C,2024-04-10,1000000.00,4.488516,96.09375
08:01:00,912810TX6,TSRYS5743665,D,S,D,2024-04-10,1000000.00,4.490482,96.0625
08:01:00,912810TX6,TSRYS5743665,D,S,D,2024-04-10,1000000.00,4.489499,96.078125
08:01:00,912810TX6,TSRYS5743665,D,S,C,2024-04-10,1000000.00,4.490482,96.0625
08:01:00,912810TX6,TSRYS5743665,D,S,D,2024-04-10,1000000.00,4.489499,96.078125
08:01:00,912810TX6,TSRYS5743665,D,S,T,2024-04-10,1000000.00,4.487787,96.10534375
08:01:00,912810TX6,TSRYS5743665,D,S,D,2024-04-10,1000000.00,4.489499,96.078125
08:01:00,912810TX6,TSRYS5743665,D,S,T,2024-04-10,1000000.00,4.487787,96.10534375
08:01:00,912810TX6,TSRYS5743665,D,S,T,2024-04-10,1000000.00,4.487787,96.10534375
08:01:00,912810TX6,TSRYS5743665,D,S,C,2024-04-10,1000000.00,4.498354,95.9375
08:01:00,912810TX6,TSRYS5743665,D,S,D,2024-04-10,1000000.00,4.489745,96.07421875
08:01:00,912810TX6,TSRYS5743665,D,S,C,2024-04-10,1000000.00,4.498354,95.9375
08:01:00,912810TX6,TSRYS5743665,D,S,D,2024-04-10,1000000.00,4.491465,96.046875
08:01:00,912810TX6,TSRYS5743665,D,S,D,2024-04-10,1000000.00,4.489499,96.078125
08:01:00,912810TX6,TSRYS5743665,D,S,C,2024-04-10,1000000.00,4.498354,95.9375
08:01:00,912810TX6,TSRYS5743665,D,S,C,2024-04-10,1000000.00,4.498354,95.9375
08:01:00,912810TX6,TSRYS5743665,D,S,D,2024-04-10,1000000.00,4.498847,95.9296875
08:01:00,912810TX6,TSRYS5743665,D,S,C,2024-04-10,1000000.00,4.498354,95.9375
08:01:00,912810TX6,TSRYS5743665,D,S,D,2024-04-10,1000000.00,4.497862,95.9453125
08:01:00,912810TX6,TSRYS5743665,D,S,D,2024-04-10,1000000.00,4.499585,95.91796875
08:01:00,912810TX6,TSRYS5743665,D,S,C,2024-04-10,1000000.00,4.498354,95.9375
08:01:00,912810TX6,TSRYS5743665,D,S,D,2024-04-10,1000000.00,4.494416,96.0
08:01:00,912810TX6,TSRYS5743665,D,S,T,2024-04-10,2000000.00,4.490605,96.060546875
08:01:00,912810TX6,TSRYS5743665,D,S,C,2024-04-10,1000000.00,4.498847,95.9296875
08:01:00,912810TX6,TSRYS5743665,D,S,D,2024-04-10,1000000.00,4.501064,95.89453125
08:01:00,912810TX6,TSRYS5743665,D,S,D,2024-04-10,1000000.00,4.498847,95.9296875
08:01:00,912810TX6,TSRYS5743665,D,S,C,2024-04-10,1000000.00,4.498847,95.9296875
08:01:00,912810TX6,TSRYS5743665,D,S,D,2024-04-10,1000000.00,4.501803,95.8828125
08:01:00,912810TX6,TSRYS5743665,D,S,D,2024-04-10,1000000.00,4.498847,95.9296875
08:01:00,912810TX6,TSRYS5743665,D,B,C,2024-04-10,1000000.00,4.498847,95.9296875
08:01:00,912810TX6,TSRYS5743665,D,S,C,2024-04-10,1000000.00,4.493432,96.015625
08:01:00,912810TX6,TSRYS5743665,D,S,D,2024-04-10,2000000.00,4.4986,95.93359375
08:01:00,912810TX6,TSRYS5743665,D,S,D,2024-04-10,1000000.00,4.496385,95.96875
08:01:00,912810TX6,TSRYS5743665,D,S,D,2024-04-10,1000000.00,4.500571,95.90234375
08:01:00,912810TX6,TSRYS5743665,D,S,D,2024-04-10,1000000.00,4.499093,95.92578125
08:01:00,912810TX6,TSRYS5743665,D,S,D,2024-04-10,1000000.00,4.499832,95.9140625
08:01:00,912810TX6,TSRYS5743665,D,S,C,2024-04-10,1000000.00,4.493432,96.015625
08:01:00,912810TX6,TSRYS5743665,D,S,C,2024-04-10,1000000.00,4.493432,96.015625
08:01:00,912810TX6,TSRYS5743665,D,S,D,2024-04-10,1000000.00,4.496385,95.96875
08:01:00,912810TX6,TSRYS5743665,D,S,C,2024-04-10,1000000.00,4.493432,96.015625
08:01:00,912810TX6,TSRYS5743665,D,S,C,2024-04-10,1000000.00,4.493432,96.015625
08:01:00,912810TX6,TSRYS5743665,D,S,C,2024-04-10,1000000.00,4.493432,96.015625
08:01:00,912810TX6,TSRYS5743665,D,S,C,2024-04-10,1000000.00,4.493432,96.015625
08:01:00,912810TX6,TSRYS5743665,D,S,C,2024-04-10,1000000.00,4.493432,96.015625
08:01:00,912810TX6,TSRYS5743665,D,B,C,2024-04-10,1000000.00,4.493432,96.015625
08:01:00,912810TX6,TSRYS5743665,D,S,C,2024-04-10,1000000.00,4.493432,96.015625
08:01:00,912810TX6,TSRYS5743665,D,S,C,2024-04-10,1000000.00,4.493432,96.015625
08:01:00,912810TX6,TSRYS5743665,D,B,C,2024-04-10,1000000.00,4.493432,96.015625
08:01:00,912810TX6,TSRYS5743665,D,S,C,2024-04-10,1000000.00,4.493432,96.015625
08:01:00,912810TX6,TSRYS5743665,D,B,C,2024-04-10,1000000.00,4.493432,96.015625
08:01:00,912810TX6,TSRYS5743665,D,S,C,2024-04-10,1000000.00,4.493432,96.015625
08:01:00,912810TX6,TSRYS5743665,D,S,C,2024-04-10,1000000.00,4.493432,96.015625
08:01:01,912810TX6,TSRYS5743665,D,B,C,2024-04-10,1000000.00,4.493186,96.01953125
08:01:01,912810TX6,TSRYS5743665,D,S,D,2024-04-10,1000000.00,4.492694,96.02734375
08:01:01,912810TX6,TSRYS5743665,D,S,D,2024-04-10,1000000.00,4.48999,96.0703125
08:01:01,912810TX6,TSRYS5743665,D,S,C,2024-04-10,1000000.00,4.493186,96.01953125
08:01:01,912810TX6,TSRYS5743665,D,S,C,2024-04-10,1000000.00,4.491711,96.04296875
08:01:01,912810TX6,TSRYS5743665,D,S,C,2024-04-10,1000000.00,4.493432,96.015625
08:01:01,912810TX6,TSRYS5743665,D,S,C,2024-04-10,1000000.00,4.49294,96.0234375
08:01:01,912810TX6,TSRYS5743665,D,S,D,2024-04-10,1000000.00,4.49294,96.0234375
08:01:01,912810TX6,TSRYS5743665,D,S,D,2024-04-10,1000000.00,4.491219,96.05078125
08:01:01,912810TX6,TSRYS5743665,D,S,D,2024-04-10,1000000.00,4.48999,96.0703125
08:01:01,912810TX6,TSRYS5743665,D,S,D,2024-04-10,1000000.00,4.48999,96.0703125
08:01:01,912810TX6,TSRYS5743665,D,S,C,2024-04-10,1000000.00,4.49294,96.0234375
08:01:01,912810TX6,TSRYS5743665,D,S,D,2024-04-10,1000000.00,4.48999,96.0703125
08:01:01,912810TX6,TSRYS5743665,D,S,D,2024-04-10,1000000.00,4.49294,96.0234375
08:01:01,912810TX6,TSRYS5743665,D,S,D,2024-04-10,1000000.00,4.48999,96.0703125
08:01:01,912810TX6,TSRYS5743665,D,S,D,2024-04-10,1000000.00,4.490482,96.0625
08:01:01,912810TX6,TSRYS5743665,D,S,D,2024-04-10,1000000.00,4.48999,96.0703125
08:01:01,912810TX6,TSRYS5743665,D,B,A,2024-04-10,1000000.00,4.498354,95.9375
08:01:01,912810TX6,TSRYS5743665,D,S,D,2024-04-10,1000000.00,4.48999,96.0703125
08:01:01,912810TX6,TSRYS5743665,D,S,D,2024-04-10,1000000.00,4.4954,95.984375
08:01:01,912810TX6,TSRYS5743665,D,S,D,2024-04-10,1000000.00,4.49294,96.0234375
08:01:01,912810TX6,TSRYS5743665,D,B,C,2024-04-10,1000000.00,4.49294,96.0234375
08:01:01,912810TX6,TSRYS5743665,D,S,D,2024-04-10,1000000.00,4.493924,96.0078125
08:01:01,912810TX6,TSRYS5743665,D,S,D,2024-04-10,1000000.00,4.48999,96.0703125
08:01:01,912810TX6,TSRYS5743665,D,S,D,2024-04-10,1000000.00,4.49294,96.0234375
08:01:01,912810TX6,TSRYS5743665,D,S,D,2024-04-10,1000000.00,4.494416,96.0
08:01:01,912810TX6,TSRYS5743665,D,S,D,2024-04-10,1000000.00,4.493924,96.0078125
08:01:01,912810TX6,TSRYS5743665,D,B,C,2024-04-10,1000000.00,4.49294,96.0234375
08:01:01,912810TX6,TSRYS5743665,D,S,D,2024-04-10,1000000.00,4.494416,96.0
08:01:01,912810TX6,TSRYS5743665,D,S,D,2024-04-10,1000000.00,4.4954,95.984375
08:01:01,912810TX6,TSRYS5743665,D,S,D,2024-04-10,1000000.00,4.494908,95.9921875
08:01:01,912810TX6,TSRYS5743665,D,S,D,2024-04-10,1000000.00,4.493924,96.0078125
08:01:01,912810TX6,TSRYS5743665,D,S,D,2024-04-10,1000000.00,4.49417,96.00390625
08:01:01,912810TX6,TSRYS5743665,D,B,C,2024-04-10,1000000.00,4.49417,96.00390625
08:01:01,912810TX6,TSRYS5743665,D,S,D,2024-04-10,1000000.00,4.494908,95.9921875
08:01:01,912810TX6,TSRYS5743665,D,S,D,2024-04-10,1000000.00,4.493924,96.0078125
08:01:01,912810TX6,TSRYS5743665,D,B,C,2024-04-10,1000000.00,4.493186,96.01953125
08:01:01,912810TX6,TSRYS5743665,D,S,D,2024-04-10,1000000.00,4.493186,96.01953125
08:01:01,912810TX6,TSRYS5743665,D,B,C,2024-04-10,1000000.00,4.493186,96.01953125
08:01:01,912810TX6,TSRYS5743665,D,B,C,2024-04-10,1000000.00,4.493924,96.0078125
08:01:01,912810TX6,TSRYS5743665,D,B,C,2024-04-10,1000000.00,4.493186,96.01953125
08:01:01,912810TX6,TSRYS5743665,D,S,D,2024-04-10,1000000.00,4.493186,96.01953125
08:01:01,912810TX6,TSRYS5743665,D,B,C,2024-04-10,1000000.00,4.493924,96.0078125
08:01:01,912810TX6,TSRYS5743665,D,S,D,2024-04-10,1000000.00,4.493186,96.01953125
08:01:01,912810TX6,TSRYS5743665,D,B,C,2024-04-10,1000000.00,4.493186,96.01953125
08:01:01,912810TX6,TSRYS5743665,D,S,D,2024-04-10,1000000.00,4.493186,96.01953125
08:01:01,912810TX6,TSRYS5743665,D,S,D,2024-04-10,1000000.00,4.493186,96.01953125
08:01:01,912810TX6,TSRYS5743665,D,B,C,2024-04-10,1000000.00,4.493186,96.01953125
08:01:01,912810TX6,TSRYS5743665,D,S,D,2024-04-10,1000000.00,4.493186,96.01953125
08:01:01,912810TX6,TSRYS5743665,D,B,C,2024-04-10,1000000.00,4.493186,96.01953125
08:01:01,912810TX6,TSRYS5743665,D,S,D,2024-04-10,1000000.00,4.496877,95.9609375
08:01:01,912810TX6,TSRYS5743665,D,S,D,2024-04-10,1000000.00,4.494908,95.9921875
08:01:01,912810TX6,TSRYS5743665,D,S,D,2024-04-10,1000000.00,4.49417,96.00390625
08:01:01,912810TX6,TSRYS5743665,D,B,C,2024-04-10,1000000.00,4.49294,96.0234375
08:01:01,912810TX6,TSRYS5743665,D,S,D,2024-04-10,1000000.00,4.49294,96.0234375
08:01:01,912810TX6,TSRYS5743665,D,S,D,2024-04-10,1000000.00,4.493678,96.01171875
08:01:01,912810TX6,TSRYS5743665,D,S,C,2024-04-10,1000000.00,4.489253,96.08203125
08:01:01,912810TX6,TSRYS5743665,D,S,D,2024-04-10,1000000.00,4.487533,96.109375
08:01:01,912810TX6,TSRYS5743665,D,S,D,2024-04-10,1000000.00,4.487533,96.109375
08:01:01,912810TX6,TSRYS5743665,D,S,C,2024-04-10,1000000.00,4.487533,96.109375
08:01:02,912810TX6,TSRYS5743665,D,S,D,2024-04-10,6298000.00,4.494883,95.9925875
08:01:02,912810TX6,TSRYS5743665,D,S,D,2024-04-10,2000000.00,4.500078,95.91015625
08:01:02,912810TX6,TSRYS5743665,D,S,D,2024-04-10,1000000.00,4.493678,96.01171875
08:01:02,912810TX6,TSRYS5743665,D,S,D,2024-04-10,1000000.00,4.493801,96.009765625
08:01:02,912810TX6,TSRYS5743665,D,S,D,2024-04-10,1000000.00,4.493678,96.01171875
08:01:02,912810TX6,TSRYS5743665,D,S,D,2024-04-10,1000000.00,4.487533,96.109375
08:01:03,912810TX6,TSRYS5743665,D,S,C,2024-04-10,975000.00,4.487779,96.10546875
08:01:03,912810TX6,TSRYS5743665,D,S,D,2024-04-10,3000000.00,4.484587,96.15625
08:01:03,912810TX6,TSRYS5743665,D,B,C,2024-04-10,10000000.00,4.48805,96.1011625
08:01:03,912810TX6,TSRYS5743665,D,S,D,2024-04-10,1000000.00,4.480907,96.21484375
08:01:03,912810TX6,TSRYS5743665,D,B,C,2024-04-10,3000000.00,4.486551,96.125
08:01:03,912810TX6,TSRYS5743665,D,S,D,2024-04-10,3000000.00,4.486551,96.125
08:01:03,912810TX6,TSRYS5743665,D,S,A,2024-04-10,10000000.00,4.486551,96.125
08:01:05,912810TX6,TSRYS5743665,D,S,D,2024-04-10,1000000.00,4.502789,95.8671875
08:01:06,912810TX6,TSRYS5743665,D,S,C,2024-04-10,1000000.00,4.498354,95.9375
08:01:07,912810TX6,TSRYS5743665,D,B,A,2024-04-10,100000.00,4.487296,96.11328125
08:01:08,912810TX6,TSRYS5743665,D,S,D,2024-04-10,1000000.00,4.481643,96.203125
08:01:08,912810TX6,TSRYS5743665,D,S,D,2024-04-10,1000000.00,4.482256,96.193359375
08:01:08,912810TX6,TSRYS5743665,D,S,C,2024-04-10,1000000.00,4.4986,95.93359375
08:01:08,912810TX6,TSRYS5743665,D,B,C,2024-04-10,1000000.00,4.4986,95.93359375
08:01:08,912810TX6,TSRYS5743665,D,B,C,2024-04-10,1000000.00,4.4986,95.93359375
08:01:08,912810TX6,TSRYS5743665,D,S,D,2024-04-10,1000000.00,4.4986,95.93359375
08:01:08,912810TX6,TSRYS5743665,D,B,C,2024-04-10,1000000.00,4.4986,95.93359375
08:01:08,912810TX6,TSRYS5743665,D,S,D,2024-04-10,1000000.00,4.4986,95.93359375
08:01:08,912810TX6,TSRYS5743665,D,B,C,2024-04-10,1000000.00,4.4986,95.93359375
08:01:08,912810TX6,TSRYS5743665,D,S,D,2024-04-10,1000000.00,4.4986,95.93359375
08:01:08,912810TX6,TSRYS5743665,D,B,C,2024-04-10,1000000.00,4.4986,95.93359375
08:01:08,912810TX6,TSRYS5743665,D,S,D,2024-04-10,1000000.00,4.4986,95.93359375
08:01:08,912810TX6,TSRYS5743665,D,B,C,2024-04-10,1000000.00,4.4986,95.93359375
08:01:08,912810TX6,TSRYS5743665,D,S,D,2024-04-10,1000000.00,4.4986,95.93359375
08:01:08,912810TX6,TSRYS5743665,D,B,C,2024-04-10,1000000.00,4.4986,95.93359375
08:01:08,912810TX6,TSRYS5743665,D,S,D,2024-04-10,1000000.00,4.4986,95.93359375
08:01:08,912810TX6,TSRYS5743665,D,S,D,2024-04-10,1000000.00,4.498847,95.9296875
08:01:08,912810TX6,TSRYS5743665,D,B,C,2024-04-10,1000000.00,4.498847,95.9296875
08:01:09,912810TX6,TSRYS5743665,D,S,T,2024-04-10,1000000.00,4.486558,96.124898
08:01:09,912810TX6,TSRYS5743665,D,B,A,2024-04-10,1000000.00,4.487533,96.109375
08:01:09,912810TX6,TSRYS5743665,D,S,C,2024-04-10,1000000.00,4.496385,95.96875
08:01:10,912810TX6,TSRYS5743665,D,S,T,2024-04-10,1000000.00,4.483612,96.171773
08:01:10,912810TX6,TSRYS5743665,D,S,T,2024-04-10,1000000.00,4.483612,96.171773
08:01:10,912810TX6,TSRYS5743665,D,S,D,2024-04-10,1000000.00,4.481809,96.2004837067
08:01:10,912810TX6,TSRYS5743665,D,S,D,2024-04-10,2000000.00,4.496385,95.96875
08:01:10,912810TX6,TSRYS5743665,D,S,D,2024-04-10,1000000.00,4.496385,95.96875
08:01:10,912810TX6,TSRYS5743665,D,S,D,2024-04-10,1000000.00,4.496385,95.96875
08:01:10,912810TX6,TSRYS5743665,D,S,D,2024-04-10,1000000.00,4.496385,95.96875
08:01:10,912810TX6,TSRYS5743665,D,S,D,2024-04-10,1000000.00,4.496385,95.96875
08:01:10,912810TX6,TSRYS5743665,D,S,D,2024-04-10,1000000.00,4.4954,95.984375
08:01:10,912810TX6,TSRYS5743665,D,S,D,2024-04-10,1000000.00,4.4954,95.984375
08:01:10,912810TX6,TSRYS5743665,D,S,D,2024-04-10,1000000.00,4.494416,96.0
08:01:10,912810TX6,TSRYS5743665,D,S,D,2024-04-10,1000000.00,4.494416,96.0
08:01:10,912810TX6,TSRYS5743665,D,S,D,2024-04-10,1000000.00,4.493432,96.015625
08:01:10,912810TX6,TSRYS5743665,D,S,D,2024-04-10,1000000.00,4.492449,96.03125
08:01:10,912810TX6,TSRYS5743665,D,S,D,2024-04-10,1000000.00,4.491465,96.046875
08:01:10,912810TX6,TSRYS5743665,D,S,D,2024-04-10,1000000.00,4.490482,96.0625
08:01:10,912810TX6,TSRYS5743665,D,S,D,2024-04-10,1000000.00,4.492449,96.03125
08:01:10,912810TX6,TSRYS5743665,D,S,D,2024-04-10,1000000.00,4.490482,96.0625
08:01:10,912810TX6,TSRYS5743665,D,S,D,2024-04-10,1000000.00,4.488516,96.09375
08:01:10,912810TX6,TSRYS5743665,D,S,T,2024-04-10,1000000.00,4.483612,96.171773
08:01:10,912810TX6,TSRYS5743665,D,S,D,2024-04-10,1000000.00,4.489499,96.078125
08:01:10,912810TX6,TSRYS5743665,D,S,D,2024-04-10,1000000.00,4.489499,96.078125
08:01:10,912810TX6,TSRYS5743665,D,S,D,2024-04-10,1000000.00,4.494416,96.0
08:01:11,912810TX6,TSRYS5743665,D,S,D,2024-04-10,1000000.00,4.496385,95.96875
08:01:11,912810TX6,TSRYS5743665,D,S,D,2024-04-10,1000000.00,4.496385,95.96875
08:01:11,912810TX6,TSRYS5743665,D,B,A,2024-04-10,3100000.00,4.482624,96.1875
08:01:11,912810TX6,TSRYS5743665,D,S,T,2024-04-10,1000000.00,4.483,96.181515625
08:01:11,912810TX6,TSRYS5743665,D,S,T,2024-04-10,1000000.00,4.496391,95.96865
08:01:11,912810TX6,TSRYS5743665,D,S,T,2024-04-10,1000000.00,4.496391,95.96865
08:01:11,912810TX6,TSRYS5743665,D,S,T,2024-04-10,1000000.00,4.496391,95.96865
08:01:11,912810TX6,TSRYS5743665,D,S,T,2024-04-10,1000000.00,4.483,96.181515625
08:01:11,912810TX6,TSRYS5743665,D,S,T,2024-04-10,2000000.00,4.483,96.181515625
08:01:11,912810TX6,TSRYS5743665,D,B,C,2024-04-10,7000000.00,4.49417,96.00390625
08:01:11,912810TX6,TSRYS5743665,D,S,T,2024-04-10,1000000.00,4.499592,95.91786875
08:01:11,912810TX6,TSRYS5743665,D,B,C,2024-04-10,5717300.00,4.490015,96.0699125
08:01:11,912810TX6,TSRYS5743665,D,S,T,2024-04-10,1000000.00,4.49553,95.982321875
08:01:11,912810TX6,TSRYS5743665,D,S,T,2024-04-10,1000000.00,4.49553,95.982321875
08:01:11,912810TX6,TSRYS5743665,D,S,T,2024-04-10,1000000.00,4.49553,95.982321875
08:01:11,912810TX6,TSRYS5743665,D,B,C,2024-04-10,3082000.00,4.487779,96.10546875
08:01:11,912810TX6,TSRYS5743665,D,B,C,2024-04-10,3000000.00,4.487559,96.108975
08:01:12,912810TX6,TSRYS5743665,D,B,C,2024-04-10,5000000.00,4.485569,96.140625
08:01:12,912810TX6,TSRYS5743665,D,S,D,2024-04-10,5000000.00,4.485569,96.140625
08:01:12,912810TX6,TSRYS5743665,D,S,T,2024-04-10,1000000.00,4.496396,95.968575
08:01:12,912810TX6,TSRYS5743665,D,S,T,2024-04-10,1000000.00,4.484104,96.1639375
08:01:12,912810TX6,TSRYS5743665,D,S,T,2024-04-10,1000000.00,4.496399,95.968525
08:01:12,912810TX6,TSRYS5743665,D,S,T,2024-04-10,1000000.00,4.496399,95.968525
08:01:12,912810TX6,TSRYS5743665,D,S,T,2024-04-10,1000000.00,4.496399,95.968525
08:01:12,912810TX6,TSRYS5743665,D,S,T,2024-04-10,1000000.00,4.495414,95.98415
08:01:12,912810TX6,TSRYS5743665,D,S,T,2024-04-10,1000000.00,4.495414,95.98415
08:01:12,912810TX6,TSRYS5743665,D,S,T,2024-04-10,1000000.00,4.495414,95.98415
08:01:12,912810TX6,TSRYS5743665,D,S,T,2024-04-10,1000000.00,4.495414,95.98415
08:01:12,912810TX6,TSRYS5743665,D,S,T,2024-04-10,1000000.00,4.495414,95.98415
08:01:12,912810TX6,TSRYS5743665,D,S,T,2024-04-10,1000000.00,4.495414,95.98415
08:01:12,912810TX6,TSRYS5743665,D,S,T,2024-04-10,1000000.00,4.495414,95.98415
08:01:12,912810TX6,TSRYS5743665,D,S,T,2024-04-10,1000000.00,4.495414,95.98415
08:01:12,912810TX6,TSRYS5743665,D,S,T,2024-04-10,1000000.00,4.495414,95.98415
08:01:12,912810TX6,TSRYS5743665,D,S,T,2024-04-10,1000000.00,4.489513,96.0779
08:01:12,912810TX6,TSRYS5743665,D,S,T,2024-04-10,1000000.00,4.495414,95.98415
08:01:13,912810TX6,TSRYS5743665,D,S,D,2024-04-10,8000000.00,4.489544,96.0774043
08:01:13,912810TX6,TSRYS5743665,D,S,C,2024-04-10,21974000.00,4.480662,96.21875
08:01:13,912810TX6,TSRYS5743665,D,B,A,2024-04-10,1000000.00,4.486576,96.1246
08:01:13,912810TX6,TSRYS5743665,D,S,C,2024-04-10,31395000.00,4.482624,96.1875
08:01:13,912810TX6,TSRYS5743665,D,S,D,2024-04-10,3000000.00,4.483537,96.17297
08:01:14,912810TX6,TSRYS5743665,D,S,D,2024-04-10,1000000.00,4.495892,95.9765625
08:01:14,912810TX6,TSRYS5743665,D,S,D,2024-04-10,1000000.00,4.497369,95.953125
08:01:14,912810TX6,TSRYS5743665,D,S,D,2024-04-10,1000000.00,4.497369,95.953125
08:01:14,912810TX6,TSRYS5743665,D,S,D,2024-04-10,1000000.00,4.497369,95.953125
08:01:14,912810TX6,TSRYS5743665,D,S,D,2024-04-10,1000000.00,4.495277,95.986328125
08:01:14,912810TX6,TSRYS5743665,D,S,D,2024-04-10,1000000.00,4.494908,95.9921875
08:01:14,912810TX6,TSRYS5743665,D,B,C,2024-04-10,1000000.00,4.496385,95.96875
08:01:14,912810TX6,TSRYS5743665,D,S,D,2024-04-10,1000000.00,4.496385,95.96875
08:01:14,912810TX6,TSRYS5743665,D,S,D,2024-04-10,1000000.00,4.496385,95.96875
08:01:14,912810TX6,TSRYS5743665,D,S,D,2024-04-10,1000000.00,4.495646,95.98046875
08:01:15,912810TX6,TSRYS5743665,D,S,D,2024-04-10,1000000.00,4.487533,96.109375
08:01:15,912810TX6,TSRYS5743665,D,S,C,2024-04-10,2000000.00,4.487533,96.109375
08:01:15,912810TX6,TSRYS5743665,D,S,D,2024-04-10,1000000.00,4.495646,95.98046875
08:01:15,912810TX6,TSRYS5743665,D,S,D,2024-04-10,1000000.00,4.495646,95.98046875
