tradeTime,cusip,issueSymbolIdentifier,priceType,reportingSideCode,contraPartyTypeCode,tradeDate,reportedTradeVolume,lastSaleYield,lastSalePrice
08:00:02,912810UA4,TSRYS5802849,D,S,T,2024-05-21,2000000.00,4.576784,100.78125
08:00:02,912810UA4,TSRYS5802849,D,S,T,2024-05-21,1000000.00,4.571998,100.859375
08:00:02,912810UA4,TSRYS5802849,D,S,T,2024-05-21,1000000.00,4.566262,100.953125
08:00:02,912810UA4,TSRYS5802849,D,S,T,2024-05-21,1000000.00,4.566262,100.953125
08:00:02,912810UA4,TSRYS5802849,D,S,T,2024-05-21,1000000.00,4.568173,100.921875
08:00:02,912810UA4,TSRYS5802849,D,S,T,2024-05-21,1000000.00,4.567218,100.9375
08:00:02,912810UA4,TSRYS5802849,D,S,T,2024-05-21,1000000.00,4.567218,100.9375
08:00:03,912810UA4,TSRYS5802849,D,S,A,2024-05-21,90000.00,4.562418,101.02158055556
08:00:03,912810UA4,TSRYS5802849,D,S,D,2024-05-21,1000000.00,4.589493,100.57421875
08:00:07,912810UA4,TSRYS5802849,D,S,D,2024-05-21,1000000.00,4.580377,100.72265625
08:00:07,912810UA4,TSRYS5802849,D,S,D,2024-05-21,1000000.00,4.582415,100.689453125
08:00:07,912810UA4,TSRYS5802849,D,S,T,2024-05-21,1000000.00,4.575827,100.796875
08:00:07,912810UA4,TSRYS5802849,D,S,D,2024-05-21,1000000.00,4.572955,100.84375
08:00:07,912810UA4,TSRYS5802849,D,S,D,2024-05-21,1000000.00,4.572955,100.84375
08:00:07,912810UA4,TSRYS5802849,D,S,T,2024-05-21,1000000.00,4.571998,100.859375
08:00:07,912810UA4,TSRYS5802849,D,S,D,2024-05-21,1000000.00,4.568651,100.9140625
08:00:07,912810UA4,TSRYS5802849,D,S,T,2024-05-21,1000000.00,4.56889,100.91015625
08:00:07,912810UA4,TSRYS5802849,D,S,T,2024-05-21,1000000.00,4.561726,101.02734375
08:00:07,912810UA4,TSRYS5802849,D,S,D,2024-05-21,1000000.00,4.561726,101.02734375
08:00:07,912810UA4,TSRYS5802849,D,S,D,2024-05-21,1000000.00,4.561726,101.02734375
08:00:09,912810UA4,TSRYS5802849,D,S,D,2024-05-21,2000000.00,4.585772,100.634765625
08:00:10,912810UA4,TSRYS5802849,D,S,T,2024-05-21,1000000.00,4.579658,100.734375
08:00:10,912810UA4,TSRYS5802849,D,S,T,2024-05-21,1000000.00,4.581576,100.703125
08:00:10,912810UA4,TSRYS5802849,D,S,T,2024-05-21,1000000.00,4.585412,100.640625
08:00:10,912810UA4,TSRYS5802849,D,S,T,2024-05-21,3000000.00,4.585412,100.640625
08:00:10,912810UA4,TSRYS5802849,D,S,T,2024-05-21,1000000.00,4.586372,100.625
08:00:10,912810UA4,TSRYS5802849,D,S,T,2024-05-21,1000000.00,4.589253,100.578125
08:00:10,912810UA4,TSRYS5802849,D,S,T,2024-05-21,1000000.00,4.588412,100.591796875
08:00:10,912810UA4,TSRYS5802849,D,S,T,2024-05-21,2000000.00,4.589253,100.578125
08:00:10,912810UA4,TSRYS5802849,D,S,T,2024-05-21,1000000.00,4.583494,100.671875
08:00:10,912810UA4,TSRYS5802849,D,S,T,2024-05-21,1000000.00,4.582534,100.6875
08:00:10,912810UA4,TSRYS5802849,D,S,T,2024-05-21,1000000.00,4.585412,100.640625
08:00:10,912810UA4,TSRYS5802849,D,S,T,2024-05-21,1000000.00,4.585412,100.640625
08:00:10,912810UA4,TSRYS5802849,D,S,T,2024-05-21,1000000.00,4.575827,100.796875
08:00:10,912810UA4,TSRYS5802849,D,S,T,2024-05-21,1000000.00,4.575827,100.796875
08:00:10,912810UA4,TSRYS5802849,D,S,T,2024-05-21,1000000.00,4.577742,100.765625
08:00:10,912810UA4,TSRYS5802849,D,S,T,2024-05-21,1000000.00,4.571998,100.859375
08:00:10,912810UA4,TSRYS5802849,D,S,T,2024-05-21,1000000.00,4.575827,100.796875
08:00:10,912810UA4,TSRYS5802849,D,S,T,2024-05-21,1000000.00,4.571042,100.875
08:00:10,912810UA4,TSRYS5802849,D,S,T,2024-05-21,1000000.00,4.569607,100.8984375
08:00:10,912810UA4,TSRYS5802849,D,S,T,2024-05-21,1000000.00,4.569607,100.8984375
08:00:10,912810UA4,TSRYS5802849,D,S,T,2024-05-21,1000000.00,4.568532,100.916015625
08:00:10,912810UA4,TSRYS5802849,D,S,T,2024-05-21,1000000.00,4.569129,100.90625
08:00:10,912810UA4,TSRYS5802849,D,S,D,2024-05-21,1000000.00,4.566262,100.953125
08:00:10,912810UA4,TSRYS5802849,D,S,T,2024-05-21,1000000.00,4.568771,100.912109375
08:00:10,912810UA4,TSRYS5802849,D,S,D,2024-05-21,1000000.00,4.568651,100.9140625
08:00:10,912810UA4,TSRYS5802849,D,S,T,2024-05-21,1000000.00,4.567576,100.931640625
08:00:10,912810UA4,TSRYS5802849,D,S,T,2024-05-21,1000000.00,4.567218,100.9375
08:00:10,912810UA4,TSRYS5802849,D,S,T,2024-05-21,1000000.00,4.566262,100.953125
08:00:10,912810UA4,TSRYS5802849,D,S,T,2024-05-21,1000000.00,4.567218,100.9375
08:00:10,912810UA4,TSRYS5802849,D,S,T,2024-05-21,1000000.00,4.56471,100.978515625
08:00:11,912810UA4,TSRYS5802849,D,S,D,2024-05-21,1000000.00,4.562204,101.01953125
08:00:14,912810UA4,TSRYS5802849,D,S,D,2024-05-21,1000000.00,4.565307,100.96875
08:00:14,912810UA4,TSRYS5802849,D,S,T,2024-05-21,1000000.00,4.585412,100.640625
08:00:15,912810UA4,TSRYS5802849,D,S,T,2024-05-21,1000000.00,4.585412,100.640625
08:00:16,912810UA4,TSRYS5802849,D,S,T,2024-05-21,1000000.00,4.585293,100.642578125
08:00:16,912810UA4,TSRYS5802849,D,S,T,2024-05-21,1000000.00,4.585412,100.640625
08:00:16,912810UA4,TSRYS5802849,D,S,T,2024-05-21,1000000.00,4.585053,100.646484375
08:00:16,912810UA4,TSRYS5802849,D,S,T,2024-05-21,1000000.00,4.581336,100.70703125
08:00:17,912810UA4,TSRYS5802849,D,S,T,2024-05-21,1000000.00,4.585412,100.640625
08:00:17,912810UA4,TSRYS5802849,D,S,T,2024-05-21,1000000.00,4.585412,100.640625
08:00:17,912810UA4,TSRYS5802849,D,S,T,2024-05-21,1000000.00,4.585412,100.640625
08:00:23,912810UA4,TSRYS5802849,D,S,T,2024-05-21,2000000.00,4.585772,100.634765625
08:00:25,912810UA4,TSRYS5802849,D,S,T,2024-05-21,1000000.00,4.584453,100.65625
08:00:26,912810UA4,TSRYS5802849,D,S,T,2024-05-21,1000000.00,4.584453,100.65625
08:00:26,912810UA4,TSRYS5802849,D,B,A,2024-05-21,50MM+,4.582,100.69620810748
08:00:27,912810UA4,TSRYS5802849,D,S,T,2024-05-21,1000000.00,4.584333,100.658203125
08:00:27,912810UA4,TSRYS5802849,D,S,D,2024-05-21,1000000.00,4.588292,100.59375
08:00:28,912810UA4,TSRYS5802849,D,S,D,2024-05-21,1000000.00,4.588052,100.59765625
08:00:28,912810UA4,TSRYS5802849,D,S,D,2024-05-21,1000000.00,4.573553,100.833984375
08:00:28,912810UA4,TSRYS5802849,D,S,D,2024-05-21,1000000.00,4.573553,100.833984375
08:00:28,912810UA4,TSRYS5802849,D,S,D,2024-05-21,1000000.00,4.573553,100.833984375
08:00:28,912810UA4,TSRYS5802849,D,S,D,2024-05-21,1000000.00,4.573553,100.833984375
08:00:30,912810UA4,TSRYS5802849,D,S,T,2024-05-21,1000000.00,4.580617,100.71875
08:00:30,912810UA4,TSRYS5802849,D,S,T,2024-05-21,1000000.00,4.5787,100.75
08:00:30,912810UA4,TSRYS5802849,D,S,T,2024-05-21,1000000.00,4.576066,100.79296875
08:00:30,912810UA4,TSRYS5802849,D,S,T,2024-05-21,1000000.00,4.576066,100.79296875
08:00:30,912810UA4,TSRYS5802849,D,S,T,2024-05-21,1000000.00,4.576066,100.79296875
08:00:30,912810UA4,TSRYS5802849,D,S,T,2024-05-21,1000000.00,4.576066,100.79296875
08:00:30,912810UA4,TSRYS5802849,D,S,T,2024-05-21,1000000.00,4.584453,100.65625
08:00:30,912810UA4,TSRYS5802849,D,S,T,2024-05-21,1000000.00,4.584453,100.65625
08:00:30,912810UA4,TSRYS5802849,D,S,T,2024-05-21,1000000.00,4.584453,100.65625
08:00:30,912810UA4,TSRYS5802849,D,S,T,2024-05-21,1000000.00,4.584453,100.65625
08:00:30,912810UA4,TSRYS5802849,D,S,T,2024-05-21,1000000.00,4.584453,100.65625
08:00:30,912810UA4,TSRYS5802849,D,S,T,2024-05-21,1000000.00,4.585412,100.640625
08:00:30,912810UA4,TSRYS5802849,D,S,T,2024-05-21,1000000.00,4.588292,100.59375
08:00:30,912810UA4,TSRYS5802849,D,S,T,2024-05-21,1000000.00,4.588292,100.59375
08:00:30,912810UA4,TSRYS5802849,D,S,T,2024-05-21,1000000.00,4.588292,100.59375
08:00:30,912810UA4,TSRYS5802849,D,S,T,2024-05-21,1000000.00,4.588292,100.59375
08:00:30,912810UA4,TSRYS5802849,D,S,T,2024-05-21,1000000.00,4.588533,100.58984375
08:00:30,912810UA4,TSRYS5802849,D,S,T,2024-05-21,1000000.00,4.588773,100.5859375
08:00:30,912810UA4,TSRYS5802849,D,S,T,2024-05-21,1000000.00,4.588773,100.5859375
08:00:30,912810UA4,TSRYS5802849,D,S,T,2024-05-21,1000000.00,4.588773,100.5859375
08:00:30,912810UA4,TSRYS5802849,D,S,T,2024-05-21,1000000.00,4.588773,100.5859375
08:00:30,912810UA4,TSRYS5802849,D,S,T,2024-05-21,1000000.00,4.589253,100.578125
08:00:30,912810UA4,TSRYS5802849,D,S,D,2024-05-21,1000000.00,4.588533,100.58984375
08:00:30,912810UA4,TSRYS5802849,D,S,T,2024-05-21,1000000.00,4.582534,100.6875
08:00:30,912810UA4,TSRYS5802849,D,S,T,2024-05-21,1000000.00,4.583494,100.671875
08:00:30,912810UA4,TSRYS5802849,D,S,T,2024-05-21,1000000.00,4.583374,100.673828125
08:00:30,912810UA4,TSRYS5802849,D,S,T,2024-05-21,1000000.00,4.583014,100.6796875
08:00:30,912810UA4,TSRYS5802849,D,S,T,2024-05-21,1000000.00,4.584693,100.65234375
08:00:30,912810UA4,TSRYS5802849,D,S,T,2024-05-21,1000000.00,4.584573,100.654296875
08:00:30,912810UA4,TSRYS5802849,D,S,T,2024-05-21,1000000.00,4.584453,100.65625
08:00:30,912810UA4,TSRYS5802849,D,S,T,2024-05-21,1000000.00,4.579658,100.734375
08:00:30,912810UA4,TSRYS5802849,D,S,T,2024-05-21,1000000.00,4.576784,100.78125
08:00:30,912810UA4,TSRYS5802849,D,S,T,2024-05-21,1000000.00,4.576186,100.791015625
08:00:30,912810UA4,TSRYS5802849,D,S,T,2024-05-21,1000000.00,4.576305,100.7890625
08:00:30,912810UA4,TSRYS5802849,D,S,T,2024-05-21,1000000.00,4.576186,100.791015625
08:00:30,912810UA4,TSRYS5802849,D,S,T,2024-05-21,1000000.00,4.576066,100.79296875
08:00:30,912810UA4,TSRYS5802849,D,S,T,2024-05-21,1000000.00,4.575946,100.794921875
08:00:30,912810UA4,TSRYS5802849,D,S,T,2024-05-21,1000000.00,4.575827,100.796875
08:00:30,912810UA4,TSRYS5802849,D,S,T,2024-05-21,1000000.00,4.575827,100.796875
08:00:30,912810UA4,TSRYS5802849,D,S,T,2024-05-21,1000000.00,4.576784,100.78125
08:00:30,912810UA4,TSRYS5802849,D,S,T,2024-05-21,1000000.00,4.576784,100.78125
08:00:30,912810UA4,TSRYS5802849,D,S,T,2024-05-21,1000000.00,4.576784,100.78125
08:00:30,912810UA4,TSRYS5802849,D,S,T,2024-05-21,1000000.00,4.577742,100.765625
08:00:30,912810UA4,TSRYS5802849,D,S,T,2024-05-21,1000000.00,4.577742,100.765625
08:00:30,912810UA4,TSRYS5802849,D,S,T,2024-05-21,1000000.00,4.577742,100.765625
08:00:30,912810UA4,TSRYS5802849,D,S,T,2024-05-21,1000000.00,4.576784,100.78125
08:00:30,912810UA4,TSRYS5802849,D,S,T,2024-05-21,1000000.00,4.577263,100.7734375
08:00:30,912810UA4,TSRYS5802849,D,S,T,2024-05-21,1000000.00,4.577143,100.775390625
08:00:30,912810UA4,TSRYS5802849,D,S,T,2024-05-21,1000000.00,4.577742,100.765625
08:00:30,912810UA4,TSRYS5802849,D,S,T,2024-05-21,1000000.00,4.577742,100.765625
08:00:30,912810UA4,TSRYS5802849,D,S,T,2024-05-21,1000000.00,4.577742,100.765625
08:00:30,912810UA4,TSRYS5802849,D,S,T,2024-05-21,1000000.00,4.576784,100.78125
08:00:30,912810UA4,TSRYS5802849,D,S,T,2024-05-21,1000000.00,4.576784,100.78125
08:00:30,912810UA4,TSRYS5802849,D,S,T,2024-05-21,1000000.00,4.576784,100.78125
08:00:30,912810UA4,TSRYS5802849,D,S,T,2024-05-21,1000000.00,4.576784,100.78125
08:00:30,912810UA4,TSRYS5802849,D,S,T,2024-05-21,1000000.00,4.575827,100.796875
08:00:30,912810UA4,TSRYS5802849,D,S,T,2024-05-21,1000000.00,4.575827,100.796875
08:00:30,912810UA4,TSRYS5802849,D,S,T,2024-05-21,1000000.00,4.573912,100.828125
08:00:30,912810UA4,TSRYS5802849,D,S,T,2024-05-21,1000000.00,4.573912,100.828125
08:00:30,912810UA4,TSRYS5802849,D,S,T,2024-05-21,1000000.00,4.573912,100.828125
08:00:30,912810UA4,TSRYS5802849,D,S,T,2024-05-21,1000000.00,4.571998,100.859375
08:00:30,912810UA4,TSRYS5802849,D,S,T,2024-05-21,1000000.00,4.571998,100.859375
08:00:30,912810UA4,TSRYS5802849,D,S,T,2024-05-21,1000000.00,4.572955,100.84375
08:00:30,912810UA4,TSRYS5802849,D,S,T,2024-05-21,1000000.00,4.572955,100.84375
08:00:30,912810UA4,TSRYS5802849,D,S,T,2024-05-21,2000000.00,4.572955,100.84375
08:00:30,912810UA4,TSRYS5802849,D,S,T,2024-05-21,1000000.00,4.575827,100.796875
08:00:30,912810UA4,TSRYS5802849,D,S,T,2024-05-21,1000000.00,4.575827,100.796875
08:00:30,912810UA4,TSRYS5802849,D,S,T,2024-05-21,1000000.00,4.574869,100.8125
08:00:30,912810UA4,TSRYS5802849,D,S,T,2024-05-21,1000000.00,4.572716,100.84765625
08:00:30,912810UA4,TSRYS5802849,D,S,T,2024-05-21,1000000.00,4.569846,100.89453125
08:00:30,912810UA4,TSRYS5802849,D,S,T,2024-05-21,1000000.00,4.569607,100.8984375
08:00:30,912810UA4,TSRYS5802849,D,S,T,2024-05-21,1000000.00,4.569727,100.896484375
08:00:30,912810UA4,TSRYS5802849,D,S,T,2024-05-21,1000000.00,4.569488,100.900390625
08:00:30,912810UA4,TSRYS5802849,D,S,T,2024-05-21,1000000.00,4.569368,100.90234375
08:00:30,912810UA4,TSRYS5802849,D,S,T,2024-05-21,1000000.00,4.569129,100.90625
08:00:30,912810UA4,TSRYS5802849,D,S,T,2024-05-21,1000000.00,4.569129,100.90625
08:00:30,912810UA4,TSRYS5802849,D,S,T,2024-05-21,1000000.00,4.569129,100.90625
08:00:30,912810UA4,TSRYS5802849,D,S,T,2024-05-21,1000000.00,4.569129,100.90625
08:00:30,912810UA4,TSRYS5802849,D,S,T,2024-05-21,1000000.00,4.568173,100.921875
08:00:30,912810UA4,TSRYS5802849,D,S,T,2024-05-21,2000000.00,4.567576,100.931640625
08:00:30,912810UA4,TSRYS5802849,D,S,T,2024-05-21,1000000.00,4.567576,100.931640625
08:00:30,912810UA4,TSRYS5802849,D,S,T,2024-05-21,1000000.00,4.566262,100.953125
08:00:30,912810UA4,TSRYS5802849,D,S,T,2024-05-21,1000000.00,4.565307,100.96875
08:00:30,912810UA4,TSRYS5802849,D,S,T,2024-05-21,1000000.00,4.564352,100.984375
08:00:30,912810UA4,TSRYS5802849,D,S,T,2024-05-21,1000000.00,4.564352,100.984375
08:00:30,912810UA4,TSRYS5802849,D,S,T,2024-05-21,1000000.00,4.564352,100.984375
08:00:30,912810UA4,TSRYS5802849,D,S,T,2024-05-21,1000000.00,4.564352,100.984375
08:00:30,912810UA4,TSRYS5802849,D,S,T,2024-05-21,1000000.00,4.564352,100.984375
08:00:30,912810UA4,TSRYS5802849,D,S,T,2024-05-21,1000000.00,4.564352,100.984375
08:00:30,912810UA4,TSRYS5802849,D,S,T,2024-05-21,1000000.00,4.564352,100.984375
08:00:30,912810UA4,TSRYS5802849,D,S,T,2024-05-21,1000000.00,4.564352,100.984375
08:00:30,912810UA4,TSRYS5802849,D,S,T,2024-05-21,1000000.00,4.564352,100.984375
08:00:30,912810UA4,TSRYS5802849,D,S,T,2024-05-21,1000000.00,4.565307,100.96875
08:00:30,912810UA4,TSRYS5802849,D,S,T,2024-05-21,1000000.00,4.566143,100.955078125
08:00:30,912810UA4,TSRYS5802849,D,S,T,2024-05-21,1000000.00,4.565904,100.958984375
08:00:30,912810UA4,TSRYS5802849,D,S,T,2024-05-21,1000000.00,4.564352,100.984375
08:00:30,912810UA4,TSRYS5802849,D,S,T,2024-05-21,1000000.00,4.568173,100.921875
08:00:30,912810UA4,TSRYS5802849,D,S,T,2024-05-21,1000000.00,4.567218,100.9375
08:00:30,912810UA4,TSRYS5802849,D,S,T,2024-05-21,1000000.00,4.567218,100.9375
08:00:30,912810UA4,TSRYS5802849,D,S,T,2024-05-21,1000000.00,4.567218,100.9375
08:00:30,912810UA4,TSRYS5802849,D,S,T,2024-05-21,1000000.00,4.566262,100.953125
08:00:30,912810UA4,TSRYS5802849,D,S,T,2024-05-21,1000000.00,4.566262,100.953125
08:00:30,912810UA4,TSRYS5802849,D,S,T,2024-05-21,1000000.00,4.567218,100.9375
08:00:30,912810UA4,TSRYS5802849,D,S,T,2024-05-21,1000000.00,4.566262,100.953125
08:00:30,912810UA4,TSRYS5802849,D,S,T,2024-05-21,1000000.00,4.568173,100.921875
08:00:30,912810UA4,TSRYS5802849,D,S,T,2024-05-21,1000000.00,4.566262,100.953125
08:00:30,912810UA4,TSRYS5802849,D,S,T,2024-05-21,1000000.00,4.567218,100.9375
08:00:30,912810UA4,TSRYS5802849,D,S,T,2024-05-21,1000000.00,4.567218,100.9375
08:00:30,912810UA4,TSRYS5802849,D,S,T,2024-05-21,1000000.00,4.567218,100.9375
08:00:30,912810UA4,TSRYS5802849,D,S,T,2024-05-21,1000000.00,4.567218,100.9375
08:00:30,912810UA4,TSRYS5802849,D,S,T,2024-05-21,1000000.00,4.567218,100.9375
08:00:30,912810UA4,TSRYS5802849,D,S,T,2024-05-21,1000000.00,4.567218,100.9375
08:00:30,912810UA4,TSRYS5802849,D,S,T,2024-05-21,1000000.00,4.565187,100.970703125
08:00:30,912810UA4,TSRYS5802849,D,S,T,2024-05-21,2000000.00,4.565426,100.966796875
08:00:30,912810UA4,TSRYS5802849,D,S,T,2024-05-21,1000000.00,4.565665,100.962890625
08:00:30,912810UA4,TSRYS5802849,D,S,T,2024-05-21,1000000.00,4.566262,100.953125
08:00:30,912810UA4,TSRYS5802849,D,S,T,2024-05-21,1000000.00,4.566262,100.953125
08:00:30,912810UA4,TSRYS5802849,D,S,T,2024-05-21,1000000.00,4.565665,100.962890625
08:00:30,912810UA4,TSRYS5802849,D,S,T,2024-05-21,1000000.00,4.566023,100.95703125
08:00:30,912810UA4,TSRYS5802849,D,S,T,2024-05-21,1000000.00,4.565784,100.9609375
08:00:30,912810UA4,TSRYS5802849,D,S,T,2024-05-21,1000000.00,4.565784,100.9609375
08:00:30,912810UA4,TSRYS5802849,D,S,T,2024-05-21,1000000.00,4.565784,100.9609375
08:00:30,912810UA4,TSRYS5802849,D,S,T,2024-05-21,1000000.00,4.561488,101.03125
08:00:30,912810UA4,TSRYS5802849,D,S,T,2024-05-21,1000000.00,4.561488,101.03125
08:00:30,912810UA4,TSRYS5802849,D,S,T,2024-05-21,1000000.00,4.561488,101.03125
08:00:30,912810UA4,TSRYS5802849,D,S,T,2024-05-21,1000000.00,4.561488,101.03125
08:00:30,912810UA4,TSRYS5802849,D,S,T,2024-05-21,1000000.00,4.561369,101.033203125
08:00:30,912810UA4,TSRYS5802849,D,S,T,2024-05-21,1000000.00,4.562442,101.015625
08:00:30,912810UA4,TSRYS5802849,D,S,T,2024-05-21,1000000.00,4.562562,101.013671875
08:00:30,912810UA4,TSRYS5802849,D,S,D,2024-05-21,1000000.00,4.586132,100.62890625
08:00:30,912810UA4,TSRYS5802849,D,S,D,2024-05-21,1000000.00,4.588052,100.59765625
08:00:30,912810UA4,TSRYS5802849,D,S,D,2024-05-21,1000000.00,4.583973,100.6640625
08:00:30,912810UA4,TSRYS5802849,D,S,D,2024-05-21,1000000.00,4.583494,100.671875
08:00:30,912810UA4,TSRYS5802849,D,S,D,2024-05-21,1000000.00,4.583254,100.67578125
08:00:30,912810UA4,TSRYS5802849,D,S,D,2024-05-21,1000000.00,4.585173,100.64453125
08:00:30,912810UA4,TSRYS5802849,D,S,D,2024-05-21,1000000.00,4.584213,100.66015625
08:00:30,912810UA4,TSRYS5802849,D,S,D,2024-05-21,1000000.00,4.582774,100.68359375
08:00:30,912810UA4,TSRYS5802849,D,S,D,2024-05-21,1000000.00,4.575827,100.796875
08:00:30,912810UA4,TSRYS5802849,D,S,D,2024-05-21,1000000.00,4.575827,100.796875
08:00:30,912810UA4,TSRYS5802849,D,S,D,2024-05-21,1000000.00,4.573673,100.83203125
08:00:30,912810UA4,TSRYS5802849,D,S,D,2024-05-21,1000000.00,4.567934,100.92578125
08:00:30,912810UA4,TSRYS5802849,D,S,D,2024-05-21,1000000.00,4.567456,100.93359375
08:00:30,912810UA4,TSRYS5802849,D,S,D,2024-05-21,1000000.00,4.567934,100.92578125
08:00:30,912810UA4,TSRYS5802849,D,S,D,2024-05-21,1000000.00,4.566023,100.95703125
08:00:30,912810UA4,TSRYS5802849,D,S,D,2024-05-21,1000000.00,4.567456,100.93359375
08:00:30,912810UA4,TSRYS5802849,D,S,D,2024-05-21,1000000.00,4.567695,100.9296875
08:00:30,912810UA4,TSRYS5802849,D,S,D,2024-05-21,1000000.00,4.567218,100.9375
08:00:30,912810UA4,TSRYS5802849,D,S,D,2024-05-21,1000000.00,4.56674,100.9453125
08:00:30,912810UA4,TSRYS5802849,D,S,D,2024-05-21,1000000.00,4.562204,101.01953125
08:00:30,912810UA4,TSRYS5802849,D,S,D,2024-05-21,1000000.00,4.560534,101.046875
08:00:30,912810UA4,TSRYS5802849,D,S,D,2024-05-21,1000000.00,4.586132,100.62890625
08:00:30,912810UA4,TSRYS5802849,D,S,D,2024-05-21,1000000.00,4.586132,100.62890625
08:00:30,912810UA4,TSRYS5802849,D,S,D,2024-05-21,1000000.00,4.589133,100.580078125
08:00:30,912810UA4,TSRYS5802849,D,S,D,2024-05-21,1000000.00,4.589973,100.56640625
08:00:30,912810UA4,TSRYS5802849,D,S,D,2024-05-21,1000000.00,4.590574,100.556640625
08:00:30,912810UA4,TSRYS5802849,D,S,D,2024-05-21,1000000.00,4.586132,100.62890625
08:00:30,912810UA4,TSRYS5802849,D,S,D,2024-05-21,1000000.00,4.586132,100.62890625
08:00:30,912810UA4,TSRYS5802849,D,S,D,2024-05-21,1000000.00,4.589133,100.580078125
08:00:30,912810UA4,TSRYS5802849,D,S,D,2024-05-21,1000000.00,4.588533,100.58984375
08:00:30,912810UA4,TSRYS5802849,D,S,D,2024-05-21,1000000.00,4.583254,100.67578125
08:00:30,912810UA4,TSRYS5802849,D,S,D,2024-05-21,1000000.00,4.583973,100.6640625
08:00:30,912810UA4,TSRYS5802849,D,S,D,2024-05-21,1000000.00,4.584093,100.662109375
08:00:30,912810UA4,TSRYS5802849,D,S,D,2024-05-21,1000000.00,4.582534,100.6875
08:00:30,912810UA4,TSRYS5802849,D,S,D,2024-05-21,1000000.00,4.583254,100.67578125
08:00:30,912810UA4,TSRYS5802849,D,S,D,2024-05-21,1000000.00,4.583254,100.67578125
08:00:30,912810UA4,TSRYS5802849,D,S,D,2024-05-21,1000000.00,4.582774,100.68359375
08:00:30,912810UA4,TSRYS5802849,D,S,D,2024-05-21,1000000.00,4.580856,100.71484375
08:00:30,912810UA4,TSRYS5802849,D,S,D,2024-05-21,1000000.00,4.581576,100.703125
08:00:30,912810UA4,TSRYS5802849,D,S,D,2024-05-21,1000000.00,4.574749,100.814453125
08:00:30,912810UA4,TSRYS5802849,D,S,D,2024-05-21,1000000.00,4.573912,100.828125
08:00:30,912810UA4,TSRYS5802849,D,S,D,2024-05-21,1000000.00,4.573673,100.83203125
08:00:30,912810UA4,TSRYS5802849,D,S,D,2024-05-21,1000000.00,4.5714,100.869140625
08:00:30,912810UA4,TSRYS5802849,D,S,D,2024-05-21,1000000.00,4.572955,100.84375
08:00:30,912810UA4,TSRYS5802849,D,S,D,2024-05-21,1000000.00,4.56459,100.98046875
08:00:30,912810UA4,TSRYS5802849,D,S,D,2024-05-21,1000000.00,4.56459,100.98046875
08:00:30,912810UA4,TSRYS5802849,D,S,D,2024-05-21,1000000.00,4.566262,100.953125
08:00:30,912810UA4,TSRYS5802849,D,S,D,2024-05-21,1000000.00,4.566143,100.955078125
08:00:30,912810UA4,TSRYS5802849,D,S,D,2024-05-21,1000000.00,4.567337,100.935546875
08:00:30,912810UA4,TSRYS5802849,D,S,D,2024-05-21,1000000.00,4.567576,100.931640625
08:00:30,912810UA4,TSRYS5802849,D,S,D,2024-05-21,1000000.00,4.567695,100.9296875
08:00:30,912810UA4,TSRYS5802849,D,S,D,2024-05-21,1000000.00,4.563516,100.998046875
08:00:30,912810UA4,TSRYS5802849,D,S,D,2024-05-21,1000000.00,4.563516,100.998046875
08:00:30,912810UA4,TSRYS5802849,D,S,D,2024-05-21,1000000.00,4.563516,100.998046875
08:00:30,912810UA4,TSRYS5802849,D,S,D,2024-05-21,1000000.00,4.563994,100.990234375
08:00:30,912810UA4,TSRYS5802849,D,S,D,2024-05-21,1000000.00,4.567218,100.9375
08:00:30,912810UA4,TSRYS5802849,D,S,D,2024-05-21,1000000.00,4.567218,100.9375
08:00:30,912810UA4,TSRYS5802849,D,S,D,2024-05-21,1000000.00,4.567337,100.935546875
08:00:30,912810UA4,TSRYS5802849,D,S,D,2024-05-21,1000000.00,4.567337,100.935546875
08:00:30,912810UA4,TSRYS5802849,D,S,D,2024-05-21,1000000.00,4.5628,101.009765625
08:00:30,912810UA4,TSRYS5802849,D,S,T,2024-05-21,1000000.00,4.589253,100.578125
08:00:30,912810UA4,TSRYS5802849,D,S,T,2024-05-21,1000000.00,4.587332,100.609375
08:00:30,912810UA4,TSRYS5802849,D,S,T,2024-05-21,1000000.00,4.586132,100.62890625
08:00:30,912810UA4,TSRYS5802849,D,S,T,2024-05-21,1000000.00,4.586132,100.62890625
08:00:30,912810UA4,TSRYS5802849,D,S,T,2024-05-21,1000000.00,4.589253,100.578125
08:00:30,912810UA4,TSRYS5802849,D,S,T,2024-05-21,1000000.00,4.589133,100.580078125
08:00:30,912810UA4,TSRYS5802849,D,S,T,2024-05-21,1000000.00,4.584453,100.65625
08:00:30,912810UA4,TSRYS5802849,D,S,T,2024-05-21,1000000.00,4.584453,100.65625
08:00:30,912810UA4,TSRYS5802849,D,S,T,2024-05-21,1000000.00,4.583014,100.6796875
08:00:30,912810UA4,TSRYS5802849,D,S,T,2024-05-21,1000000.00,4.582534,100.6875
08:00:30,912810UA4,TSRYS5802849,D,S,T,2024-05-21,1000000.00,4.583254,100.67578125
08:00:30,912810UA4,TSRYS5802849,D,S,T,2024-05-21,1000000.00,4.583014,100.6796875
08:00:30,912810UA4,TSRYS5802849,D,S,T,2024-05-21,1000000.00,4.581935,100.697265625
08:00:30,912810UA4,TSRYS5802849,D,S,T,2024-05-21,1000000.00,4.583254,100.67578125
08:00:30,912810UA4,TSRYS5802849,D,S,T,2024-05-21,1000000.00,4.579658,100.734375
08:00:30,912810UA4,TSRYS5802849,D,S,T,2024-05-21,1000000.00,4.575827,100.796875
08:00:30,912810UA4,TSRYS5802849,D,S,D,2024-05-21,1000000.00,4.572955,100.84375
08:00:30,912810UA4,TSRYS5802849,D,S,D,2024-05-21,1000000.00,4.572955,100.84375
08:00:30,912810UA4,TSRYS5802849,D,S,D,2024-05-21,1000000.00,4.572955,100.84375
08:00:30,912810UA4,TSRYS5802849,D,S,D,2024-05-21,1000000.00,4.572955,100.84375
08:00:30,912810UA4,TSRYS5802849,D,S,D,2024-05-21,1000000.00,4.577742,100.765625
08:00:30,912810UA4,TSRYS5802849,D,S,T,2024-05-21,1000000.00,4.573553,100.833984375
08:00:30,912810UA4,TSRYS5802849,D,S,T,2024-05-21,1000000.00,4.572955,100.84375
08:00:30,912810UA4,TSRYS5802849,D,S,T,2024-05-21,1000000.00,4.572596,100.849609375
08:00:30,912810UA4,TSRYS5802849,D,S,T,2024-05-21,1000000.00,4.567934,100.92578125
08:00:30,912810UA4,TSRYS5802849,D,S,T,2024-05-21,1000000.00,4.567337,100.935546875
08:00:30,912810UA4,TSRYS5802849,D,S,T,2024-05-21,1000000.00,4.567576,100.931640625
08:00:30,912810UA4,TSRYS5802849,D,S,T,2024-05-21,2000000.00,4.567576,100.931640625
08:00:30,912810UA4,TSRYS5802849,D,S,T,2024-05-21,1000000.00,4.567934,100.92578125
08:00:30,912810UA4,TSRYS5802849,D,S,T,2024-05-21,1000000.00,4.56459,100.98046875
08:00:30,912810UA4,TSRYS5802849,D,S,T,2024-05-21,1000000.00,4.566262,100.953125
08:00:30,912810UA4,TSRYS5802849,D,S,T,2024-05-21,1000000.00,4.565904,100.958984375
08:00:30,912810UA4,TSRYS5802849,D,S,T,2024-05-21,1000000.00,4.565904,100.958984375
08:00:30,912810UA4,TSRYS5802849,D,S,T,2024-05-21,1000000.00,4.56889,100.91015625
08:00:30,912810UA4,TSRYS5802849,D,S,T,2024-05-21,1000000.00,4.56889,100.91015625
08:00:30,912810UA4,TSRYS5802849,D,S,T,2024-05-21,1000000.00,4.56889,100.91015625
08:00:30,912810UA4,TSRYS5802849,D,S,T,2024-05-21,1000000.00,4.56889,100.91015625
08:00:30,912810UA4,TSRYS5802849,D,S,T,2024-05-21,1000000.00,4.56889,100.91015625
08:00:30,912810UA4,TSRYS5802849,D,S,T,2024-05-21,1000000.00,4.566859,100.943359375
08:00:30,912810UA4,TSRYS5802849,D,S,T,2024-05-21,1000000.00,4.566023,100.95703125
08:00:30,912810UA4,TSRYS5802849,D,S,T,2024-05-21,1000000.00,4.567337,100.935546875
08:00:30,912810UA4,TSRYS5802849,D,S,T,2024-05-21,1000000.00,4.567576,100.931640625
08:00:30,912810UA4,TSRYS5802849,D,S,T,2024-05-21,1000000.00,4.567218,100.9375
08:00:30,912810UA4,TSRYS5802849,D,S,T,2024-05-21,1000000.00,4.56674,100.9453125
08:00:30,912810UA4,TSRYS5802849,D,S,T,2024-05-21,1000000.00,4.56674,100.9453125
08:00:30,912810UA4,TSRYS5802849,D,S,T,2024-05-21,1000000.00,4.56674,100.9453125
08:00:30,912810UA4,TSRYS5802849,D,S,T,2024-05-21,1000000.00,4.564949,100.974609375
08:00:30,912810UA4,TSRYS5802849,D,S,T,2024-05-21,1000000.00,4.564829,100.9765625
08:00:30,912810UA4,TSRYS5802849,D,S,T,2024-05-21,1000000.00,4.566143,100.955078125
08:00:30,912810UA4,TSRYS5802849,D,S,T,2024-05-21,1000000.00,4.563158,101.00390625
08:00:30,912810UA4,TSRYS5802849,D,S,T,2024-05-21,1000000.00,4.56292,101.0078125
08:00:30,912810UA4,TSRYS5802849,D,S,T,2024-05-21,1000000.00,4.562204,101.01953125
08:00:30,912810UA4,TSRYS5802849,D,S,T,2024-05-21,1000000.00,4.561726,101.02734375
08:00:30,912810UA4,TSRYS5802849,D,S,T,2024-05-21,1000000.00,4.561488,101.03125
08:00:30,912810UA4,TSRYS5802849,D,S,T,2024-05-21,1000000.00,4.562442,101.015625
08:00:32,912810UA4,TSRYS5802849,D,S,D,2024-05-21,1000000.00,4.583973,100.6640625
08:00:32,912810UA4,TSRYS5802849,D,S,D,2024-05-21,1000000.00,4.583494,100.671875
08:00:32,912810UA4,TSRYS5802849,D,S,D,2024-05-21,1000000.00,4.571998,100.859375
08:00:33,912810UA4,TSRYS5802849,D,S,D,2024-05-21,1000000.00,4.571998,100.859375
08:00:33,912810UA4,TSRYS5802849,D,S,D,2024-05-21,1000000.00,4.5714,100.869140625
08:00:33,912810UA4,TSRYS5802849,D,S,D,2024-05-21,1000000.00,4.57152,100.8671875
08:00:33,912810UA4,TSRYS5802849,D,S,D,2024-05-21,1000000.00,4.571042,100.875
08:00:33,912810UA4,TSRYS5802849,D,S,A,2024-05-21,3000000.00,4.575827,100.796875
08:00:33,912810UA4,TSRYS5802849,D,B,A,2024-05-21,10000000.00,4.583973,100.6640625
08:00:33,912810UA4,TSRYS5802849,D,S,A,2024-05-21,2000000.00,4.584933,100.6484375
08:00:33,912810UA4,TSRYS5802849,D,S,T,2024-05-21,1000000.00,4.587332,100.609375
08:00:33,912810UA4,TSRYS5802849,D,S,A,2024-05-21,5000000.00,4.586372,100.625
08:00:33,912810UA4,TSRYS5802849,D,S,T,2024-05-21,1000000.00,4.587332,100.609375
08:00:33,912810UA4,TSRYS5802849,D,S,A,2024-05-21,5000000.00,4.588292,100.59375
08:00:33,912810UA4,TSRYS5802849,D,B,A,2024-05-21,5000000.00,4.582534,100.6875
08:00:33,912810UA4,TSRYS5802849,D,S,T,2024-05-21,4000000.00,4.579658,100.734375
08:00:33,912810UA4,TSRYS5802849,D,S,T,2024-05-21,1000000.00,4.5787,100.75
08:00:33,912810UA4,TSRYS5802849,D,S,D,2024-05-21,1000000.00,4.57754,100.7689196242
08:00:33,912810UA4,TSRYS5802849,D,S,D,2024-05-21,1000000.00,4.577051,100.7768952244
08:00:33,912810UA4,TSRYS5802849,D,S,T,2024-05-21,1000000.00,4.576784,100.78125
08:00:33,912810UA4,TSRYS5802849,D,S,T,2024-05-21,1000000.00,4.576784,100.78125
08:00:33,912810UA4,TSRYS5802849,D,S,D,2024-05-21,1000000.00,4.577742,100.765625
08:00:33,912810UA4,TSRYS5802849,D,S,D,2024-05-21,1000000.00,4.577742,100.765625
08:00:34,912810UA4,TSRYS5802849,D,S,T,2024-05-21,2000000.00,4.576784,100.78125
08:00:34,912810UA4,TSRYS5802849,D,S,A,2024-05-21,2000000.00,4.572477,100.8515625
08:00:34,912810UA4,TSRYS5802849,D,S,C,2024-05-21,6000000.00,4.572477,100.8515625
08:00:34,912810UA4,TSRYS5802849,D,S,D,2024-05-21,11000000.00,4.576152,100.79157
08:00:34,912810UA4,TSRYS5802849,D,S,D,2024-05-21,3000000.00,4.572836,100.8457
08:00:34,912810UA4,TSRYS5802849,D,S,C,2024-05-21,6000000.00,4.576066,100.79296875
08:00:34,912810UA4,TSRYS5802849,D,S,D,2024-05-21,3000000.00,4.569129,100.90625
08:00:34,912810UA4,TSRYS5802849,D,S,D,2024-05-21,1000000.00,4.569129,100.90625
08:00:34,912810UA4,TSRYS5802849,D,S,D,2024-05-21,1000000.00,4.569129,100.90625
08:00:34,912810UA4,TSRYS5802849,D,S,A,2024-05-21,5000000.00,4.567218,100.9375
08:00:34,912810UA4,TSRYS5802849,D,B,C,2024-05-21,800000.00,4.565307,100.96875
08:00:34,912810UA4,TSRYS5802849,D,S,T,2024-05-21,1000000.00,4.564352,100.984375
08:00:34,912810UA4,TSRYS5802849,D,S,T,2024-05-21,1000000.00,4.564352,100.984375
08:00:34,912810UA4,TSRYS5802849,D,S,T,2024-05-21,1000000.00,4.564352,100.984375
08:00:34,912810UA4,TSRYS5802849,D,B,A,2024-05-21,1000000.00,4.566501,100.94921875
08:00:34,912810UA4,TSRYS5802849,D,B,C,2024-05-21,6563000.00,4.568173,100.921875
08:00:34,912810UA4,TSRYS5802849,D,B,C,2024-05-21,7000000.00,4.566979,100.94140625
08:00:34,912810UA4,TSRYS5802849,D,S,D,2024-05-21,1000000.00,4.587545,100.6059082031
08:00:34,912810UA4,TSRYS5802849,D,S,D,2024-05-21,1000000.00,4.587332,100.609375
08:00:34,912810UA4,TSRYS5802849,D,S,D,2024-05-21,1000000.00,4.587332,100.609375
08:00:34,912810UA4,TSRYS5802849,D,B,C,2024-05-21,7000000.00,4.566501,100.94921875
08:00:34,912810UA4,TSRYS5802849,D,B,C,2024-05-21,4500000.00,4.56674,100.9453125
08:00:34,912810UA4,TSRYS5802849,D,S,T,2024-05-21,1000000.00,4.565546,100.96484375
08:00:34,912810UA4,TSRYS5802849,D,S,T,2024-05-21,1000000.00,4.565546,100.96484375
08:00:34,912810UA4,TSRYS5802849,D,S,T,2024-05-21,1000000.00,4.564352,100.984375
08:00:34,912810UA4,TSRYS5802849,D,S,T,2024-05-21,1000000.00,4.564352,100.984375
08:00:34,912810UA4,TSRYS5802849,D,S,T,2024-05-21,1000000.00,4.564352,100.984375
08:00:34,912810UA4,TSRYS5802849,D,S,T,2024-05-21,1000000.00,4.564352,100.984375
08:00:34,912810UA4,TSRYS5802849,D,S,T,2024-05-21,1000000.00,4.564352,100.984375
08:00:34,912810UA4,TSRYS5802849,D,B,C,2024-05-21,9900000.00,4.56459,100.98046875
08:00:34,912810UA4,TSRYS5802849,D,S,A,2024-05-21,1000000.00,4.564352,100.984375
08:00:34,912810UA4,TSRYS5802849,D,S,T,2024-05-21,1000000.00,4.561249,101.03515625
08:00:35,912810UA4,TSRYS5802849,D,S,T,2024-05-21,1000000.00,4.562442,101.015625
08:00:36,912810UA4,TSRYS5802849,D,S,D,2024-05-21,1000000.00,4.583494,100.671875
08:00:36,912810UA4,TSRYS5802849,D,B,C,2024-05-21,1000000.00,4.583494,100.671875
08:00:36,912810UA4,TSRYS5802849,D,B,C,2024-05-21,1000000.00,4.583494,100.671875
08:00:36,912810UA4,TSRYS5802849,D,S,D,2024-05-21,1000000.00,4.583494,100.671875
08:00:36,912810UA4,TSRYS5802849,D,S,D,2024-05-21,1000000.00,4.585173,100.64453125
08:00:36,912810UA4,TSRYS5802849,D,S,D,2024-05-21,1000000.00,4.584213,100.66015625
08:00:37,912810UA4,TSRYS5802849,D,S,C,2024-05-21,2600000.00,4.5739,100.828325
08:00:37,912810UA4,TSRYS5802849,D,S,D,2024-05-21,16000000.00,4.5787,100.75
08:00:37,912810UA4,TSRYS5802849,D,S,C,2024-05-21,4700000.00,4.574378,100.8205125
08:00:37,912810UA4,TSRYS5802849,D,S,T,2024-05-21,1000000.00,4.589373,100.576171875
08:00:37,912810UA4,TSRYS5802849,D,S,T,2024-05-21,1000000.00,4.589613,100.572265625
08:00:37,912810UA4,TSRYS5802849,D,S,T,2024-05-21,1000000.00,4.589613,100.572265625
08:00:38,912810UA4,TSRYS5802849,D,S,D,2024-05-21,3000000.00,4.567934,100.92578125
08:00:38,912810UA4,TSRYS5802849,D,S,A,2024-05-21,1500000.00,4.583254,100.67578125
08:00:38,912810UA4,TSRYS5802849,D,S,A,2024-05-21,3000000.00,4.580138,100.7265625
08:00:38,912810UA4,TSRYS5802849,D,S,D,2024-05-21,2000000.00,4.567427,100.934082031
08:00:38,912810UA4,TSRYS5802849,D,S,A,2024-05-21,1200000.00,4.567218,100.9375
08:00:38,912810UA4,TSRYS5802849,D,S,C,2024-05-21,220000.00,4.565007,100.97265625
08:00:38,912810UA4,TSRYS5802849,D,S,D,2024-05-21,1000000.00,4.565904,100.958984375
08:00:38,912810UA4,TSRYS5802849,D,B,A,2024-05-21,8650000.00,4.581096,100.7109375
08:00:39,912810UA4,TSRYS5802849,D,S,D,2024-05-21,1000000.00,4.576545,100.78515625
08:00:39,912810UA4,TSRYS5802849,D,S,D,2024-05-21,1000000.00,4.574032,100.826171875
08:00:39,912810UA4,TSRYS5802849,D,B,C,2024-05-21,3000000.00,4.567934,100.92578125
08:00:40,912810UA4,TSRYS5802849,D,B,C,2024-05-21,6117000.00,4.56557,100.96444375
08:00:40,912810UA4,TSRYS5802849,D,S,D,2024-05-21,6117000.00,4.56557,100.96444375
08:00:40,912810UA4,TSRYS5802849,D,S,C,2024-05-21,5000000.00,4.561011,101.0390625
08:00:40,912810UA4,TSRYS5802849,D,S,T,2024-05-21,1000000.00,4.565671,100.962790625
08:00:40,912810UA4,TSRYS5802849,D,S,T,2024-05-21,1000000.00,4.56459,100.98046875
08:00:40,912810UA4,TSRYS5802849,D,S,T,2024-05-21,1000000.00,4.56459,100.98046875
08:00:40,912810UA4,TSRYS5802849,D,S,T,2024-05-21,1000000.00,4.56459,100.98046875
08:00:40,912810UA4,TSRYS5802849,D,S,T,2024-05-21,1000000.00,4.56459,100.98046875
08:00:40,912810UA4,TSRYS5802849,D,S,A,2024-05-21,4000000.00,4.563874,100.9921875
08:00:40,912810UA4,TSRYS5802849,D,S,A,2024-05-21,5000000.00,4.575108,100.80859375
08:00:41,912810UA4,TSRYS5802849,D,S,D,2024-05-21,1000000.00,4.575108,100.80859375
08:00:41,912810UA4,TSRYS5802849,D,S,T,2024-05-21,1000000.00,4.584453,100.65625
08:00:41,912810UA4,TSRYS5802849,D,S,T,2024-05-21,1000000.00,4.587332,100.609375
08:00:41,912810UA4,TSRYS5802849,D,S,T,2024-05-21,1000000.00,4.589253,100.578125
08:00:41,912810UA4,TSRYS5802849,D,S,T,2024-05-21,1000000.00,4.589253,100.578125
08:00:41,912810UA4,TSRYS5802849,D,S,T,2024-05-21,1000000.00,4.583494,100.671875
08:00:41,912810UA4,TSRYS5802849,D,S,T,2024-05-21,1000000.00,4.580617,100.71875
08:00:41,912810UA4,TSRYS5802849,D,S,T,2024-05-21,1000000.00,4.573912,100.828125
08:00:41,912810UA4,TSRYS5802849,D,S,T,2024-05-21,1000000.00,4.573912,100.828125
08:00:41,912810UA4,TSRYS5802849,D,S,T,2024-05-21,1000000.00,4.571998,100.859375
08:00:41,912810UA4,TSRYS5802849,D,S,T,2024-05-21,1000000.00,4.569129,100.90625
08:00:41,912810UA4,TSRYS5802849,D,S,T,2024-05-21,1000000.00,4.569129,100.90625
08:00:41,912810UA4,TSRYS5802849,D,S,T,2024-05-21,1000000.00,4.569129,100.90625
08:00:41,912810UA4,TSRYS5802849,D,S,T,2024-05-21,1000000.00,4.569129,100.90625
08:00:41,912810UA4,TSRYS5802849,D,S,T,2024-05-21,1000000.00,4.569129,100.90625
08:00:41,912810UA4,TSRYS5802849,D,S,T,2024-05-21,1000000.00,4.569129,100.90625
08:00:41,912810UA4,TSRYS5802849,D,S,T,2024-05-21,1000000.00,4.568173,100.921875
08:00:41,912810UA4,TSRYS5802849,D,S,T,2024-05-21,1000000.00,4.568173,100.921875
08:00:41,912810UA4,TSRYS5802849,D,S,T,2024-05-21,1000000.00,4.568173,100.921875
08:00:41,912810UA4,TSRYS5802849,D,S,T,2024-05-21,1000000.00,4.568173,100.921875
08:00:41,912810UA4,TSRYS5802849,D,S,T,2024-05-21,1000000.00,4.566262,100.953125
08:00:41,912810UA4,TSRYS5802849,D,S,T,2024-05-21,1000000.00,4.566262,100.953125
08:00:41,912810UA4,TSRYS5802849,D,S,T,2024-05-21,1000000.00,4.566262,100.953125
08:00:41,912810UA4,TSRYS5802849,D,S,T,2024-05-21,1000000.00,4.566262,100.953125
08:00:41,912810UA4,TSRYS5802849,D,S,T,2024-05-21,1000000.00,4.566262,100.953125
08:00:41,912810UA4,TSRYS5802849,D,S,T,2024-05-21,1000000.00,4.563397,101.0
08:00:41,912810UA4,TSRYS5802849,D,S,T,2024-05-21,1000000.00,4.564352,100.984375
08:00:41,912810UA4,TSRYS5802849,D,S,T,2024-05-21,1000000.00,4.564352,100.984375
08:00:41,912810UA4,TSRYS5802849,D,S,T,2024-05-21,1000000.00,4.562442,101.015625
08:00:41,912810UA4,TSRYS5802849,D,S,D,2024-05-21,1000000.00,4.564829,100.9765625
08:00:41,912810UA4,TSRYS5802849,D,S,T,2024-05-21,1000000.00,4.567098,100.939453125
08:00:41,912810UA4,TSRYS5802849,D,S,D,2024-05-21,1000000.00,4.567456,100.93359375
08:00:41,912810UA4,TSRYS5802849,D,S,A,2024-05-21,1000000.00,4.565068,100.97265625
08:00:41,912810UA4,TSRYS5802849,D,S,T,2024-05-21,1000000.00,4.576066,100.79296875
08:00:41,912810UA4,TSRYS5802849,D,S,T,2024-05-21,1000000.00,4.588533,100.58984375
08:00:41,912810UA4,TSRYS5802849,D,S,T,2024-05-21,1000000.00,4.588533,100.58984375
08:00:41,912810UA4,TSRYS5802849,D,S,T,2024-05-21,1000000.00,4.588533,100.58984375
08:00:41,912810UA4,TSRYS5802849,D,S,T,2024-05-21,1000000.00,4.588533,100.58984375
08:00:41,912810UA4,TSRYS5802849,D,S,T,2024-05-21,1000000.00,4.588533,100.58984375
08:00:41,912810UA4,TSRYS5802849,D,S,T,2024-05-21,1000000.00,4.581576,100.703125
08:00:41,912810UA4,TSRYS5802849,D,S,T,2024-05-21,1000000.00,4.575827,100.796875
08:00:41,912810UA4,TSRYS5802849,D,S,D,2024-05-21,1000000.00,4.566501,100.94921875
08:00:41,912810UA4,TSRYS5802849,D,S,T,2024-05-21,1000000.00,4.565784,100.9609375
08:00:41,912810UA4,TSRYS5802849,D,B,A,2024-05-21,1000000.00,4.567695,100.9296875
08:00:42,912810UA4,TSRYS5802849,D,S,T,2024-05-21,1000000.00,4.567815,100.927734375
08:00:42,912810UA4,TSRYS5802849,D,S,D,2024-05-21,1000000.00,4.575827,100.796875
08:00:42,912810UA4,TSRYS5802849,D,S,D,2024-05-21,1000000.00,4.575827,100.796875
08:00:42,912810UA4,TSRYS5802849,D,S,D,2024-05-21,1000000.00,4.573673,100.83203125
08:00:42,912810UA4,TSRYS5802849,D,S,T,2024-05-21,2000000.00,4.566859,100.943359375
08:00:42,912810UA4,TSRYS5802849,D,S,D,2024-05-21,2000000.00,4.566262,100.953125
08:00:42,912810UA4,TSRYS5802849,D,S,T,2024-05-21,1000000.00,4.56471,100.978515625
08:00:43,912810UA4,TSRYS5802849,D,B,C,2024-05-21,1000000.00,4.561965,101.0234375
08:00:43,912810UA4,TSRYS5802849,D,S,D,2024-05-21,1000000.00,4.562204,101.01953125
08:00:43,912810UA4,TSRYS5802849,D,B,A,2024-05-21,10000000.00,4.585652,100.63671875
08:00:43,912810UA4,TSRYS5802849,D,B,C,2024-05-21,10000000.00,4.568198,100.921475
08:00:43,912810UA4,TSRYS5802849,D,S,T,2024-05-21,1000000.00,4.586252,100.626953125
08:00:43,912810UA4,TSRYS5802849,D,S,T,2024-05-21,1000000.00,4.589373,100.576171875
08:00:43,912810UA4,TSRYS5802849,D,S,T,2024-05-21,1000000.00,4.589373,100.576171875
08:00:43,912810UA4,TSRYS5802849,D,S,T,2024-05-21,1000000.00,4.589373,100.576171875
08:00:43,912810UA4,TSRYS5802849,D,S,T,2024-05-21,1000000.00,4.589613,100.572265625
08:00:43,912810UA4,TSRYS5802849,D,S,T,2024-05-21,1000000.00,4.589613,100.572265625
08:00:43,912810UA4,TSRYS5802849,D,S,T,2024-05-21,1000000.00,4.589613,100.572265625
08:00:43,912810UA4,TSRYS5802849,D,S,T,2024-05-21,1000000.00,4.588773,100.5859375
08:00:44,912810UA4,TSRYS5802849,D,S,A,2024-05-21,954600.00,4.588773,100.5859375
08:00:44,912810UA4,TSRYS5802849,D,S,D,2024-05-21,4000000.00,4.584645,100.653125
08:00:44,912810UA4,TSRYS5802849,D,S,A,2024-05-21,3000000.00,4.580138,100.7265625
08:00:44,912810UA4,TSRYS5802849,D,S,D,2024-05-21,6000000.00,4.583653,100.669270833
08:00:45,912810UA4,TSRYS5802849,D,B,A,2024-05-21,1000000.00,4.584453,100.65625
08:00:45,912810UA4,TSRYS5802849,D,S,D,2024-05-21,1000000.00,4.577742,100.765625
08:00:45,912810UA4,TSRYS5802849,D,S,T,2024-05-21,1000000.00,4.572955,100.84375
08:00:45,912810UA4,TSRYS5802849,D,S,D,2024-05-21,2600000.00,4.5739,100.828325
08:00:45,912810UA4,TSRYS5802849,D,S,D,2024-05-21,12000000.00,4.575667,100.799479167
08:00:45,912810UA4,TSRYS5802849,D,S,D,2024-05-21,4700000.00,4.574378,100.8205125
08:00:46,912810UA4,TSRYS5802849,D,S,D,2024-05-21,250000.00,4.565784,100.9609375
08:00:47,912810UA4,TSRYS5802849,D,S,T,2024-05-21,1000000.00,4.567337,100.935546875
08:00:47,912810UA4,TSRYS5802849,D,S,A,2024-05-21,1500000.00,4.576545,100.78515625
08:00:47,912810UA4,TSRYS5802849,D,S,C,2024-05-21,10000000.00,4.576545,100.78515625
08:00:47,912810UA4,TSRYS5802849,D,S,D,2024-05-21,1000000.00,4.567934,100.92578125
08:00:47,912810UA4,TSRYS5802849,D,S,D,2024-05-21,1000000.00,4.567456,100.93359375
08:00:47,912810UA4,TSRYS5802849,D,S,D,2024-05-21,1000000.00,4.567934,100.92578125
08:00:47,912810UA4,TSRYS5802849,D,S,D,2024-05-21,1000000.00,4.566979,100.94140625
08:00:48,912810UA4,TSRYS5802849,D,B,C,2024-05-21,2000000.00,4.566262,100.953125
08:00:48,912810UA4,TSRYS5802849,D,S,D,2024-05-21,1000000.00,4.566501,100.94921875
08:00:48,912810UA4,TSRYS5802849,D,B,A,2024-05-21,2833000.00,4.56674,100.9453125
08:00:48,912810UA4,TSRYS5802849,D,S,D,2024-05-21,1000000.00,4.567815,100.927734375
08:00:49,912810UA4,TSRYS5802849,D,S,D,2024-05-21,220000.00,4.565007,100.97265625
08:00:49,912810UA4,TSRYS5802849,D,S,T,2024-05-21,1000000.00,4.56459,100.98046875
08:00:49,912810UA4,TSRYS5802849,D,S,T,2024-05-21,1000000.00,4.56459,100.98046875
08:00:49,912810UA4,TSRYS5802849,D,S,D,2024-05-21,1000000.00,4.56459,100.98046875
08:00:49,912810UA4,TSRYS5802849,D,S,T,2024-05-21,1000000.00,4.56459,100.98046875
08:00:49,912810UA4,TSRYS5802849,D,S,T,2024-05-21,1000000.00,4.56459,100.98046875
08:00:49,912810UA4,TSRYS5802849,D,S,D,2024-05-21,5000000.00,4.561011,101.0390625
08:00:50,912810UA4,TSRYS5802849,D,S,D,2024-05-21,1000000.00,4.566262,100.953125
08:00:50,912810UA4,TSRYS5802849,D,S,D,2024-05-21,1000000.00,4.566023,100.95703125
08:00:50,912810UA4,TSRYS5802849,D,S,D,2024-05-21,1000000.00,4.567456,100.93359375
08:00:50,912810UA4,TSRYS5802849,D,S,D,2024-05-21,2000000.00,4.566262,100.953125
08:00:50,912810UA4,TSRYS5802849,D,S,T,2024-05-21,1000000.00,4.589493,100.57421875
08:00:50,912810UA4,TSRYS5802849,D,S,T,2024-05-21,1000000.00,4.589493,100.57421875
08:00:50,912810UA4,TSRYS5802849,D,S,T,2024-05-21,1000000.00,4.589493,100.57421875
08:00:50,912810UA4,TSRYS5802849,D,S,T,2024-05-21,1000000.00,4.589493,100.57421875
08:00:50,912810UA4,TSRYS5802849,D,S,T,2024-05-21,1000000.00,4.589493,100.57421875
08:00:50,912810UA4,TSRYS5802849,D,S,T,2024-05-21,1000000.00,4.589493,100.57421875
08:00:50,912810UA4,TSRYS5802849,D,S,T,2024-05-21,1000000.00,4.589733,100.5703125
08:00:50,912810UA4,TSRYS5802849,D,S,T,2024-05-21,1000000.00,4.589733,100.5703125
08:00:50,912810UA4,TSRYS5802849,D,S,T,2024-05-21,1000000.00,4.589733,100.5703125
08:00:51,912810UA4,TSRYS5802849,D,S,T,2024-05-21,1000000.00,4.589733,100.5703125
08:00:51,912810UA4,TSRYS5802849,D,S,T,2024-05-21,1000000.00,4.589733,100.5703125
08:00:51,912810UA4,TSRYS5802849,D,S,T,2024-05-21,1000000.00,4.589733,100.5703125
08:00:51,912810UA4,TSRYS5802849,D,S,T,2024-05-21,1000000.00,4.589733,100.5703125
08:00:51,912810UA4,TSRYS5802849,D,S,T,2024-05-21,1000000.00,4.589733,100.5703125
08:00:51,912810UA4,TSRYS5802849,D,S,T,2024-05-21,1000000.00,4.589733,100.5703125
08:00:51,912810UA4,TSRYS5802849,D,S,T,2024-05-21,1000000.00,4.589733,100.5703125
08:00:51,912810UA4,TSRYS5802849,D,S,T,2024-05-21,1000000.00,4.589733,100.5703125
08:00:51,912810UA4,TSRYS5802849,D,S,T,2024-05-21,1000000.00,4.589733,100.5703125
08:00:51,912810UA4,TSRYS5802849,D,S,D,2024-05-21,1000000.00,4.567456,100.93359375
08:00:51,912810UA4,TSRYS5802849,D,S,D,2024-05-21,1000000.00,4.566501,100.94921875
08:00:51,912810UA4,TSRYS5802849,D,S,D,2024-05-21,1000000.00,4.567218,100.9375
08:00:52,912810UA4,TSRYS5802849,D,S,D,2024-05-21,1000000.00,4.56674,100.9453125
08:00:53,912810UA4,TSRYS5802849,D,B,A,2024-05-21,1000000.00,4.565307,100.96875
08:00:53,912810UA4,TSRYS5802849,D,B,C,2024-05-21,10000000.00,4.567242,100.9371
08:00:53,912810UA4,TSRYS5802849,D,B,C,2024-05-21,5000000.00,4.571998,100.859375
08:00:54,912810UA4,TSRYS5802849,D,S,D,2024-05-21,1000000.00,4.561249,101.03515625
08:00:54,912810UA4,TSRYS5802849,D,S,D,2024-05-21,1000000.00,4.560534,101.046875
08:00:58,912810UA4,TSRYS5802849,D,B,C,2024-05-21,5000000.00,4.567242,100.9371
08:00:58,912810UA4,TSRYS5802849,D,S,T,2024-05-21,1000000.00,4.565307,100.96875
08:00:58,912810UA4,TSRYS5802849,D,S,T,2024-05-21,1000000.00,4.565307,100.96875
08:00:58,912810UA4,TSRYS5802849,D,S,T,2024-05-21,1000000.00,4.565307,100.96875
08:00:58,912810UA4,TSRYS5802849,D,B,C,2024-05-21,500000.00,4.565546,100.96484375
08:00:58,912810UA4,TSRYS5802849,D,S,T,2024-05-21,1000000.00,4.563397,101.0
08:00:58,912810UA4,TSRYS5802849,D,S,C,2024-05-21,5000000.00,4.577742,100.765625
08:00:58,912810UA4,TSRYS5802849,D,S,C,2024-05-21,28500000.00,4.562179,101.01993125
08:00:58,912810UA4,TSRYS5802849,D,B,C,2024-05-21,6563000.00,4.577263,100.7734375
08:00:59,912810UA4,TSRYS5802849,D,S,T,2024-05-21,1000000.00,4.576784,100.78125
08:00:59,912810UA4,TSRYS5802849,D,S,T,2024-05-21,1000000.00,4.576664,100.78320313
08:00:59,912810UA4,TSRYS5802849,D,S,T,2024-05-21,1000000.00,4.576784,100.78125
08:01:00,912810UA4,TSRYS5802849,D,S,T,2024-05-21,1000000.00,4.576784,100.78125
08:01:00,912810UA4,TSRYS5802849,D,S,T,2024-05-21,1000000.00,4.576784,100.78125
08:01:00,912810UA4,TSRYS5802849,D,S,T,2024-05-21,1000000.00,4.576784,100.78125
08:01:01,912810UA4,TSRYS5802849,D,S,D,2024-05-21,1000000.00,4.576784,100.78125
08:01:01,912810UA4,TSRYS5802849,D,S,D,2024-05-21,1000000.00,4.580617,100.71875
08:01:01,912810UA4,TSRYS5802849,D,S,D,2024-05-21,1000000.00,4.586372,100.625
08:01:01,912810UA4,TSRYS5802849,D,S,D,2024-05-21,1000000.00,4.586372,100.625
08:01:01,912810UA4,TSRYS5802849,D,S,D,2024-05-21,1000000.00,4.588292,100.59375
08:01:01,912810UA4,TSRYS5802849,D,S,D,2024-05-21,1000000.00,4.583973,100.6640625
08:01:01,912810UA4,TSRYS5802849,D,S,D,2024-05-21,1000000.00,4.584453,100.65625
08:01:01,912810UA4,TSRYS5802849,D,B,C,2024-05-21,1000000.00,4.583973,100.6640625
08:01:01,912810UA4,TSRYS5802849,D,B,C,2024-05-21,1000000.00,4.582295,100.69140625
08:01:01,912810UA4,TSRYS5802849,D,S,C,2024-05-21,1000000.00,4.582295,100.69140625
08:01:01,912810UA4,TSRYS5802849,D,S,C,2024-05-21,1000000.00,4.582295,100.69140625
08:01:01,912810UA4,TSRYS5802849,D,S,C,2024-05-21,1000000.00,4.582534,100.6875
08:01:01,912810UA4,TSRYS5802849,D,B,C,2024-05-21,1000000.00,4.582295,100.69140625
08:01:01,912810UA4,TSRYS5802849,D,S,C,2024-05-21,1000000.00,4.580617,100.71875
08:01:01,912810UA4,TSRYS5802849,D,S,D,2024-05-21,1000000.00,4.579898,100.73046875
08:01:01,912810UA4,TSRYS5802849,D,S,D,2024-05-21,1000000.00,4.584213,100.66015625
08:01:01,912810UA4,TSRYS5802849,D,S,D,2024-05-21,1000000.00,4.583494,100.671875
08:01:01,912810UA4,TSRYS5802849,D,S,D,2024-05-21,1000000.00,4.585173,100.64453125
08:01:01,912810UA4,TSRYS5802849,D,S,D,2024-05-21,1000000.00,4.583973,100.6640625
08:01:01,912810UA4,TSRYS5802849,D,S,D,2024-05-21,1000000.00,4.5787,100.75
08:01:01,912810UA4,TSRYS5802849,D,S,D,2024-05-21,1000000.00,4.575108,100.80859375
08:01:01,912810UA4,TSRYS5802849,D,S,C,2024-05-21,1000000.00,4.576545,100.78515625
08:01:01,912810UA4,TSRYS5802849,D,S,D,2024-05-21,1000000.00,4.5787,100.75
08:01:01,912810UA4,TSRYS5802849,D,B,C,2024-05-21,1000000.00,4.575108,100.80859375
08:01:01,912810UA4,TSRYS5802849,D,S,D,2024-05-21,1000000.00,4.572477,100.8515625
08:01:01,912810UA4,TSRYS5802849,D,B,C,2024-05-21,1000000.00,4.575108,100.80859375
08:01:01,912810UA4,TSRYS5802849,D,S,D,2024-05-21,1000000.00,4.575108,100.80859375
08:01:01,912810UA4,TSRYS5802849,D,S,D,2024-05-21,1000000.00,4.575827,100.796875
08:01:01,912810UA4,TSRYS5802849,D,S,D,2024-05-21,1000000.00,4.573912,100.828125
08:01:01,912810UA4,TSRYS5802849,D,S,D,2024-05-21,1000000.00,4.567695,100.9296875
08:01:01,912810UA4,TSRYS5802849,D,S,D,2024-05-21,1000000.00,4.575827,100.796875
08:01:01,912810UA4,TSRYS5802849,D,S,D,2024-05-21,1000000.00,4.567934,100.92578125
08:01:01,912810UA4,TSRYS5802849,D,S,D,2024-05-21,1000000.00,4.573673,100.83203125
08:01:01,912810UA4,TSRYS5802849,D,S,D,2024-05-21,1000000.00,4.567456,100.93359375
08:01:01,912810UA4,TSRYS5802849,D,S,D,2024-05-21,1000000.00,4.567695,100.9296875
08:01:01,912810UA4,TSRYS5802849,D,B,C,2024-05-21,1000000.00,4.564113,100.98828125
08:01:01,912810UA4,TSRYS5802849,D,B,C,2024-05-21,1000000.00,4.566262,100.953125
08:01:01,912810UA4,TSRYS5802849,D,S,D,2024-05-21,1000000.00,4.567934,100.92578125
08:01:01,912810UA4,TSRYS5802849,D,S,C,2024-05-21,1000000.00,4.566023,100.95703125
08:01:01,912810UA4,TSRYS5802849,D,S,D,2024-05-21,1000000.00,4.566262,100.953125
08:01:02,912810UA4,TSRYS5802849,D,S,C,2024-05-21,1000000.00,4.566501,100.94921875
08:01:02,912810UA4,TSRYS5802849,D,S,D,2024-05-21,1000000.00,4.564113,100.98828125
08:01:02,912810UA4,TSRYS5802849,D,B,C,2024-05-21,1000000.00,4.567456,100.93359375
08:01:02,912810UA4,TSRYS5802849,D,S,D,2024-05-21,1000000.00,4.568651,100.9140625
08:01:02,912810UA4,TSRYS5802849,D,S,C,2024-05-21,1000000.00,4.567456,100.93359375
08:01:02,912810UA4,TSRYS5802849,D,S,D,2024-05-21,1000000.00,4.567456,100.93359375
08:01:02,912810UA4,TSRYS5802849,D,B,C,2024-05-21,1000000.00,4.565784,100.9609375
08:01:02,912810UA4,TSRYS5802849,D,S,C,2024-05-21,1000000.00,4.565784,100.9609375
08:01:02,912810UA4,TSRYS5802849,D,S,D,2024-05-21,1000000.00,4.565784,100.9609375
08:01:02,912810UA4,TSRYS5802849,D,S,D,2024-05-21,1000000.00,4.564829,100.9765625
08:01:02,912810UA4,TSRYS5802849,D,S,D,2024-05-21,1000000.00,4.564829,100.9765625
08:01:02,912810UA4,TSRYS5802849,D,B,C,2024-05-21,1000000.00,4.564829,100.9765625
08:01:02,912810UA4,TSRYS5802849,D,B,C,2024-05-21,1000000.00,4.564829,100.9765625
08:01:02,912810UA4,TSRYS5802849,D,B,C,2024-05-21,1000000.00,4.566979,100.94140625
08:01:02,912810UA4,TSRYS5802849,D,B,C,2024-05-21,1000000.00,4.566979,100.94140625
08:01:02,912810UA4,TSRYS5802849,D,S,D,2024-05-21,1000000.00,4.566979,100.94140625
08:01:02,912810UA4,TSRYS5802849,D,S,D,2024-05-21,1000000.00,4.564829,100.9765625
08:01:02,912810UA4,TSRYS5802849,D,S,D,2024-05-21,1000000.00,4.566979,100.94140625
08:01:02,912810UA4,TSRYS5802849,D,S,C,2024-05-21,1000000.00,4.566979,100.94140625
08:01:02,912810UA4,TSRYS5802849,D,S,D,2024-05-21,1000000.00,4.567456,100.93359375
08:01:02,912810UA4,TSRYS5802849,D,S,C,2024-05-21,1000000.00,4.566979,100.94140625
08:01:02,912810UA4,TSRYS5802849,D,S,D,2024-05-21,1000000.00,4.566501,100.94921875
08:01:02,912810UA4,TSRYS5802849,D,B,C,2024-05-21,1000000.00,4.567695,100.9296875
08:01:02,912810UA4,TSRYS5802849,D,S,D,2024-05-21,1000000.00,4.567695,100.9296875
08:01:02,912810UA4,TSRYS5802849,D,B,C,2024-05-21,1000000.00,4.567934,100.92578125
08:01:02,912810UA4,TSRYS5802849,D,S,D,2024-05-21,1000000.00,4.567934,100.92578125
08:01:02,912810UA4,TSRYS5802849,D,S,T,2024-05-21,1000000.00,4.575833,100.796773
08:01:04,912810UA4,TSRYS5802849,D,B,A,2024-05-21,5000000.00,4.567397,100.934570312
08:01:07,912810UA4,TSRYS5802849,D,B,C,2024-05-21,1500000.00,4.56459,100.98046875
08:01:08,912810UA4,TSRYS5802849,D,B,C,2024-05-21,1000000.00,4.56292,101.0078125
08:01:09,912810UA4,TSRYS5802849,D,S,T,2024-05-21,1000000.00,4.586372,100.625
08:01:09,912810UA4,TSRYS5802849,D,S,D,2024-05-21,1000000.00,4.580617,100.71875
08:01:09,912810UA4,TSRYS5802849,D,S,D,2024-05-21,1000000.00,4.576784,100.78125
08:01:09,912810UA4,TSRYS5802849,D,S,D,2024-05-21,1000000.00,4.586372,100.625
08:01:10,912810UA4,TSRYS5802849,D,S,D,2024-05-21,1000000.00,4.588292,100.59375
08:01:10,912810UA4,TSRYS5802849,D,S,D,2024-05-21,1000000.00,4.586372,100.625
08:01:10,912810UA4,TSRYS5802849,D,S,D,2024-05-21,1000000.00,4.584453,100.65625
08:01:10,912810UA4,TSRYS5802849,D,S,D,2024-05-21,1000000.00,4.582534,100.6875
08:01:10,912810UA4,TSRYS5802849,D,S,D,2024-05-21,1000000.00,4.580617,100.71875
08:01:10,912810UA4,TSRYS5802849,D,S,D,2024-05-21,1000000.00,4.5787,100.75
08:01:10,912810UA4,TSRYS5802849,D,S,D,2024-05-21,1000000.00,4.5787,100.75
08:01:10,912810UA4,TSRYS5802849,D,S,A,2024-05-21,800000.00,4.560534,101.046875
08:01:10,912810UA4,TSRYS5802849,D,S,C,2024-05-21,1000000.00,4.561965,101.0234375
08:01:10,912810UA4,TSRYS5802849,D,S,C,2024-05-21,1000000.00,4.563874,100.9921875
08:01:11,912810UA4,TSRYS5802849,D,S,T,2024-05-21,1000000.00,4.578711,100.749825
08:01:11,912810UA4,TSRYS5802849,D,S,C,2024-05-21,1000000.00,4.564113,100.98828125
08:01:11,912810UA4,TSRYS5802849,D,S,A,2024-05-21,500000.00,4.560534,101.046875
08:01:12,912810UA4,TSRYS5802849,D,S,D,2024-05-21,1000000.00,4.568489,100.9167156
08:01:12,912810UA4,TSRYS5802849,D,S,D,2024-05-21,4000000.00,4.567891,100.9264813
08:01:12,912810UA4,TSRYS5802849,D,S,D,2024-05-21,1000000.00,4.567294,100.9362469
08:01:12,912810UA4,TSRYS5802849,D,S,D,2024-05-21,1000000.00,4.567414,100.9342938
08:01:12,912810UA4,TSRYS5802849,D,S,D,2024-05-21,10000000.00,4.567545,100.9321406
08:01:12,912810UA4,TSRYS5802849,D,S,D,2024-05-21,2000000.00,4.567891,100.9264813
08:01:12,912810UA4,TSRYS5802849,D,S,D,2024-05-21,6000000.00,4.564445,100.9828489
08:01:12,912810UA4,TSRYS5802849,D,S,C,2024-05-21,5000000.00,4.564666,100.979225
08:01:12,912810UA4,TSRYS5802849,D,B,A,2024-05-21,954600.00,4.588773,100.5859375
08:01:13,912810UA4,TSRYS5802849,D,S,C,2024-05-21,2000000.00,4.565784,100.9609375
08:01:14,912810UA4,TSRYS5802849,D,S,C,2024-05-21,1000000.00,4.56459,100.98046875
08:01:14,912810UA4,TSRYS5802849,D,S,D,2024-05-21,1000000.00,4.562442,101.015625
08:01:14,912810UA4,TSRYS5802849,D,B,A,2024-05-21,650000.00,4.566262,100.953125
08:01:14,912810UA4,TSRYS5802849,D,S,C,2024-05-21,2000000.00,4.561726,101.02734375
08:01:15,912810UA4,TSRYS5802849,D,B,C,2024-05-21,1000000.00,4.561249,101.03515625
08:01:15,912810UA4,TSRYS5802849,D,S,D,2024-05-21,1000000.00,4.561249,101.03515625
08:01:15,912810UA4,TSRYS5802849,D,S,D,2024-05-21,1000000.00,4.561488,101.03125
08:01:15,912810UA4,TSRYS5802849,D,S,D,2024-05-21,1000000.00,4.561488,101.03125
08:01:15,912810UA4,TSRYS5802849,D,S,D,2024-05-21,1000000.00,4.560534,101.046875
08:01:15,912810UA4,TSRYS5802849,D,S,T,2024-05-21,1000000.00,4.59118,100.546775
08:01:17,912810UA4,TSRYS5802849,D,S,D,2024-05-21,1500000.00,4.567934,100.92578125
08:01:18,912810UA4,TSRYS5802849,D,S,D,2024-05-21,1000000.00,4.567218,100.9375
08:01:18,912810UA4,TSRYS5802849,D,S,T,2024-05-21,4000000.00,4.567218,100.9375
08:01:19,912810UA4,TSRYS5802849,D,S,C,2024-05-21,1000000.00,4.581576,100.703125
08:01:19,912810UA4,TSRYS5802849,D,S,D,2024-05-21,1000000.00,4.567218,100.9375
08:01:19,912810UA4,TSRYS5802849,D,S,T,2024-05-21,4000000.00,4.567218,100.9375
08:01:19,912810UA4,TSRYS5802849,D,S,D,2024-05-21,1000000.00,4.567218,100.9375
08:01:19,912810UA4,TSRYS5802849,D,S,T,2024-05-21,4000000.00,4.584333,100.658203125
08:01:20,912810UA4,TSRYS5802849,D,S,D,2024-05-21,1000000.00,4.586012,100.63085937
08:01:20,912810UA4,TSRYS5802849,D,S,T,2024-05-21,6000000.00,4.567218,100.9375
08:01:20,912810UA4,TSRYS5802849,D,S,T,2024-05-21,1000000.00,4.585892,100.6328125
08:01:21,912810UA4,TSRYS5802849,D,S,D,2024-05-21,1000000.00,4.585892,100.6328125
08:01:21,912810UA4,TSRYS5802849,D,S,D,2024-05-21,1000000.00,4.584693,100.65234375
08:01:21,912810UA4,TSRYS5802849,D,S,A,2024-05-21,1000000.00,4.566262,100.953125
08:01:21,912810UA4,TSRYS5802849,D,S,D,2024-05-21,1000000.00,4.584573,100.65429687
08:01:22,912810UA4,TSRYS5802849,D,S,D,2024-05-21,1000000.00,4.584573,100.65429687
08:01:22,912810UA4,TSRYS5802849,D,B,C,2024-05-21,1000000.00,4.581576,100.703125
08:01:22,912810UA4,TSRYS5802849,D,S,D,2024-05-21,1000000.00,4.581576,100.703125
08:01:22,912810UA4,TSRYS5802849,D,S,D,2024-05-21,1000000.00,4.581576,100.703125
08:01:22,912810UA4,TSRYS5802849,D,S,C,2024-05-21,1000000.00,4.5787,100.75
08:01:22,912810UA4,TSRYS5802849,D,S,C,2024-05-21,1000000.00,4.5787,100.75
08:01:23,912810UA4,TSRYS5802849,D,S,D,2024-05-21,1000000.00,4.576904,100.779296875
08:01:24,912810UA4,TSRYS5802849,D,S,C,2024-05-21,5000000.00,4.561488,101.03125
08:01:24,912810UA4,TSRYS5802849,D,S,D,2024-05-21,6000000.00,4.58428,100.65907
08:01:25,912810UA4,TSRYS5802849,D,S,T,2024-05-21,1000000.00,4.567218,100.9375
08:01:25,912810UA4,TSRYS5802849,D,S,D,2024-05-21,1000000.00,4.581695,100.70117187
08:01:25,912810UA4,TSRYS5802849,D,S,D,2024-05-21,1000000.00,4.589493,100.57421875
08:01:26,912810UA4,TSRYS5802849,D,S,T,2024-05-21,1000000.00,4.567218,100.9375
08:01:26,912810UA4,TSRYS5802849,D,S,D,2024-05-21,1000000.00,4.582894,100.68164062
08:01:26,912810UA4,TSRYS5802849,D,S,T,2024-05-21,1000000.00,4.588893,100.58398437
08:01:26,912810UA4,TSRYS5802849,D,S,T,2024-05-21,1000000.00,4.576904,100.77929687
08:01:26,912810UA4,TSRYS5802849,D,S,D,2024-05-21,1000000.00,4.576904,100.77929687
08:01:26,912810UA4,TSRYS5802849,D,S,D,2024-05-21,3000000.00,4.576904,100.77929687
08:01:26,912810UA4,TSRYS5802849,D,S,T,2024-05-21,1000000.00,4.573912,100.828125
08:01:26,912810UA4,TSRYS5802849,D,S,D,2024-05-21,1000000.00,4.581336,100.70703125
08:01:26,912810UA4,TSRYS5802849,D,S,D,2024-05-21,1000000.00,4.573912,100.828125
08:01:26,912810UA4,TSRYS5802849,D,S,T,2024-05-21,1000000.00,4.573912,100.828125
08:01:26,912810UA4,TSRYS5802849,D,B,C,2024-05-21,3000000.00,4.584094,100.6621
08:01:26,912810UA4,TSRYS5802849,D,S,T,2024-05-21,1000000.00,4.573912,100.828125
08:01:27,912810UA4,TSRYS5802849,D,S,T,2024-05-21,1000000.00,4.573792,100.83007812
08:01:27,912810UA4,TSRYS5802849,D,S,T,2024-05-21,1000000.00,4.573912,100.828125
08:01:27,912810UA4,TSRYS5802849,D,S,T,2024-05-21,1000000.00,4.573912,100.828125
08:01:27,912810UA4,TSRYS5802849,D,S,T,2024-05-21,1000000.00,4.573912,100.828125
08:01:27,912810UA4,TSRYS5802849,D,S,T,2024-05-21,1000000.00,4.573912,100.828125
08:01:27,912810UA4,TSRYS5802849,D,S,T,2024-05-21,1000000.00,4.573912,100.828125
08:01:27,912810UA4,TSRYS5802849,D,S,T,2024-05-21,1000000.00,4.572716,100.84765625
08:01:27,912810UA4,TSRYS5802849,D,S,T,2024-05-21,1000000.00,4.572716,100.84765625
08:01:27,912810UA4,TSRYS5802849,D,B,C,2024-05-21,12000000.00,4.573879,100.82866
08:01:27,912810UA4,TSRYS5802849,D,S,T,2024-05-21,1000000.00,4.567218,100.9375
08:01:27,912810UA4,TSRYS5802849,D,S,T,2024-05-21,1000000.00,4.567218,100.9375
08:01:28,912810UA4,TSRYS5802849,D,S,T,2024-05-21,1000000.00,4.567218,100.9375
08:01:28,912810UA4,TSRYS5802849,D,S,D,2024-05-21,1000000.00,4.566979,100.94140625
08:01:29,912810UA4,TSRYS5802849,D,S,T,2024-05-21,1000000.00,4.566262,100.953125
08:01:29,912810UA4,TSRYS5802849,D,S,T,2024-05-21,1000000.00,4.567218,100.9375
08:01:29,912810UA4,TSRYS5802849,D,S,T,2024-05-21,1000000.00,4.566023,100.95703125
08:01:29,912810UA4,TSRYS5802849,D,S,T,2024-05-21,1000000.00,4.566023,100.95703125
08:01:29,912810UA4,TSRYS5802849,D,S,T,2024-05-21,2000000.00,4.566023,100.95703125
08:01:29,912810UA4,TSRYS5802849,D,S,T,2024-05-21,1000000.00,4.565784,100.9609375
08:01:29,912810UA4,TSRYS5802849,D,S,T,2024-05-21,1000000.00,4.565784,100.9609375
08:01:29,912810UA4,TSRYS5802849,D,S,T,2024-05-21,1000000.00,4.565784,100.9609375
08:01:29,912810UA4,TSRYS5802849,D,S,T,2024-05-21,1000000.00,4.56459,100.98046875
08:01:29,912810UA4,TSRYS5802849,D,S,T,2024-05-21,1000000.00,4.566023,100.95703125
08:01:29,912810UA4,TSRYS5802849,D,S,T,2024-05-21,1000000.00,4.565784,100.9609375
08:01:29,912810UA4,TSRYS5802849,D,S,D,2024-05-21,1000000.00,4.584573,100.65429687
08:01:29,912810UA4,TSRYS5802849,D,S,T,2024-05-21,1000000.00,4.565784,100.9609375
08:01:29,912810UA4,TSRYS5802849,D,S,T,2024-05-21,1000000.00,4.565784,100.9609375
08:01:29,912810UA4,TSRYS5802849,D,S,T,2024-05-21,1000000.00,4.565665,100.96289062
08:01:29,912810UA4,TSRYS5802849,D,S,T,2024-05-21,1000000.00,4.566023,100.95703125
08:01:29,912810UA4,TSRYS5802849,D,S,T,2024-05-21,1000000.00,4.566023,100.95703125
08:01:29,912810UA4,TSRYS5802849,D,S,T,2024-05-21,1000000.00,4.566023,100.95703125
08:01:29,912810UA4,TSRYS5802849,D,S,T,2024-05-21,2000000.00,4.566023,100.95703125
08:01:29,912810UA4,TSRYS5802849,D,S,T,2024-05-21,1000000.00,4.566023,100.95703125
08:01:29,912810UA4,TSRYS5802849,D,S,T,2024-05-21,1000000.00,4.566023,100.95703125
08:01:29,912810UA4,TSRYS5802849,D,S,T,2024-05-21,1000000.00,4.565784,100.9609375
08:01:29,912810UA4,TSRYS5802849,D,S,T,2024-05-21,2000000.00,4.566023,100.95703125
08:01:29,912810UA4,TSRYS5802849,D,S,T,2024-05-21,1000000.00,4.565784,100.9609375
08:01:29,912810UA4,TSRYS5802849,D,S,T,2024-05-21,1000000.00,4.566023,100.95703125
08:01:29,912810UA4,TSRYS5802849,D,S,T,2024-05-21,2000000.00,4.566023,100.95703125
08:01:29,912810UA4,TSRYS5802849,D,S,T,2024-05-21,1000000.00,4.566023,100.95703125
08:01:29,912810UA4,TSRYS5802849,D,S,T,2024-05-21,1000000.00,4.566023,100.95703125
08:01:29,912810UA4,TSRYS5802849,D,S,D,2024-05-21,2000000.00,4.565784,100.9609375
08:01:29,912810UA4,TSRYS5802849,D,S,T,2024-05-21,1000000.00,4.566023,100.95703125
08:01:29,912810UA4,TSRYS5802849,D,S,T,2024-05-21,1000000.00,4.565784,100.9609375
08:01:29,912810UA4,TSRYS5802849,D,S,D,2024-05-21,1000000.00,4.565784,100.9609375
08:01:29,912810UA4,TSRYS5802849,D,S,T,2024-05-21,1000000.00,4.565665,100.96289062
08:01:29,912810UA4,TSRYS5802849,D,S,T,2024-05-21,1000000.00,4.566023,100.95703125
08:01:29,912810UA4,TSRYS5802849,D,S,T,2024-05-21,1000000.00,4.566023,100.95703125
08:01:29,912810UA4,TSRYS5802849,D,S,D,2024-05-21,1000000.00,4.566023,100.95703125
08:01:29,912810UA4,TSRYS5802849,D,S,T,2024-05-21,2000000.00,4.56459,100.98046875
08:01:30,912810UA4,TSRYS5802849,D,S,T,2024-05-21,1000000.00,4.563158,101.00390625
08:01:30,912810UA4,TSRYS5802849,D,S,T,2024-05-21,1000000.00,4.563158,101.00390625
08:01:30,912810UA4,TSRYS5802849,D,S,T,2024-05-21,1000000.00,4.563158,101.00390625
08:01:30,912810UA4,TSRYS5802849,D,S,T,2024-05-21,1000000.00,4.563158,101.00390625
08:01:30,912810UA4,TSRYS5802849,D,S,T,2024-05-21,1000000.00,4.563397,101.0
08:01:30,912810UA4,TSRYS5802849,D,S,T,2024-05-21,1000000.00,4.563397,101.0
08:01:30,912810UA4,TSRYS5802849,D,S,T,2024-05-21,1000000.00,4.563397,101.0
08:01:30,912810UA4,TSRYS5802849,D,S,T,2024-05-21,1000000.00,4.561726,101.02734375
08:01:30,912810UA4,TSRYS5802849,D,S,D,2024-05-21,2000000.00,4.561726,101.02734375
08:01:30,912810UA4,TSRYS5802849,D,S,T,2024-05-21,1000000.00,4.561726,101.02734375
08:01:30,912810UA4,TSRYS5802849,D,S,T,2024-05-21,1000000.00,4.561726,101.02734375
08:01:30,912810UA4,TSRYS5802849,D,S,T,2024-05-21,1000000.00,4.561488,101.03125
08:01:30,912810UA4,TSRYS5802849,D,S,D,2024-05-21,1000000.00,4.561488,101.03125
08:01:30,912810UA4,TSRYS5802849,D,S,D,2024-05-21,1000000.00,4.561488,101.03125
08:01:30,912810UA4,TSRYS5802849,D,S,T,2024-05-21,1000000.00,4.561726,101.02734375
08:01:30,912810UA4,TSRYS5802849,D,S,T,2024-05-21,1000000.00,4.561726,101.02734375
08:01:30,912810UA4,TSRYS5802849,D,S,D,2024-05-21,1000000.00,4.562442,101.015625
08:01:30,912810UA4,TSRYS5802849,D,S,T,2024-05-21,1000000.00,4.562442,101.015625
08:01:30,912810UA4,TSRYS5802849,D,S,D,2024-05-21,1000000.00,4.562204,101.01953125
08:01:30,912810UA4,TSRYS5802849,D,S,T,2024-05-21,2000000.00,4.56459,100.98046875
08:01:30,912810UA4,TSRYS5802849,D,S,T,2024-05-21,1000000.00,4.564352,100.984375
08:01:30,912810UA4,TSRYS5802849,D,S,T,2024-05-21,1000000.00,4.564352,100.984375
08:01:30,912810UA4,TSRYS5802849,D,S,T,2024-05-21,1000000.00,4.564361,100.984225
08:01:30,912810UA4,TSRYS5802849,D,S,D,2024-05-21,1000000.00,4.583973,100.6640625
08:01:30,912810UA4,TSRYS5802849,D,B,C,2024-05-21,15300000.00,4.566962,100.941679
08:01:30,912810UA4,TSRYS5802849,D,S,D,2024-05-21,1000000.00,4.583973,100.6640625
08:01:30,912810UA4,TSRYS5802849,D,S,D,2024-05-21,1000000.00,4.583973,100.6640625
08:01:30,912810UA4,TSRYS5802849,D,B,C,2024-05-21,1000000.00,4.583494,100.671875
08:01:30,912810UA4,TSRYS5802849,D,B,C,2024-05-21,1000000.00,4.583254,100.67578125
08:01:31,912810UA4,TSRYS5802849,D,S,D,2024-05-21,1000000.00,4.583494,100.671875
08:01:31,912810UA4,TSRYS5802849,D,B,C,2024-05-21,8000000.00,4.582555,100.68717
08:01:31,912810UA4,TSRYS5802849,D,S,D,2024-05-21,1000000.00,4.560772,101.04296875
08:01:31,912810UA4,TSRYS5802849,D,S,D,2024-05-21,1000000.00,4.581336,100.70703125
08:01:31,912810UA4,TSRYS5802849,D,S,T,2024-05-21,1000000.00,4.567218,100.9375
08:01:31,912810UA4,TSRYS5802849,D,S,D,2024-05-21,1000000.00,4.589493,100.57421875
08:01:32,912810UA4,TSRYS5802849,D,S,D,2024-05-21,1000000.00,4.579658,100.734375
08:01:32,912810UA4,TSRYS5802849,D,S,D,2024-05-21,1000000.00,4.579658,100.734375
08:01:32,912810UA4,TSRYS5802849,D,S,D,2024-05-21,1000000.00,4.579658,100.734375
08:01:32,912810UA4,TSRYS5802849,D,S,D,2024-05-21,1000000.00,4.579658,100.734375
08:01:32,912810UA4,TSRYS5802849,D,S,D,2024-05-21,1000000.00,4.579658,100.734375
08:01:32,912810UA4,TSRYS5802849,D,S,D,2024-05-21,1000000.00,4.579658,100.734375
08:01:32,912810UA4,TSRYS5802849,D,S,D,2024-05-21,1000000.00,4.579658,100.734375
08:01:32,912810UA4,TSRYS5802849,D,B,C,2024-05-21,8000000.00,4.579701,100.73368
08:01:32,912810UA4,TSRYS5802849,D,S,D,2024-05-21,1000000.00,4.579658,100.734375
08:01:32,912810UA4,TSRYS5802849,D,S,D,2024-05-21,1000000.00,4.589253,100.578125
08:01:32,912810UA4,TSRYS5802849,D,S,D,2024-05-21,2000000.00,4.567218,100.9375
08:01:33,912810UA4,TSRYS5802849,D,S,T,2024-05-21,1000000.00,4.567098,100.93945313
08:01:33,912810UA4,TSRYS5802849,D,S,T,2024-05-21,1000000.00,4.583502,100.671745
08:01:33,912810UA4,TSRYS5802849,D,S,T,2024-05-21,1000000.00,4.589733,100.5703125
08:01:33,912810UA4,TSRYS5802849,D,S,C,2024-05-21,1000000.00,4.584453,100.65625
08:01:33,912810UA4,TSRYS5802849,D,S,T,2024-05-21,1000000.00,4.576792,100.78112
08:01:33,912810UA4,TSRYS5802849,D,S,T,2024-05-21,1000000.00,4.576792,100.78112
08:01:34,912810UA4,TSRYS5802849,D,S,C,2024-05-21,1000000.00,4.585412,100.640625
08:01:34,912810UA4,TSRYS5802849,D,S,C,2024-05-21,1000000.00,4.585412,100.640625
08:01:34,912810UA4,TSRYS5802849,D,S,D,2024-05-21,8000000.00,4.581691,100.70124
08:01:34,912810UA4,TSRYS5802849,D,S,C,2024-05-21,1000000.00,4.585412,100.640625
08:01:34,912810UA4,TSRYS5802849,D,S,D,2024-05-21,4000000.00,4.583986,100.66386
08:01:34,912810UA4,TSRYS5802849,D,S,D,2024-05-21,1000000.00,4.579898,100.73046875
08:01:34,912810UA4,TSRYS5802849,D,S,D,2024-05-21,1000000.00,4.580617,100.71875
08:01:34,912810UA4,TSRYS5802849,D,S,D,2024-05-21,1000000.00,4.585772,100.63476562
08:01:34,912810UA4,TSRYS5802849,D,B,C,2024-05-21,1000000.00,4.588924,100.58348
08:01:34,912810UA4,TSRYS5802849,D,S,T,2024-05-21,1000000.00,4.567218,100.9375
08:01:35,912810UA4,TSRYS5802849,D,S,D,2024-05-21,2000000.00,4.590178,100.56307
08:01:35,912810UA4,TSRYS5802849,D,B,C,2024-05-21,5000000.00,4.576947,100.7786
08:01:35,912810UA4,TSRYS5802849,D,S,D,2024-05-21,1000000.00,4.576066,100.79296875
08:01:35,912810UA4,TSRYS5802849,D,S,D,2024-05-21,1000000.00,4.576066,100.79296875
08:01:35,912810UA4,TSRYS5802849,D,S,T,2024-05-21,1000000.00,4.567218,100.9375
08:01:35,912810UA4,TSRYS5802849,D,S,D,2024-05-21,1000000.00,4.576066,100.79296875
08:01:35,912810UA4,TSRYS5802849,D,B,C,2024-05-21,3000000.00,4.576109,100.79227
08:01:35,912810UA4,TSRYS5802849,D,S,C,2024-05-21,1000000.00,4.573792,100.83007812
08:01:35,912810UA4,TSRYS5802849,D,S,D,2024-05-21,1000000.00,4.573792,100.83007812
08:01:35,912810UA4,TSRYS5802849,D,S,D,2024-05-21,1000000.00,4.573792,100.83007812
08:01:35,912810UA4,TSRYS5802849,D,B,C,2024-05-21,3000000.00,4.573835,100.82938
08:01:35,912810UA4,TSRYS5802849,D,S,T,2024-05-21,1000000.00,4.58542,100.640495
08:01:36,912810UA4,TSRYS5802849,D,S,T,2024-05-21,1000000.00,4.567218,100.9375
08:01:36,912810UA4,TSRYS5802849,D,S,D,2024-05-21,1000000.00,4.582894,100.68164062
08:01:36,912810UA4,TSRYS5802849,D,S,T,2024-05-21,1000000.00,4.58638,100.62487
08:01:36,912810UA4,TSRYS5802849,D,B,C,2024-05-21,10000000.00,4.586418,100.62426
08:01:36,912810UA4,TSRYS5802849,D,B,C,2024-05-21,1000000.00,4.586252,100.62695312
08:01:36,912810UA4,TSRYS5802849,D,B,C,2024-05-21,1000000.00,4.586132,100.62890625
08:01:36,912810UA4,TSRYS5802849,D,B,C,2024-05-21,1000000.00,4.586252,100.62695312
08:01:37,912810UA4,TSRYS5802849,D,S,T,2024-05-21,1000000.00,4.567218,100.9375
08:01:37,912810UA4,TSRYS5802849,D,B,C,2024-05-21,1000000.00,4.585412,100.640625
08:01:37,912810UA4,TSRYS5802849,D,S,D,2024-05-21,1000000.00,4.585412,100.640625
08:01:37,912810UA4,TSRYS5802849,D,B,C,2024-05-21,1000000.00,4.585412,100.640625
08:01:37,912810UA4,TSRYS5802849,D,S,D,2024-05-21,1000000.00,4.585412,100.640625
08:01:37,912810UA4,TSRYS5802849,D,S,D,2024-05-21,1000000.00,4.585892,100.6328125
08:01:37,912810UA4,TSRYS5802849,D,S,C,2024-05-21,1000000.00,4.584453,100.65625
08:01:37,912810UA4,TSRYS5802849,D,B,C,2024-05-21,1000000.00,4.585412,100.640625
08:01:37,912810UA4,TSRYS5802849,D,S,D,2024-05-21,1000000.00,4.585412,100.640625
08:01:37,912810UA4,TSRYS5802849,D,S,C,2024-05-21,1000000.00,4.588292,100.59375
08:01:37,912810UA4,TSRYS5802849,D,S,D,2024-05-21,1000000.00,4.587332,100.609375
08:01:38,912810UA4,TSRYS5802849,D,S,T,2024-05-21,1000000.00,4.567218,100.9375
08:01:38,912810UA4,TSRYS5802849,D,S,D,2024-05-21,1000000.00,4.586132,100.62890625
08:01:38,912810UA4,TSRYS5802849,D,S,D,2024-05-21,1000000.00,4.586132,100.62890625
08:01:38,912810UA4,TSRYS5802849,D,B,C,2024-05-21,1000000.00,4.586132,100.62890625
08:01:38,912810UA4,TSRYS5802849,D,S,D,2024-05-21,1000000.00,4.586132,100.62890625
08:01:38,912810UA4,TSRYS5802849,D,B,C,2024-05-21,1000000.00,4.586132,100.62890625
08:01:38,912810UA4,TSRYS5802849,D,S,D,2024-05-21,1000000.00,4.586132,100.62890625
08:01:39,912810UA4,TSRYS5802849,D,S,D,2024-05-21,1000000.00,4.586252,100.626953125
08:01:39,912810UA4,TSRYS5802849,D,B,C,2024-05-21,1000000.00,4.589253,100.578125
08:01:39,912810UA4,TSRYS5802849,D,S,C,2024-05-21,1000000.00,4.589253,100.578125
08:01:39,912810UA4,TSRYS5802849,D,S,D,2024-05-21,1000000.00,4.589373,100.576171875
08:01:39,912810UA4,TSRYS5802849,D,S,D,2024-05-21,1000000.00,4.589373,100.576171875
08:01:39,912810UA4,TSRYS5802849,D,S,D,2024-05-21,1000000.00,4.589373,100.576171875
08:01:39,912810UA4,TSRYS5802849,D,S,D,2024-05-21,1000000.00,4.589373,100.576171875
08:01:39,912810UA4,TSRYS5802849,D,B,C,2024-05-21,1000000.00,4.589253,100.578125
08:01:39,912810UA4,TSRYS5802849,D,S,D,2024-05-21,1000000.00,4.589253,100.578125
08:01:39,912810UA4,TSRYS5802849,D,S,T,2024-05-21,1000000.00,4.58638,100.62487
08:01:40,912810UA4,TSRYS5802849,D,S,D,2024-05-21,1000000.00,4.589613,100.572265625
08:01:40,912810UA4,TSRYS5802849,D,S,D,2024-05-21,1000000.00,4.589613,100.572265625
08:01:40,912810UA4,TSRYS5802849,D,S,D,2024-05-21,1000000.00,4.589613,100.572265625
08:01:40,912810UA4,TSRYS5802849,D,S,D,2024-05-21,1000000.00,4.589613,100.572265625
08:01:40,912810UA4,TSRYS5802849,D,S,D,2024-05-21,1000000.00,4.589613,100.572265625
08:01:40,912810UA4,TSRYS5802849,D,S,D,2024-05-21,1000000.00,4.589253,100.578125
08:01:40,912810UA4,TSRYS5802849,D,S,D,2024-05-21,1000000.00,4.589133,100.580078125
08:01:40,912810UA4,TSRYS5802849,D,S,D,2024-05-21,1000000.00,4.588412,100.591796875
08:01:40,912810UA4,TSRYS5802849,D,S,D,2024-05-21,1000000.00,4.588893,100.583984375
08:01:40,912810UA4,TSRYS5802849,D,B,C,2024-05-21,1000000.00,4.588412,100.591796875
08:01:40,912810UA4,TSRYS5802849,D,S,D,2024-05-21,1000000.00,4.588412,100.591796875
08:01:41,912810UA4,TSRYS5802849,D,B,A,2024-05-21,50000000.00,4.588533,100.58984375
08:01:41,912810UA4,TSRYS5802849,D,S,D,2024-05-21,1000000.00,4.578101,100.75976562
08:01:41,912810UA4,TSRYS5802849,D,S,D,2024-05-21,1000000.00,4.578101,100.75976562
08:01:41,912810UA4,TSRYS5802849,D,S,D,2024-05-21,1000000.00,4.576664,100.78320312
08:01:41,912810UA4,TSRYS5802849,D,S,D,2024-05-21,2000000.00,4.588439,100.59136
08:01:41,912810UA4,TSRYS5802849,D,S,D,2024-05-21,1000000.00,4.578101,100.75976562
08:01:42,912810UA4,TSRYS5802849,D,S,T,2024-05-21,1000000.00,4.589253,100.578125
08:01:42,912810UA4,TSRYS5802849,D,S,T,2024-05-21,1000000.00,4.589253,100.578125
08:01:42,912810UA4,TSRYS5802849,D,S,D,2024-05-21,1000000.00,4.576664,100.78320312
08:01:42,912810UA4,TSRYS5802849,D,S,T,2024-05-21,1000000.00,4.576664,100.78320312
08:01:42,912810UA4,TSRYS5802849,D,S,D,2024-05-21,1000000.00,4.576664,100.78320312
08:01:42,912810UA4,TSRYS5802849,D,S,D,2024-05-21,1000000.00,4.575108,100.80859375
08:01:42,912810UA4,TSRYS5802849,D,S,D,2024-05-21,1000000.00,4.575108,100.80859375
08:01:42,912810UA4,TSRYS5802849,D,S,D,2024-05-21,1000000.00,4.575108,100.80859375
08:01:42,912810UA4,TSRYS5802849,D,S,C,2024-05-21,1000000.00,4.573075,100.84179687
08:01:42,912810UA4,TSRYS5802849,D,S,T,2024-05-21,1000000.00,4.589253,100.578125
08:01:42,912810UA4,TSRYS5802849,D,S,C,2024-05-21,1000000.00,4.573194,100.83984375
08:01:42,912810UA4,TSRYS5802849,D,S,T,2024-05-21,1000000.00,4.573194,100.83984375
08:01:42,912810UA4,TSRYS5802849,D,S,C,2024-05-21,1000000.00,4.573314,100.83789062
08:01:42,912810UA4,TSRYS5802849,D,S,T,2024-05-21,1000000.00,4.573314,100.83789062
08:01:42,912810UA4,TSRYS5802849,D,S,D,2024-05-21,1000000.00,4.573433,100.8359375
08:01:42,912810UA4,TSRYS5802849,D,S,D,2024-05-21,300000.00,4.563183,101.00350625
08:01:42,912810UA4,TSRYS5802849,D,S,D,2024-05-21,1000000.00,4.572477,100.8515625
08:01:42,912810UA4,TSRYS5802849,D,S,D,2024-05-21,1000000.00,4.572477,100.8515625
08:01:42,912810UA4,TSRYS5802849,D,S,T,2024-05-21,1000000.00,4.572237,100.85546875
08:01:42,912810UA4,TSRYS5802849,D,S,T,2024-05-21,1000000.00,4.572237,100.85546875
08:01:42,912810UA4,TSRYS5802849,D,S,D,2024-05-21,1000.00,4.564601,100.98046875
08:01:42,912810UA4,TSRYS5802849,D,S,D,2024-05-21,999000.00,4.565079,100.97265625
08:01:42,912810UA4,TSRYS5802849,D,S,D,2024-05-21,1000000.00,4.589733,100.5703125
08:01:43,912810UA4,TSRYS5802849,D,S,C,2024-05-21,3000000.00,4.574168,100.82394
08:01:43,912810UA4,TSRYS5802849,D,S,T,2024-05-21,1000000.00,4.5883,100.59362
08:01:43,912810UA4,TSRYS5802849,D,S,T,2024-05-21,1000000.00,4.58734,100.609245
08:01:43,912810UA4,TSRYS5802849,D,S,D,2024-05-21,1000000.00,4.572835,100.84570312
08:01:43,912810UA4,TSRYS5802849,D,B,C,2024-05-21,1000000.00,4.589133,100.580078125
08:01:43,912810UA4,TSRYS5802849,D,S,D,2024-05-21,1000000.00,4.589133,100.580078125
08:01:43,912810UA4,TSRYS5802849,D,S,D,2024-05-21,1000000.00,4.572835,100.84570312
08:01:43,912810UA4,TSRYS5802849,D,S,D,2024-05-21,1000000.00,4.572835,100.84570312
08:01:43,912810UA4,TSRYS5802849,D,B,C,2024-05-21,1000000.00,4.589133,100.580078125
08:01:43,912810UA4,TSRYS5802849,D,S,D,2024-05-21,1000000.00,4.589133,100.580078125
08:01:43,912810UA4,TSRYS5802849,D,B,C,2024-05-21,1000000.00,4.587332,100.609375
08:01:43,912810UA4,TSRYS5802849,D,S,C,2024-05-21,1000000.00,4.587332,100.609375
08:01:44,912810UA4,TSRYS5802849,D,S,D,2024-05-21,7000000.00,4.572921,100.84431
08:01:44,912810UA4,TSRYS5802849,D,S,T,2024-05-21,1000000.00,4.584461,100.65612
08:01:44,912810UA4,TSRYS5802849,D,S,D,2024-05-21,1000000.00,4.568173,100.921875
08:01:44,912810UA4,TSRYS5802849,D,S,D,2024-05-21,1000000.00,4.567695,100.9296875
08:01:44,912810UA4,TSRYS5802849,D,S,D,2024-05-21,1000000.00,4.567695,100.9296875
08:01:45,912810UA4,TSRYS5802849,D,S,A,2024-05-21,12000.00,4.579888,100.73046875
08:01:45,912810UA4,TSRYS5802849,D,S,T,2024-05-21,1000000.00,4.583502,100.671745
08:01:46,912810UA4,TSRYS5802849,D,S,T,2024-05-21,1000000.00,4.583502,100.671745
08:01:46,912810UA4,TSRYS5802849,D,S,D,2024-05-21,500000.00,4.565546,100.96484375
08:01:46,912810UA4,TSRYS5802849,D,S,T,2024-05-21,1000000.00,4.58542,100.640495
08:01:46,912810UA4,TSRYS5802849,D,S,T,2024-05-21,1000000.00,4.583502,100.671745
08:01:47,912810UA4,TSRYS5802849,D,S,D,2024-05-21,1000000.00,4.584453,100.65625
08:01:47,912810UA4,TSRYS5802849,D,S,D,2024-05-21,1000000.00,4.584453,100.65625
08:01:47,912810UA4,TSRYS5802849,D,B,C,2024-05-21,1000000.00,4.584453,100.65625
08:01:47,912810UA4,TSRYS5802849,D,S,D,2024-05-21,1000000.00,4.584453,100.65625
08:01:47,912810UA4,TSRYS5802849,D,S,T,2024-05-21,1000000.00,4.562448,101.015525
08:01:47,912810UA4,TSRYS5802849,D,S,T,2024-05-21,1000000.00,4.562442,101.015625
08:01:47,912810UA4,TSRYS5802849,D,S,T,2024-05-21,1000000.00,4.562442,101.015625
08:01:47,912810UA4,TSRYS5802849,D,S,D,2024-05-21,1000000.00,4.584333,100.658203125
08:01:47,912810UA4,TSRYS5802849,D,S,D,2024-05-21,1000000.00,4.562442,101.015625
08:01:47,912810UA4,TSRYS5802849,D,S,T,2024-05-21,1000000.00,4.562442,101.015625
08:01:47,912810UA4,TSRYS5802849,D,S,D,2024-05-21,250000.00,4.565307,100.96875
08:01:48,912810UA4,TSRYS5802849,D,S,T,2024-05-21,1000000.00,4.581584,100.702995
08:01:48,912810UA4,TSRYS5802849,D,S,D,2024-05-21,10000000.00,4.567862,100.92697
08:01:48,912810UA4,TSRYS5802849,D,S,D,2024-05-21,6000000.00,4.565303,100.96882
08:01:48,912810UA4,TSRYS5802849,D,S,D,2024-05-21,2000000.00,4.567177,100.93816
08:01:48,912810UA4,TSRYS5802849,D,S,D,2024-05-21,1000000.00,4.565307,100.96875
08:01:48,912810UA4,TSRYS5802849,D,S,D,2024-05-21,1000000.00,4.565784,100.9609375
08:01:48,912810UA4,TSRYS5802849,D,S,D,2024-05-21,1000000.00,4.565784,100.9609375
08:01:48,912810UA4,TSRYS5802849,D,S,D,2024-05-21,1000000.00,4.565784,100.9609375
08:01:48,912810UA4,TSRYS5802849,D,S,D,2024-05-21,1000000.00,4.565784,100.9609375
08:01:48,912810UA4,TSRYS5802849,D,S,D,2024-05-21,1000000.00,4.565784,100.9609375
08:01:48,912810UA4,TSRYS5802849,D,S,D,2024-05-21,1000000.00,4.565784,100.9609375
08:01:48,912810UA4,TSRYS5802849,D,S,D,2024-05-21,1000000.00,4.565784,100.9609375
08:01:48,912810UA4,TSRYS5802849,D,S,D,2024-05-21,1000000.00,4.565784,100.9609375
08:01:48,912810UA4,TSRYS5802849,D,S,D,2024-05-21,1000000.00,4.565426,100.96679687
08:01:48,912810UA4,TSRYS5802849,D,S,D,2024-05-21,1000000.00,4.565426,100.96679687
08:01:48,912810UA4,TSRYS5802849,D,B,C,2024-05-21,1000000.00,4.563516,100.99804687
08:01:49,912810UA4,TSRYS5802849,D,B,C,2024-05-21,1000000.00,4.563397,101.0
08:01:49,912810UA4,TSRYS5802849,D,S,D,2024-05-21,1000000.00,4.584453,100.65625
08:01:49,912810UA4,TSRYS5802849,D,B,C,2024-05-21,1000000.00,4.563158,101.00390625
08:01:49,912810UA4,TSRYS5802849,D,B,C,2024-05-21,1000000.00,4.562204,101.01953125
08:01:49,912810UA4,TSRYS5802849,D,B,C,2024-05-21,1000000.00,4.562084,101.02148437
08:01:49,912810UA4,TSRYS5802849,D,S,A,2024-05-21,1000000.00,4.580377,100.72265625
08:01:49,912810UA4,TSRYS5802849,D,S,D,2024-05-21,2000000.00,4.560534,101.046875
08:01:49,912810UA4,TSRYS5802849,D,S,D,2024-05-21,1000000.00,4.584453,100.65625
08:01:49,912810UA4,TSRYS5802849,D,S,T,2024-05-21,3000000.00,4.562456,101.015398
08:01:49,912810UA4,TSRYS5802849,D,S,D,2024-05-21,1000000.00,4.583014,100.6796875
08:01:49,912810UA4,TSRYS5802849,D,B,A,2024-05-21,3000000.00,4.562456,101.015398
08:01:50,912810UA4,TSRYS5802849,D,B,C,2024-05-21,1000000.00,4.567218,100.9375
08:01:50,912810UA4,TSRYS5802849,D,B,C,2024-05-21,1000000.00,4.567218,100.9375
08:01:50,912810UA4,TSRYS5802849,D,B,C,2024-05-21,1000000.00,4.567218,100.9375
08:01:50,912810UA4,TSRYS5802849,D,S,D,2024-05-21,21000000.00,4.56421,100.9867
08:01:50,912810UA4,TSRYS5802849,D,S,D,2024-05-21,4000000.00,4.567389,100.9347
08:01:50,912810UA4,TSRYS5802849,D,S,D,2024-05-21,1000000.00,4.566979,100.94140625
08:01:51,912810UA4,TSRYS5802849,D,S,D,2024-05-21,1000000.00,4.567815,100.92773437
08:01:51,912810UA4,TSRYS5802849,D,S,D,2024-05-21,1000000.00,4.568054,100.92382812
08:01:51,912810UA4,TSRYS5802849,D,S,D,2024-05-21,1000000.00,4.568054,100.92382812
08:01:51,912810UA4,TSRYS5802849,D,S,C,2024-05-21,1000000.00,4.568054,100.92382812
08:01:51,912810UA4,TSRYS5802849,D,S,C,2024-05-21,1000000.00,4.568054,100.92382812
08:01:51,912810UA4,TSRYS5802849,D,S,D,2024-05-21,1000000.00,4.568054,100.92382812
08:01:51,912810UA4,TSRYS5802849,D,S,D,2024-05-21,1000000.00,4.58066,100.71805
08:01:51,912810UA4,TSRYS5802849,D,S,D,2024-05-21,1000000.00,4.568054,100.92382812
08:01:51,912810UA4,TSRYS5802849,D,S,D,2024-05-21,1000000.00,4.578743,100.7493
08:01:51,912810UA4,TSRYS5802849,D,S,T,2024-05-21,1000000.00,4.564352,100.984375
08:01:51,912810UA4,TSRYS5802849,D,S,D,2024-05-21,1000000.00,4.576827,100.78055
08:01:51,912810UA4,TSRYS5802849,D,S,T,2024-05-21,1000000.00,4.564361,100.984225
08:01:51,912810UA4,TSRYS5802849,D,S,D,2024-05-21,1000000.00,4.588335,100.59305
08:01:51,912810UA4,TSRYS5802849,D,S,D,2024-05-21,1000000.00,4.586415,100.6243
08:01:51,912810UA4,TSRYS5802849,D,S,D,2024-05-21,1000000.00,4.584496,100.65555
08:01:51,912810UA4,TSRYS5802849,D,S,D,2024-05-21,1000000.00,4.578743,100.7493
08:01:51,912810UA4,TSRYS5802849,D,S,D,2024-05-21,1000000.00,4.582577,100.6868
08:01:51,912810UA4,TSRYS5802849,D,S,D,2024-05-21,1000000.00,4.58066,100.71805
08:01:51,912810UA4,TSRYS5802849,D,S,D,2024-05-21,1000000.00,4.586415,100.6243
08:01:51,912810UA4,TSRYS5802849,D,S,D,2024-05-21,1000000.00,4.578743,100.7493
08:01:51,912810UA4,TSRYS5802849,D,S,D,2024-05-21,1000000.00,4.568054,100.92382812
08:01:51,912810UA4,TSRYS5802849,D,B,C,2024-05-21,1000000.00,4.566501,100.94921
08:01:51,912810UA4,TSRYS5802849,D,S,D,2024-05-21,2457000.00,4.564043,100.98942387675
08:01:51,912810UA4,TSRYS5802849,D,S,D,2024-05-21,1000000.00,4.568054,100.92382812
08:01:51,912810UA4,TSRYS5802849,D,S,T,2024-05-21,1000000.00,4.568054,100.92382812
08:01:51,912810UA4,TSRYS5802849,D,S,T,2024-05-21,1000000.00,4.568054,100.92382812
08:01:51,912810UA4,TSRYS5802849,D,S,T,2024-05-21,1000000.00,4.568054,100.92382812
08:01:51,912810UA4,TSRYS5802849,D,S,C,2024-05-21,1000000.00,4.568054,100.92382812
08:01:52,912810UA4,TSRYS5802849,D,B,C,2024-05-21,1000000.00,4.567098,100.93945312
08:01:52,912810UA4,TSRYS5802849,D,S,C,2024-05-21,1000000.00,4.567815,100.92773437
08:01:52,912810UA4,TSRYS5802849,D,S,C,2024-05-21,1000000.00,4.566979,100.94140625
08:01:52,912810UA4,TSRYS5802849,D,S,C,2024-05-21,35000000.00,4.58669,100.61982
08:01:52,912810UA4,TSRYS5802849,D,B,A,2024-05-21,37000.00,4.585412,100.640625
08:01:52,912810UA4,TSRYS5802849,D,B,C,2024-05-21,15000000.00,4.567928,100.92588
08:01:52,912810UA4,TSRYS5802849,D,S,D,2024-05-21,2000000.00,4.589355,100.57646
08:01:53,912810UA4,TSRYS5802849,D,S,T,2024-05-21,1000000.00,4.584461,100.65612
08:01:53,912810UA4,TSRYS5802849,D,S,A,2024-05-21,26000.00,4.583254,100.67578125
08:01:53,912810UA4,TSRYS5802849,D,B,C,2024-05-21,1000000.00,4.562204,101.01953125
08:01:54,912810UA4,TSRYS5802849,D,S,D,2024-05-21,12000000.00,4.563808,100.99327
08:01:54,912810UA4,TSRYS5802849,D,S,D,2024-05-21,1000000.00,4.582534,100.6875
08:01:54,912810UA4,TSRYS5802849,D,S,D,2024-05-21,1000000.00,4.583254,100.67578125
08:01:54,912810UA4,TSRYS5802849,D,S,D,2024-05-21,1000000.00,4.584333,100.658203125
08:01:54,912810UA4,TSRYS5802849,D,S,D,2024-05-21,3000000.00,4.584333,100.658203125
08:01:54,912810UA4,TSRYS5802849,D,B,A,2024-05-21,4000000.00,4.580881,100.71444375
08:01:54,912810UA4,TSRYS5802849,D,S,T,2024-05-21,1000000.00,4.581584,100.702995
08:01:54,912810UA4,TSRYS5802849,D,S,T,2024-05-21,1000000.00,4.581584,100.702995
08:01:54,912810UA4,TSRYS5802849,D,S,T,2024-05-21,1000000.00,4.581584,100.702995
08:01:54,912810UA4,TSRYS5802849,D,S,D,2024-05-21,1500000.00,4.562442,101.015625
08:01:54,912810UA4,TSRYS5802849,D,S,D,2024-05-21,1000000.00,4.561369,101.03320312
08:01:54,912810UA4,TSRYS5802849,D,S,D,2024-05-21,1000000.00,4.583494,100.671875
08:01:54,912810UA4,TSRYS5802849,D,S,D,2024-05-21,1000000.00,4.583014,100.6796875
08:01:54,912810UA4,TSRYS5802849,D,B,C,2024-05-21,1000000.00,4.583254,100.67578125
08:01:54,912810UA4,TSRYS5802849,D,S,D,2024-05-21,1000000.00,4.583254,100.67578125
08:01:55,912810UA4,TSRYS5802849,D,S,D,2024-05-21,1000000.00,4.582534,100.6875
08:01:55,912810UA4,TSRYS5802849,D,S,D,2024-05-21,1000000.00,4.581935,100.697265625
08:01:55,912810UA4,TSRYS5802849,D,S,T,2024-05-21,1000000.00,4.588292,100.59375
08:01:55,912810UA4,TSRYS5802849,D,S,T,2024-05-21,1000000.00,4.588292,100.59375
08:01:55,912810UA4,TSRYS5802849,D,S,D,2024-05-21,1000000.00,4.564471,100.98242187
08:01:56,912810UA4,TSRYS5802849,D,S,T,2024-05-21,1000000.00,4.579658,100.734375
08:01:56,912810UA4,TSRYS5802849,D,S,T,2024-05-21,1000000.00,4.588292,100.59375
08:01:56,912810UA4,TSRYS5802849,D,B,C,2024-05-21,4000000.00,4.580881,100.71444375
08:01:57,912810UA4,TSRYS5802849,D,S,T,2024-05-21,1000000.00,4.588292,100.59375
08:01:57,912810UA4,TSRYS5802849,D,S,T,2024-05-21,1000000.00,4.588292,100.59375
08:01:57,912810UA4,TSRYS5802849,D,S,T,2024-05-21,1000000.00,4.579658,100.734375
08:01:57,912810UA4,TSRYS5802849,D,S,T,2024-05-21,1000000.00,4.579658,100.734375
08:01:57,912810UA4,TSRYS5802849,D,S,T,2024-05-21,1000000.00,4.581576,100.703125
08:02:00,912810UA4,TSRYS5802849,D,S,T,2024-05-21,1000000.00,4.574877,100.81237
08:02:00,912810UA4,TSRYS5802849,D,S,D,2024-05-21,1000000.00,4.583254,100.67578125
08:02:01,912810UA4,TSRYS5802849,D,S,T,2024-05-21,1000000.00,4.569129,100.90625
08:02:02,912810UA4,TSRYS5802849,D,S,D,2024-05-21,2000000.00,4.585772,100.634765625
08:02:03,912810UA4,TSRYS5802849,D,S,T,2024-05-21,1000000.00,4.579658,100.734375
08:02:03,912810UA4,TSRYS5802849,D,S,T,2024-05-21,1000000.00,4.581576,100.703125
08:02:03,912810UA4,TSRYS5802849,D,S,T,2024-05-21,1000000.00,4.588292,100.59375
08:02:03,912810UA4,TSRYS5802849,D,S,T,2024-05-21,1000000.00,4.584453,100.65625
08:02:03,912810UA4,TSRYS5802849,D,S,T,2024-05-21,1000000.00,4.588292,100.59375
08:02:03,912810UA4,TSRYS5802849,D,S,D,2024-05-21,250000.00,4.56674,100.9453125
08:02:03,912810UA4,TSRYS5802849,D,S,C,2024-05-21,1000000.00,4.579648,100.73455
08:02:03,912810UA4,TSRYS5802849,D,S,C,2024-05-21,1000000.00,4.579648,100.73455
08:02:03,912810UA4,TSRYS5802849,D,S,D,2024-05-21,1000000.00,4.579658,100.734375
08:02:03,912810UA4,TSRYS5802849,D,S,C,2024-05-21,1000000.00,4.579658,100.734375
08:02:03,912810UA4,TSRYS5802849,D,S,D,2024-05-21,1000000.00,4.579658,100.734375
08:02:03,912810UA4,TSRYS5802849,D,B,C,2024-05-21,1000000.00,4.580629,100.71855
08:02:03,912810UA4,TSRYS5802849,D,S,C,2024-05-21,1000000.00,4.580617,100.71875
08:02:03,912810UA4,TSRYS5802849,D,B,C,2024-05-21,1000000.00,4.580629,100.71855
08:02:03,912810UA4,TSRYS5802849,D,S,C,2024-05-21,1000000.00,4.580602,100.719
08:02:03,912810UA4,TSRYS5802849,D,S,C,2024-05-21,1000000.00,4.581576,100.703125
08:02:03,912810UA4,TSRYS5802849,D,S,C,2024-05-21,1000000.00,4.581565,100.7033
08:02:03,912810UA4,TSRYS5802849,D,B,C,2024-05-21,1000000.00,4.583494,100.671875
08:02:03,912810UA4,TSRYS5802849,D,B,C,2024-05-21,1000000.00,4.581576,100.703125
08:02:03,912810UA4,TSRYS5802849,D,S,T,2024-05-21,1000000.00,4.584453,100.65625
08:02:03,912810UA4,TSRYS5802849,D,S,D,2024-05-21,1000000.00,4.583494,100.671875
08:02:04,912810UA4,TSRYS5802849,D,S,C,2024-05-21,1000000.00,4.584453,100.65625
08:02:04,912810UA4,TSRYS5802849,D,B,C,2024-05-21,1000000.00,4.584468,100.656
08:02:04,912810UA4,TSRYS5802849,D,S,C,2024-05-21,1000000.00,4.583494,100.671875
08:02:04,912810UA4,TSRYS5802849,D,S,C,2024-05-21,1000000.00,4.583494,100.671875
08:02:04,912810UA4,TSRYS5802849,D,B,C,2024-05-21,1000000.00,4.583506,100.671675
08:02:04,912810UA4,TSRYS5802849,D,S,T,2024-05-21,1000000.00,4.589253,100.578125
08:02:04,912810UA4,TSRYS5802849,D,B,C,2024-05-21,1000000.00,4.58255,100.68725
08:02:04,912810UA4,TSRYS5802849,D,S,C,2024-05-21,1000000.00,4.582534,100.6875
08:02:04,912810UA4,TSRYS5802849,D,B,C,2024-05-21,2000000.00,4.581588,100.702925
08:02:04,912810UA4,TSRYS5802849,D,S,D,2024-05-21,2000000.00,4.581576,100.703125
08:02:04,912810UA4,TSRYS5802849,D,S,C,2024-05-21,1000000.00,4.580617,100.71875
08:02:04,912810UA4,TSRYS5802849,D,B,C,2024-05-21,1000000.00,4.580632,100.7185
08:02:04,912810UA4,TSRYS5802849,D,B,C,2024-05-21,1000000.00,4.581576,100.703125
08:02:04,912810UA4,TSRYS5802849,D,S,D,2024-05-21,1000000.00,4.581576,100.703125
08:02:04,912810UA4,TSRYS5802849,D,S,T,2024-05-21,1000000.00,4.588292,100.59375
08:02:04,912810UA4,TSRYS5802849,D,S,D,2024-05-21,1000000.00,4.584213,100.66015625
08:02:04,912810UA4,TSRYS5802849,D,S,T,2024-05-21,1000000.00,4.588292,100.59375
08:02:04,912810UA4,TSRYS5802849,D,S,A,2024-05-21,8000000.00,4.576545,100.78515625
08:02:04,912810UA4,TSRYS5802849,D,S,T,2024-05-21,1000000.00,4.588292,100.59375
08:02:04,912810UA4,TSRYS5802849,D,S,D,2024-05-21,1000000.00,4.580617,100.71875
08:02:04,912810UA4,TSRYS5802849,D,S,C,2024-05-21,1000000.00,4.576784,100.78125
08:02:04,912810UA4,TSRYS5802849,D,S,C,2024-05-21,1000000.00,4.576778,100.78135
08:02:05,912810UA4,TSRYS5802849,D,B,C,2024-05-21,1000000.00,4.577742,100.765625
08:02:05,912810UA4,TSRYS5802849,D,S,D,2024-05-21,1000000.00,4.577742,100.765625
08:02:05,912810UA4,TSRYS5802849,D,S,T,2024-05-21,1000000.00,4.588292,100.59375
08:02:05,912810UA4,TSRYS5802849,D,S,T,2024-05-21,3000000.00,4.588292,100.59375
08:02:05,912810UA4,TSRYS5802849,D,S,T,2024-05-21,1000000.00,4.588292,100.59375
08:02:05,912810UA4,TSRYS5802849,D,S,T,2024-05-21,1000000.00,4.588292,100.59375
08:02:05,912810UA4,TSRYS5802849,D,S,D,2024-05-21,1000000.00,4.584933,100.6484375
08:02:06,912810UA4,TSRYS5802849,D,S,T,2024-05-21,1000000.00,4.564352,100.984375
08:02:06,912810UA4,TSRYS5802849,D,S,T,2024-05-21,1000000.00,4.564352,100.984375
08:02:07,912810UA4,TSRYS5802849,D,S,T,2024-05-21,1000000.00,4.584453,100.65625
08:02:07,912810UA4,TSRYS5802849,D,S,D,2024-05-21,1000000.00,4.579658,100.734375
08:02:08,912810UA4,TSRYS5802849,D,S,C,2024-05-21,1000000.00,4.585394,100.640925
08:02:08,912810UA4,TSRYS5802849,D,S,C,2024-05-21,1000000.00,4.585412,100.640625
08:02:09,912810UA4,TSRYS5802849,D,S,A,2024-05-21,8000000.00,4.576305,100.7890625
08:02:09,912810UA4,TSRYS5802849,D,S,C,2024-05-21,1000000.00,4.586372,100.625
08:02:10,912810UA4,TSRYS5802849,D,B,C,2024-05-21,1000000.00,4.586388,100.62475
08:02:10,912810UA4,TSRYS5802849,D,S,C,2024-05-21,1000000.00,4.586372,100.625
08:02:11,912810UA4,TSRYS5802849,D,S,A,2024-05-21,3000000.00,4.576305,100.7890625
08:02:12,912810UA4,TSRYS5802849,D,S,T,2024-05-21,1000000.00,4.573912,100.828125
08:02:12,912810UA4,TSRYS5802849,D,S,T,2024-05-21,1000000.00,4.57105,100.87487
08:02:13,912810UA4,TSRYS5802849,D,S,T,2024-05-21,1000000.00,4.572963,100.84362
08:02:13,912810UA4,TSRYS5802849,D,S,T,2024-05-21,1000000.00,4.57392,100.827995
08:02:13,912810UA4,TSRYS5802849,D,S,T,2024-05-21,2000000.00,4.584453,100.65625
08:02:14,912810UA4,TSRYS5802849,D,S,C,2024-05-21,250000.00,4.574869,100.8125
08:02:15,912810UA4,TSRYS5802849,D,B,C,2024-05-21,11000000.00,4.575827,100.796875
08:02:15,912810UA4,TSRYS5802849,D,S,D,2024-05-21,1000000.00,4.575827,100.796875
08:02:15,912810UA4,TSRYS5802849,D,B,C,2024-05-21,1000000.00,4.575827,100.796875
08:02:15,912810UA4,TSRYS5802849,D,S,D,2024-05-21,1000000.00,4.575827,100.796875
08:02:15,912810UA4,TSRYS5802849,D,B,C,2024-05-21,1000000.00,4.575827,100.796875
08:02:15,912810UA4,TSRYS5802849,D,S,D,2024-05-21,1000000.00,4.575827,100.796875
08:02:15,912810UA4,TSRYS5802849,D,S,D,2024-05-21,1000000.00,4.575827,100.796875
08:02:16,912810UA4,TSRYS5802849,D,S,C,2024-05-21,200000.00,4.567695,100.9296875
08:02:16,912810UA4,TSRYS5802849,D,B,C,2024-05-21,3000000.00,4.564113,100.98828125
08:02:16,912810UA4,TSRYS5802849,D,S,C,2024-05-21,3000000.00,4.564112,100.98829
08:02:18,912810UA4,TSRYS5802849,D,S,T,2024-05-21,1000000.00,4.564352,100.984375
08:02:19,912810UA4,TSRYS5802849,D,S,T,2024-05-21,1000000.00,4.565307,100.96875
08:02:19,912810UA4,TSRYS5802849,D,S,D,2024-05-21,1500000.00,4.562442,101.015625
08:02:19,912810UA4,TSRYS5802849,D,S,T,2024-05-21,1000000.00,4.562562,101.013671875
08:02:19,912810UA4,TSRYS5802849,D,S,T,2024-05-21,1000000.00,4.566262,100.953125
08:02:19,912810UA4,TSRYS5802849,D,S,T,2024-05-21,1000000.00,4.565307,100.96875
08:02:20,912810UA4,TSRYS5802849,D,B,C,2024-05-21,144000.00,4.580377,100.72265625
08:02:21,912810UA4,TSRYS5802849,D,S,A,2024-05-21,5000000.00,4.583254,100.67578125
08:02:21,912810UA4,TSRYS5802849,D,B,A,2024-05-21,13000000.00,4.584213,100.66015625
08:02:21,912810UA4,TSRYS5802849,D,B,A,2024-05-21,5000000.00,4.588052,100.59765625
08:02:21,912810UA4,TSRYS5802849,D,B,A,2024-05-21,5000000.00,4.585173,100.64453125
08:02:21,912810UA4,TSRYS5802849,D,S,D,2024-05-21,4000000.00,4.584376,100.6575031
08:02:21,912810UA4,TSRYS5802849,D,B,A,2024-05-21,3310000.00,4.5787,100.75
08:02:21,912810UA4,TSRYS5802849,D,S,T,2024-05-21,1000000.00,4.576784,100.78125
08:02:21,912810UA4,TSRYS5802849,D,S,T,2024-05-21,1000000.00,4.577503,100.76953125
08:02:21,912810UA4,TSRYS5802849,D,S,T,2024-05-21,1000000.00,4.577383,100.771484375
08:02:21,912810UA4,TSRYS5802849,D,S,T,2024-05-21,1000000.00,4.577503,100.76953125
08:02:21,912810UA4,TSRYS5802849,D,S,C,2024-05-21,6000000.00,4.575487,100.80241
08:02:21,912810UA4,TSRYS5802849,D,S,T,2024-05-21,1000000.00,4.563278,101.001953125
08:02:21,912810UA4,TSRYS5802849,D,S,T,2024-05-21,1000000.00,4.563278,101.001953125
08:02:21,912810UA4,TSRYS5802849,D,S,T,2024-05-21,1000000.00,4.563278,101.001953125
08:02:21,912810UA4,TSRYS5802849,D,S,T,2024-05-21,1000000.00,4.563278,101.001953125
08:02:21,912810UA4,TSRYS5802849,D,S,T,2024-05-21,1000000.00,4.563278,101.001953125
08:02:21,912810UA4,TSRYS5802849,D,S,T,2024-05-21,1000000.00,4.563278,101.001953125
08:02:21,912810UA4,TSRYS5802849,D,S,T,2024-05-21,1000000.00,4.563278,101.001953125
08:02:21,912810UA4,TSRYS5802849,D,S,T,2024-05-21,1000000.00,4.563278,101.001953125
08:02:21,912810UA4,TSRYS5802849,D,S,T,2024-05-21,1000000.00,4.564352,100.984375
08:02:21,912810UA4,TSRYS5802849,D,S,T,2024-05-21,1000000.00,4.563874,100.9921875
08:02:21,912810UA4,TSRYS5802849,D,S,T,2024-05-21,1000000.00,4.564352,100.984375
08:02:21,912810UA4,TSRYS5802849,D,S,T,2024-05-21,1000000.00,4.564352,100.984375
08:02:21,912810UA4,TSRYS5802849,D,S,T,2024-05-21,1000000.00,4.564232,100.986328125
08:02:21,912810UA4,TSRYS5802849,D,S,T,2024-05-21,1000000.00,4.563994,100.990234375
08:02:21,912810UA4,TSRYS5802849,D,S,T,2024-05-21,1000000.00,4.564232,100.986328125
08:02:21,912810UA4,TSRYS5802849,D,S,T,2024-05-21,1000000.00,4.564232,100.986328125
08:02:21,912810UA4,TSRYS5802849,D,S,T,2024-05-21,1000000.00,4.564232,100.986328125
08:02:21,912810UA4,TSRYS5802849,D,S,T,2024-05-21,1000000.00,4.564232,100.986328125
08:02:21,912810UA4,TSRYS5802849,D,S,T,2024-05-21,1000000.00,4.564352,100.984375
08:02:21,912810UA4,TSRYS5802849,D,S,T,2024-05-21,1000000.00,4.564352,100.984375
08:02:21,912810UA4,TSRYS5802849,D,S,T,2024-05-21,1000000.00,4.564352,100.984375
08:02:21,912810UA4,TSRYS5802849,D,S,T,2024-05-21,1000000.00,4.564232,100.986328125
08:02:21,912810UA4,TSRYS5802849,D,S,T,2024-05-21,1000000.00,4.564352,100.984375
08:02:21,912810UA4,TSRYS5802849,D,S,C,2024-05-21,30579000.00,4.567193,100.9379
08:02:22,912810UA4,TSRYS5802849,D,B,C,2024-05-21,14000000.00,4.567232,100.93726
08:02:22,912810UA4,TSRYS5802849,D,S,T,2024-05-21,1000000.00,4.566979,100.94140625
08:02:22,912810UA4,TSRYS5802849,D,S,T,2024-05-21,1000000.00,4.566262,100.953125
08:02:22,912810UA4,TSRYS5802849,D,S,T,2024-05-21,1000000.00,4.566262,100.953125
08:02:22,912810UA4,TSRYS5802849,D,S,T,2024-05-21,1000000.00,4.565307,100.96875
08:02:22,912810UA4,TSRYS5802849,D,S,D,2024-05-21,1500000.00,4.565068,100.97265625
08:02:22,912810UA4,TSRYS5802849,D,B,C,2024-05-21,6000000.00,4.564605,100.98023
08:02:22,912810UA4,TSRYS5802849,D,S,C,2024-05-21,7675000.00,4.565307,100.96875
08:02:22,912810UA4,TSRYS5802849,D,S,T,2024-05-21,1000000.00,4.564352,100.984375
08:02:22,912810UA4,TSRYS5802849,D,S,C,2024-05-21,1000000.00,4.588277,100.594
08:02:22,912810UA4,TSRYS5802849,D,S,C,2024-05-21,1000000.00,4.58828,100.59395
08:02:22,912810UA4,TSRYS5802849,D,B,C,2024-05-21,1000000.00,4.588302,100.5936
08:02:22,912810UA4,TSRYS5802849,D,S,D,2024-05-21,1000000.00,4.576066,100.79296875
08:02:23,912810UA4,TSRYS5802849,D,B,C,2024-05-21,1000000.00,4.576066,100.79296875
08:02:23,912810UA4,TSRYS5802849,D,B,C,2024-05-21,1000000.00,4.588302,100.5936
08:02:23,912810UA4,TSRYS5802849,D,S,D,2024-05-21,3000000.00,4.567912,100.92615
08:02:24,912810UA4,TSRYS5802849,D,S,T,2024-05-21,1000000.00,4.566262,100.953125
08:02:24,912810UA4,TSRYS5802849,D,B,C,2024-05-21,1000000.00,4.586388,100.62475
08:02:24,912810UA4,TSRYS5802849,D,S,C,2024-05-21,1000000.00,4.586372,100.625
08:02:24,912810UA4,TSRYS5802849,D,S,C,2024-05-21,1000000.00,4.583494,100.671875
08:02:24,912810UA4,TSRYS5802849,D,B,C,2024-05-21,1000000.00,4.583494,100.671875
08:02:24,912810UA4,TSRYS5802849,D,S,D,2024-05-21,2000000.00,4.583494,100.671875
08:02:24,912810UA4,TSRYS5802849,D,S,D,2024-05-21,1000000.00,4.583494,100.671875
08:02:24,912810UA4,TSRYS5802849,D,S,D,2024-05-21,1000000.00,4.583494,100.671875
08:02:24,912810UA4,TSRYS5802849,D,B,C,2024-05-21,2000000.00,4.583494,100.671875
08:02:24,912810UA4,TSRYS5802849,D,S,C,2024-05-21,1000000.00,4.584434,100.65655
08:02:24,912810UA4,TSRYS5802849,D,B,C,2024-05-21,1000000.00,4.583494,100.671875
08:02:24,912810UA4,TSRYS5802849,D,S,C,2024-05-21,1000000.00,4.584434,100.65655
08:02:24,912810UA4,TSRYS5802849,D,S,C,2024-05-21,1000000.00,4.585397,100.640875
08:02:24,912810UA4,TSRYS5802849,D,S,C,2024-05-21,1000000.00,4.5854,100.640825
08:02:24,912810UA4,TSRYS5802849,D,S,D,2024-05-21,3000000.00,4.585412,100.640625
08:02:24,912810UA4,TSRYS5802849,D,S,C,2024-05-21,1000000.00,4.584453,100.65625
08:02:24,912810UA4,TSRYS5802849,D,S,D,2024-05-21,1000000.00,4.584453,100.65625
08:02:24,912810UA4,TSRYS5802849,D,S,D,2024-05-21,1000000.00,4.585412,100.640625
08:02:25,912810UA4,TSRYS5802849,D,B,C,2024-05-21,1000000.00,4.587345,100.609175
08:02:25,912810UA4,TSRYS5802849,D,S,C,2024-05-21,1000000.00,4.587314,100.609675
08:02:25,912810UA4,TSRYS5802849,D,S,C,2024-05-21,1000000.00,4.587314,100.609675
08:02:25,912810UA4,TSRYS5802849,D,B,C,2024-05-21,1000000.00,4.587345,100.609175
08:02:25,912810UA4,TSRYS5802849,D,S,C,2024-05-21,1000000.00,4.587332,100.609375
08:02:25,912810UA4,TSRYS5802849,D,B,C,2024-05-21,1000000.00,4.587348,100.609125
08:02:26,912810UA4,TSRYS5802849,D,S,D,2024-05-21,1000000.00,4.587332,100.609375
08:02:26,912810UA4,TSRYS5802849,D,S,D,2024-05-21,1000000.00,4.587332,100.609375
08:02:26,912810UA4,TSRYS5802849,D,S,D,2024-05-21,1000000.00,4.587332,100.609375
08:02:26,912810UA4,TSRYS5802849,D,S,C,2024-05-21,1000000.00,4.588292,100.59375
08:02:26,912810UA4,TSRYS5802849,D,B,C,2024-05-21,1000000.00,4.588308,100.5935
08:02:26,912810UA4,TSRYS5802849,D,S,C,2024-05-21,1000000.00,4.588292,100.59375
08:02:26,912810UA4,TSRYS5802849,D,S,D,2024-05-21,1000000.00,4.587323,100.609527
08:02:26,912810UA4,TSRYS5802849,D,S,D,2024-05-21,1000000.00,4.587323,100.609527
08:02:26,912810UA4,TSRYS5802849,D,B,C,2024-05-21,1000000.00,4.587348,100.609125
08:02:26,912810UA4,TSRYS5802849,D,B,C,2024-05-21,1000000.00,4.587332,100.609375
08:02:26,912810UA4,TSRYS5802849,D,S,A,2024-05-21,40000000.00,4.586353,100.625
08:02:26,912810UA4,TSRYS5802849,D,S,C,2024-05-21,1000000.00,4.58636,100.6252
08:02:26,912810UA4,TSRYS5802849,D,B,C,2024-05-21,1000000.00,4.586388,100.62475
08:02:26,912810UA4,TSRYS5802849,D,S,D,2024-05-21,1000000.00,4.586372,100.625
08:02:26,912810UA4,TSRYS5802849,D,S,D,2024-05-21,1000000.00,4.586372,100.625
08:02:26,912810UA4,TSRYS5802849,D,S,D,2024-05-21,1000000.00,4.586372,100.625
08:02:26,912810UA4,TSRYS5802849,D,S,C,2024-05-21,1000000.00,4.586372,100.625
08:02:26,912810UA4,TSRYS5802849,D,B,C,2024-05-21,1000000.00,4.586388,100.62475
08:02:26,912810UA4,TSRYS5802849,D,S,C,2024-05-21,1000000.00,4.586372,100.625
08:02:26,912810UA4,TSRYS5802849,D,B,C,2024-05-21,1000000.00,4.586372,100.625
08:02:26,912810UA4,TSRYS5802849,D,S,D,2024-05-21,1000000.00,4.58636,100.6252
08:02:26,912810UA4,TSRYS5802849,D,S,C,2024-05-21,1000000.00,4.586372,100.625
08:02:26,912810UA4,TSRYS5802849,D,B,C,2024-05-21,1000000.00,4.586388,100.62475
08:02:27,912810UA4,TSRYS5802849,D,S,C,2024-05-21,1000000.00,4.588274,100.59405
08:02:27,912810UA4,TSRYS5802849,D,S,C,2024-05-21,1000000.00,4.588277,100.594
08:02:27,912810UA4,TSRYS5802849,D,S,C,2024-05-21,1000000.00,4.588274,100.59405
08:02:27,912810UA4,TSRYS5802849,D,S,C,2024-05-21,1000000.00,4.588274,100.59405
08:02:27,912810UA4,TSRYS5802849,D,S,C,2024-05-21,1000000.00,4.588292,100.59375
08:02:27,912810UA4,TSRYS5802849,D,S,C,2024-05-21,1000000.00,4.588277,100.594
08:02:27,912810UA4,TSRYS5802849,D,B,C,2024-05-21,1000000.00,4.588292,100.59375
08:02:27,912810UA4,TSRYS5802849,D,S,C,2024-05-21,1000000.00,4.588274,100.59405
08:02:27,912810UA4,TSRYS5802849,D,S,C,2024-05-21,1000000.00,4.588274,100.59405
08:02:27,912810UA4,TSRYS5802849,D,S,C,2024-05-21,1000000.00,4.589253,100.578125
08:02:27,912810UA4,TSRYS5802849,D,S,D,2024-05-21,1000000.00,4.589247,100.578227
08:02:27,912810UA4,TSRYS5802849,D,S,D,2024-05-21,1000000.00,4.589247,100.578227
08:02:27,912810UA4,TSRYS5802849,D,S,D,2024-05-21,1000000.00,4.589247,100.578227
08:02:27,912810UA4,TSRYS5802849,D,B,C,2024-05-21,1000000.00,4.589253,100.578125
08:02:27,912810UA4,TSRYS5802849,D,S,D,2024-05-21,1000000.00,4.589247,100.578227
08:02:27,912810UA4,TSRYS5802849,D,S,D,2024-05-21,1000000.00,4.588292,100.59375
08:02:27,912810UA4,TSRYS5802849,D,S,D,2024-05-21,1000000.00,4.588292,100.59375
08:02:27,912810UA4,TSRYS5802849,D,B,C,2024-05-21,1000000.00,4.588305,100.59355
08:02:27,912810UA4,TSRYS5802849,D,S,D,2024-05-21,1000000.00,4.588292,100.59375
08:02:27,912810UA4,TSRYS5802849,D,S,D,2024-05-21,1000000.00,4.588292,100.59375
08:02:27,912810UA4,TSRYS5802849,D,S,D,2024-05-21,1000000.00,4.588292,100.59375
08:02:27,912810UA4,TSRYS5802849,D,S,C,2024-05-21,1000000.00,4.588292,100.59375
08:02:27,912810UA4,TSRYS5802849,D,B,C,2024-05-21,1000000.00,4.588308,100.5935
08:02:27,912810UA4,TSRYS5802849,D,S,C,2024-05-21,1000000.00,4.588292,100.59375
08:02:27,912810UA4,TSRYS5802849,D,S,C,2024-05-21,1000000.00,4.58828,100.59395
08:02:27,912810UA4,TSRYS5802849,D,B,C,2024-05-21,1000000.00,4.588308,100.5935
08:02:27,912810UA4,TSRYS5802849,D,S,D,2024-05-21,1000000.00,4.588283,100.593902
08:02:27,912810UA4,TSRYS5802849,D,B,C,2024-05-21,1000000.00,4.588308,100.5935
08:02:27,912810UA4,TSRYS5802849,D,S,D,2024-05-21,1000000.00,4.588292,100.59375
08:02:27,912810UA4,TSRYS5802849,D,S,D,2024-05-21,1000000.00,4.588292,100.59375
08:02:27,912810UA4,TSRYS5802849,D,B,C,2024-05-21,1000000.00,4.588308,100.5935
08:02:27,912810UA4,TSRYS5802849,D,S,D,2024-05-21,2000000.00,4.589253,100.578125
08:02:27,912810UA4,TSRYS5802849,D,S,D,2024-05-21,1000000.00,4.588292,100.59375
