tradeTime,cusip,issueSymbolIdentifier,priceType,reportingSideCode,contraPartyTypeCode,tradeDate,reportedTradeVolume,lastSaleYield,lastSalePrice
08:00:02,912810UC0,TSRYS5860825,D,S,D,2024-08-19,1000000.00,4.146998,101.7578125
08:00:02,912810UC0,TSRYS5860825,D,S,D,2024-08-19,1000000.00,4.142141,101.841796875
08:00:02,912810UC0,TSRYS5860825,D,S,T,2024-08-19,1000000.00,4.141125,101.859375
08:00:02,912810UC0,TSRYS5860825,D,S,T,2024-08-19,1000000.00,4.129517,102.060546875
08:00:02,912810UC0,TSRYS5860825,D,S,T,2024-08-19,1000000.00,4.125355,102.1328125
08:00:02,912810UC0,TSRYS5860825,D,S,D,2024-08-19,1000000.00,4.123444,102.166015625
08:00:02,912810UC0,TSRYS5860825,D,S,D,2024-08-19,1000000.00,4.123107,102.171875
08:00:03,912810UC0,TSRYS5860825,D,S,D,2024-08-19,1000000.00,4.120187,102.22265625
08:00:03,912810UC0,TSRYS5860825,D,S,D,2024-08-19,1000000.00,4.121534,102.19921875
08:00:03,912810UC0,TSRYS5860825,D,S,D,2024-08-19,1000000.00,4.121534,102.19921875
08:00:03,912810UC0,TSRYS5860825,D,S,D,2024-08-19,1000000.00,4.124906,102.140625
08:00:03,912810UC0,TSRYS5860825,D,S,D,2024-08-19,1000000.00,4.12603,102.12109375
08:00:03,912810UC0,TSRYS5860825,D,S,D,2024-08-19,1000000.00,4.125805,102.125
08:00:03,912810UC0,TSRYS5860825,D,S,D,2024-08-19,1000000.00,4.12648,102.11328125
08:00:03,912810UC0,TSRYS5860825,D,S,T,2024-08-19,1000000.00,4.125805,102.125
08:00:05,912810UC0,TSRYS5860825,D,S,T,2024-08-19,1000000.00,4.117717,102.265625
08:00:07,912810UC0,TSRYS5860825,D,S,C,2024-08-19,14500000.00,4.156025,101.6019625
08:00:08,912810UC0,TSRYS5860825,D,S,A,2024-08-19,600000.00,4.141576,101.8515625
08:00:08,912810UC0,TSRYS5860825,D,S,D,2024-08-19,1000000.00,4.12558,102.12890625
08:00:08,912810UC0,TSRYS5860825,D,S,D,2024-08-19,1000000.00,4.119738,102.23046875
08:00:08,912810UC0,TSRYS5860825,D,S,D,2024-08-19,5000000.00,4.119962,102.2265625
08:00:09,912810UC0,TSRYS5860825,D,S,D,2024-08-19,4000000.00,4.12603,102.12109375
08:00:12,912810UC0,TSRYS5860825,D,S,C,2024-08-19,8632000.00,4.124658,102.14493125
08:00:12,912810UC0,TSRYS5860825,D,S,C,2024-08-19,5752000.00,4.120613,102.21524375
08:00:12,912810UC0,TSRYS5860825,D,S,D,2024-08-19,1000000.00,4.146545,101.765625
08:00:12,912810UC0,TSRYS5860825,D,S,D,2024-08-19,1000000.00,4.146771,101.76171875
08:00:12,912810UC0,TSRYS5860825,D,S,D,2024-08-19,1000000.00,4.14745,101.75
08:00:14,912810UC0,TSRYS5860825,D,S,T,2024-08-19,1000000.00,4.155595,101.609375
08:00:14,912810UC0,TSRYS5860825,D,S,T,2024-08-19,1000000.00,4.151973,101.671875
08:00:14,912810UC0,TSRYS5860825,D,S,T,2024-08-19,1000000.00,4.133007,102.0
08:00:14,912810UC0,TSRYS5860825,D,S,T,2024-08-19,1000000.00,4.129405,102.0625
08:00:14,912810UC0,TSRYS5860825,D,S,T,2024-08-19,1000000.00,4.129405,102.0625
08:00:14,912810UC0,TSRYS5860825,D,S,T,2024-08-19,1000000.00,4.123107,102.171875
08:00:14,912810UC0,TSRYS5860825,D,S,T,2024-08-19,1000000.00,4.12131,102.203125
08:00:14,912810UC0,TSRYS5860825,D,S,T,2024-08-19,1000000.00,4.127604,102.09375
08:00:14,912810UC0,TSRYS5860825,D,S,T,2024-08-19,1000000.00,4.120411,102.21875
08:00:14,912810UC0,TSRYS5860825,D,S,T,2024-08-19,1000000.00,4.118615,102.25
08:00:14,912810UC0,TSRYS5860825,D,S,T,2024-08-19,1000000.00,4.122208,102.1875
08:00:14,912810UC0,TSRYS5860825,D,S,T,2024-08-19,1000000.00,4.122208,102.1875
08:00:14,912810UC0,TSRYS5860825,D,S,T,2024-08-19,1000000.00,4.126705,102.109375
08:00:14,912810UC0,TSRYS5860825,D,S,T,2024-08-19,1000000.00,4.129405,102.0625
08:00:14,912810UC0,TSRYS5860825,D,S,T,2024-08-19,1000000.00,4.129405,102.0625
08:00:14,912810UC0,TSRYS5860825,D,S,T,2024-08-19,1000000.00,4.129405,102.0625
08:00:14,912810UC0,TSRYS5860825,D,S,T,2024-08-19,1000000.00,4.125805,102.125
08:00:14,912810UC0,TSRYS5860825,D,S,T,2024-08-19,2000000.00,4.125805,102.125
08:00:14,912810UC0,TSRYS5860825,D,S,T,2024-08-19,1000000.00,4.125805,102.125
08:00:14,912810UC0,TSRYS5860825,D,S,T,2024-08-19,1000000.00,4.125805,102.125
08:00:15,912810UC0,TSRYS5860825,D,S,D,2024-08-19,1000000.00,4.146545,101.765625
08:00:15,912810UC0,TSRYS5860825,D,S,D,2024-08-19,1000000.00,4.146771,101.76171875
08:00:16,912810UC0,TSRYS5860825,D,S,T,2024-08-19,1000000.00,4.147111,101.755859375
08:00:16,912810UC0,TSRYS5860825,D,S,T,2024-08-19,1000000.00,4.147224,101.75390625
08:00:16,912810UC0,TSRYS5860825,D,S,D,2024-08-19,1000000.00,4.14745,101.75
08:00:16,912810UC0,TSRYS5860825,D,S,T,2024-08-19,1000000.00,4.14745,101.75
08:00:16,912810UC0,TSRYS5860825,D,S,T,2024-08-19,1000000.00,4.146545,101.765625
08:00:16,912810UC0,TSRYS5860825,D,S,T,2024-08-19,1000000.00,4.144512,101.80078125
08:00:16,912810UC0,TSRYS5860825,D,S,T,2024-08-19,1000000.00,4.144738,101.796875
08:00:16,912810UC0,TSRYS5860825,D,S,T,2024-08-19,1000000.00,4.144738,101.796875
08:00:16,912810UC0,TSRYS5860825,D,S,T,2024-08-19,1000000.00,4.144286,101.8046875
08:00:16,912810UC0,TSRYS5860825,D,B,A,2024-08-19,1800000.00,4.127604,102.09375
08:00:17,912810UC0,TSRYS5860825,D,S,T,2024-08-19,1000000.00,4.145642,101.78125
08:00:17,912810UC0,TSRYS5860825,D,S,A,2024-08-19,200000.00,4.125805,102.125
08:00:17,912810UC0,TSRYS5860825,D,S,T,2024-08-19,1000000.00,4.148354,101.734375
08:00:17,912810UC0,TSRYS5860825,D,S,T,2024-08-19,1000000.00,4.146885,101.759765625
08:00:19,912810UC0,TSRYS5860825,D,S,D,2024-08-19,1000000.00,4.142931,101.828125
08:00:21,912810UC0,TSRYS5860825,D,S,T,2024-08-19,1000000.00,4.12131,102.203125
08:00:22,912810UC0,TSRYS5860825,D,S,C,2024-08-19,2000000.00,4.136613,101.9375
08:00:26,912810UC0,TSRYS5860825,D,S,D,2024-08-19,1000000.00,4.120411,102.21875
08:00:26,912810UC0,TSRYS5860825,D,B,C,2024-08-19,1000000.00,4.120411,102.21875
08:00:27,912810UC0,TSRYS5860825,D,S,T,2024-08-19,1000000.00,4.118503,102.251953125
08:00:27,912810UC0,TSRYS5860825,D,S,A,2024-08-19,500000.00,4.118378,102.25390625
08:00:29,912810UC0,TSRYS5860825,D,S,D,2024-08-19,1000000.00,4.124006,102.15625
08:00:30,912810UC0,TSRYS5860825,D,S,D,2024-08-19,1000000.00,4.151294,101.68359375
08:00:30,912810UC0,TSRYS5860825,D,S,D,2024-08-19,1000000.00,4.146998,101.7578125
08:00:30,912810UC0,TSRYS5860825,D,S,D,2024-08-19,1000000.00,4.146998,101.7578125
08:00:30,912810UC0,TSRYS5860825,D,S,D,2024-08-19,1000000.00,4.122433,102.18359375
08:00:30,912810UC0,TSRYS5860825,D,S,D,2024-08-19,1000000.00,4.12131,102.203125
08:00:30,912810UC0,TSRYS5860825,D,S,D,2024-08-19,1000000.00,4.119288,102.23828125
08:00:30,912810UC0,TSRYS5860825,D,S,D,2024-08-19,1000000.00,4.120411,102.21875
08:00:30,912810UC0,TSRYS5860825,D,S,D,2024-08-19,1000000.00,4.12086,102.2109375
08:00:30,912810UC0,TSRYS5860825,D,S,D,2024-08-19,1000000.00,4.124006,102.15625
08:00:30,912810UC0,TSRYS5860825,D,S,D,2024-08-19,1000000.00,4.122883,102.17578125
08:00:30,912810UC0,TSRYS5860825,D,S,D,2024-08-19,1000000.00,4.11839,102.25390625
08:00:30,912810UC0,TSRYS5860825,D,S,D,2024-08-19,1000000.00,4.118615,102.25
08:00:30,912810UC0,TSRYS5860825,D,S,D,2024-08-19,1000000.00,4.120187,102.22265625
08:00:30,912810UC0,TSRYS5860825,D,S,D,2024-08-19,1000000.00,4.119738,102.23046875
08:00:30,912810UC0,TSRYS5860825,D,S,D,2024-08-19,1000000.00,4.124006,102.15625
08:00:30,912810UC0,TSRYS5860825,D,S,D,2024-08-19,1000000.00,4.124231,102.15234375
08:00:30,912810UC0,TSRYS5860825,D,S,D,2024-08-19,1000000.00,4.124681,102.14453125
08:00:30,912810UC0,TSRYS5860825,D,S,D,2024-08-19,1000000.00,4.124681,102.14453125
08:00:30,912810UC0,TSRYS5860825,D,S,D,2024-08-19,1000000.00,4.12693,102.10546875
08:00:30,912810UC0,TSRYS5860825,D,S,D,2024-08-19,1000000.00,4.12648,102.11328125
08:00:30,912810UC0,TSRYS5860825,D,S,D,2024-08-19,1000000.00,4.127154,102.1015625
08:00:30,912810UC0,TSRYS5860825,D,S,D,2024-08-19,1000000.00,4.127154,102.1015625
08:00:30,912810UC0,TSRYS5860825,D,S,D,2024-08-19,1000000.00,4.127154,102.1015625
08:00:30,912810UC0,TSRYS5860825,D,S,D,2024-08-19,1000000.00,4.127154,102.1015625
08:00:30,912810UC0,TSRYS5860825,D,S,D,2024-08-19,1000000.00,4.127154,102.1015625
08:00:30,912810UC0,TSRYS5860825,D,S,D,2024-08-19,1000000.00,4.127379,102.09765625
08:00:30,912810UC0,TSRYS5860825,D,S,D,2024-08-19,1000000.00,4.127154,102.1015625
08:00:30,912810UC0,TSRYS5860825,D,S,D,2024-08-19,1000000.00,4.127154,102.1015625
08:00:30,912810UC0,TSRYS5860825,D,S,D,2024-08-19,1000000.00,4.12693,102.10546875
08:00:30,912810UC0,TSRYS5860825,D,S,D,2024-08-19,1000000.00,4.12693,102.10546875
08:00:30,912810UC0,TSRYS5860825,D,S,D,2024-08-19,1000000.00,4.127154,102.1015625
08:00:30,912810UC0,TSRYS5860825,D,S,D,2024-08-19,1000000.00,4.12558,102.12890625
08:00:30,912810UC0,TSRYS5860825,D,S,D,2024-08-19,1000000.00,4.124456,102.1484375
08:00:30,912810UC0,TSRYS5860825,D,S,D,2024-08-19,1000000.00,4.122883,102.17578125
08:00:30,912810UC0,TSRYS5860825,D,S,D,2024-08-19,1000000.00,4.148467,101.732421875
08:00:30,912810UC0,TSRYS5860825,D,S,D,2024-08-19,1000000.00,4.146998,101.7578125
08:00:30,912810UC0,TSRYS5860825,D,S,D,2024-08-19,1000000.00,4.146998,101.7578125
08:00:30,912810UC0,TSRYS5860825,D,S,D,2024-08-19,1000000.00,4.146998,101.7578125
08:00:30,912810UC0,TSRYS5860825,D,S,D,2024-08-19,1000000.00,4.146998,101.7578125
08:00:30,912810UC0,TSRYS5860825,D,S,D,2024-08-19,1000000.00,4.146998,101.7578125
08:00:30,912810UC0,TSRYS5860825,D,S,D,2024-08-19,1000000.00,4.142254,101.83984375
08:00:30,912810UC0,TSRYS5860825,D,S,D,2024-08-19,1000000.00,4.142141,101.841796875
08:00:30,912810UC0,TSRYS5860825,D,S,D,2024-08-19,1000000.00,4.142028,101.84375
08:00:30,912810UC0,TSRYS5860825,D,S,D,2024-08-19,1000000.00,4.125468,102.130859375
08:00:30,912810UC0,TSRYS5860825,D,S,D,2024-08-19,1000000.00,4.126142,102.119140625
08:00:30,912810UC0,TSRYS5860825,D,S,D,2024-08-19,1000000.00,4.125805,102.125
08:00:30,912810UC0,TSRYS5860825,D,S,D,2024-08-19,1000000.00,4.124456,102.1484375
08:00:30,912810UC0,TSRYS5860825,D,S,D,2024-08-19,1000000.00,4.12322,102.169921875
08:00:30,912810UC0,TSRYS5860825,D,S,D,2024-08-19,1000000.00,4.123332,102.16796875
08:00:30,912810UC0,TSRYS5860825,D,S,D,2024-08-19,1000000.00,4.123107,102.171875
08:00:30,912810UC0,TSRYS5860825,D,S,D,2024-08-19,1000000.00,4.120074,102.224609375
08:00:30,912810UC0,TSRYS5860825,D,S,D,2024-08-19,1000000.00,4.11839,102.25390625
08:00:30,912810UC0,TSRYS5860825,D,S,D,2024-08-19,1000000.00,4.11839,102.25390625
08:00:30,912810UC0,TSRYS5860825,D,S,D,2024-08-19,1000000.00,4.120187,102.22265625
08:00:30,912810UC0,TSRYS5860825,D,S,D,2024-08-19,1000000.00,4.120074,102.224609375
08:00:30,912810UC0,TSRYS5860825,D,S,D,2024-08-19,1000000.00,4.120074,102.224609375
08:00:30,912810UC0,TSRYS5860825,D,S,D,2024-08-19,1000000.00,4.120299,102.220703125
08:00:30,912810UC0,TSRYS5860825,D,S,D,2024-08-19,1000000.00,4.120973,102.208984375
08:00:30,912810UC0,TSRYS5860825,D,S,D,2024-08-19,1000000.00,4.120973,102.208984375
08:00:30,912810UC0,TSRYS5860825,D,S,D,2024-08-19,1000000.00,4.120074,102.224609375
08:00:30,912810UC0,TSRYS5860825,D,S,D,2024-08-19,1000000.00,4.120074,102.224609375
08:00:30,912810UC0,TSRYS5860825,D,S,D,2024-08-19,1000000.00,4.120636,102.21484375
08:00:30,912810UC0,TSRYS5860825,D,S,D,2024-08-19,1000000.00,4.120636,102.21484375
08:00:30,912810UC0,TSRYS5860825,D,S,D,2024-08-19,1000000.00,4.12086,102.2109375
08:00:30,912810UC0,TSRYS5860825,D,S,D,2024-08-19,1000000.00,4.120411,102.21875
08:00:30,912810UC0,TSRYS5860825,D,S,D,2024-08-19,1000000.00,4.12086,102.2109375
08:00:30,912810UC0,TSRYS5860825,D,S,D,2024-08-19,1000000.00,4.121871,102.193359375
08:00:30,912810UC0,TSRYS5860825,D,S,D,2024-08-19,2000000.00,4.122658,102.1796875
08:00:30,912810UC0,TSRYS5860825,D,S,D,2024-08-19,1000000.00,4.122208,102.1875
08:00:30,912810UC0,TSRYS5860825,D,S,D,2024-08-19,1000000.00,4.120973,102.208984375
08:00:30,912810UC0,TSRYS5860825,D,S,D,2024-08-19,1000000.00,4.120973,102.208984375
08:00:30,912810UC0,TSRYS5860825,D,S,D,2024-08-19,1000000.00,4.120973,102.208984375
08:00:30,912810UC0,TSRYS5860825,D,S,D,2024-08-19,1000000.00,4.119962,102.2265625
08:00:30,912810UC0,TSRYS5860825,D,S,D,2024-08-19,1000000.00,4.120074,102.224609375
08:00:30,912810UC0,TSRYS5860825,D,S,D,2024-08-19,1000000.00,4.120636,102.21484375
08:00:30,912810UC0,TSRYS5860825,D,S,D,2024-08-19,1000000.00,4.122208,102.1875
08:00:30,912810UC0,TSRYS5860825,D,S,D,2024-08-19,1000000.00,4.122658,102.1796875
08:00:30,912810UC0,TSRYS5860825,D,S,D,2024-08-19,1000000.00,4.12277,102.177734375
08:00:30,912810UC0,TSRYS5860825,D,S,D,2024-08-19,1000000.00,4.122208,102.1875
08:00:30,912810UC0,TSRYS5860825,D,S,D,2024-08-19,1000000.00,4.119401,102.236328125
08:00:30,912810UC0,TSRYS5860825,D,S,D,2024-08-19,1000000.00,4.120074,102.224609375
08:00:30,912810UC0,TSRYS5860825,D,S,D,2024-08-19,1000000.00,4.120524,102.216796875
08:00:30,912810UC0,TSRYS5860825,D,S,D,2024-08-19,1000000.00,4.120524,102.216796875
08:00:30,912810UC0,TSRYS5860825,D,S,D,2024-08-19,1000000.00,4.124568,102.146484375
08:00:30,912810UC0,TSRYS5860825,D,S,D,2024-08-19,1000000.00,4.124681,102.14453125
08:00:30,912810UC0,TSRYS5860825,D,S,D,2024-08-19,1000000.00,4.124906,102.140625
08:00:30,912810UC0,TSRYS5860825,D,S,D,2024-08-19,1000000.00,4.125243,102.134765625
08:00:30,912810UC0,TSRYS5860825,D,S,D,2024-08-19,1000000.00,4.126142,102.119140625
08:00:30,912810UC0,TSRYS5860825,D,S,D,2024-08-19,1000000.00,4.12603,102.12109375
08:00:30,912810UC0,TSRYS5860825,D,S,D,2024-08-19,1000000.00,4.126817,102.107421875
08:00:30,912810UC0,TSRYS5860825,D,S,D,2024-08-19,1000000.00,4.126817,102.107421875
08:00:30,912810UC0,TSRYS5860825,D,S,D,2024-08-19,1000000.00,4.126817,102.107421875
08:00:30,912810UC0,TSRYS5860825,D,S,D,2024-08-19,1000000.00,4.128167,102.083984375
08:00:30,912810UC0,TSRYS5860825,D,S,D,2024-08-19,1000000.00,4.128504,102.078125
08:00:30,912810UC0,TSRYS5860825,D,S,D,2024-08-19,1000000.00,4.12963,102.05859375
08:00:30,912810UC0,TSRYS5860825,D,S,D,2024-08-19,1000000.00,4.127492,102.095703125
08:00:30,912810UC0,TSRYS5860825,D,S,D,2024-08-19,1000000.00,4.118615,102.25
08:00:30,912810UC0,TSRYS5860825,D,S,D,2024-08-19,1000000.00,4.125468,102.130859375
08:00:30,912810UC0,TSRYS5860825,D,S,D,2024-08-19,1000000.00,4.126817,102.107421875
08:00:30,912810UC0,TSRYS5860825,D,S,D,2024-08-19,1000000.00,4.126817,102.107421875
08:00:30,912810UC0,TSRYS5860825,D,S,D,2024-08-19,1000000.00,4.126817,102.107421875
08:00:30,912810UC0,TSRYS5860825,D,S,D,2024-08-19,1000000.00,4.126817,102.107421875
08:00:30,912810UC0,TSRYS5860825,D,S,D,2024-08-19,1000000.00,4.126817,102.107421875
08:00:30,912810UC0,TSRYS5860825,D,S,D,2024-08-19,1000000.00,4.128167,102.083984375
08:00:30,912810UC0,TSRYS5860825,D,S,D,2024-08-19,1000000.00,4.126367,102.115234375
08:00:30,912810UC0,TSRYS5860825,D,S,D,2024-08-19,1000000.00,4.12648,102.11328125
08:00:30,912810UC0,TSRYS5860825,D,S,D,2024-08-19,1000000.00,4.127717,102.091796875
08:00:30,912810UC0,TSRYS5860825,D,S,D,2024-08-19,1000000.00,4.127717,102.091796875
08:00:30,912810UC0,TSRYS5860825,D,S,D,2024-08-19,1000000.00,4.127717,102.091796875
08:00:30,912810UC0,TSRYS5860825,D,S,D,2024-08-19,1000000.00,4.127717,102.091796875
08:00:30,912810UC0,TSRYS5860825,D,S,D,2024-08-19,1000000.00,4.124456,102.1484375
08:00:30,912810UC0,TSRYS5860825,D,S,D,2024-08-19,2000000.00,4.125018,102.138671875
08:00:30,912810UC0,TSRYS5860825,D,S,D,2024-08-19,1000000.00,4.127829,102.08984375
08:00:30,912810UC0,TSRYS5860825,D,S,D,2024-08-19,1000000.00,4.128054,102.0859375
08:00:30,912810UC0,TSRYS5860825,D,S,D,2024-08-19,1000000.00,4.127042,102.103515625
08:00:30,912810UC0,TSRYS5860825,D,S,D,2024-08-19,1000000.00,4.12693,102.10546875
08:00:30,912810UC0,TSRYS5860825,D,S,D,2024-08-19,1000000.00,4.126817,102.107421875
08:00:30,912810UC0,TSRYS5860825,D,S,T,2024-08-19,1000000.00,4.151407,101.681640625
08:00:30,912810UC0,TSRYS5860825,D,S,T,2024-08-19,1000000.00,4.151294,101.68359375
08:00:30,912810UC0,TSRYS5860825,D,S,T,2024-08-19,1000000.00,4.145981,101.775390625
08:00:30,912810UC0,TSRYS5860825,D,S,T,2024-08-19,1000000.00,4.144738,101.796875
08:00:30,912810UC0,TSRYS5860825,D,S,T,2024-08-19,1000000.00,4.147111,101.755859375
08:00:30,912810UC0,TSRYS5860825,D,S,T,2024-08-19,1000000.00,4.146998,101.7578125
08:00:30,912810UC0,TSRYS5860825,D,S,T,2024-08-19,1000000.00,4.146998,101.7578125
08:00:30,912810UC0,TSRYS5860825,D,S,T,2024-08-19,1000000.00,4.146998,101.7578125
08:00:30,912810UC0,TSRYS5860825,D,S,T,2024-08-19,1000000.00,4.146998,101.7578125
08:00:30,912810UC0,TSRYS5860825,D,S,T,2024-08-19,1000000.00,4.147337,101.751953125
08:00:30,912810UC0,TSRYS5860825,D,S,T,2024-08-19,1000000.00,4.123107,102.171875
08:00:30,912810UC0,TSRYS5860825,D,S,T,2024-08-19,1000000.00,4.140899,101.86328125
08:00:30,912810UC0,TSRYS5860825,D,S,T,2024-08-19,1000000.00,4.141125,101.859375
08:00:30,912810UC0,TSRYS5860825,D,S,T,2024-08-19,1000000.00,4.135711,101.953125
08:00:30,912810UC0,TSRYS5860825,D,S,T,2024-08-19,1000000.00,4.132557,102.0078125
08:00:30,912810UC0,TSRYS5860825,D,S,T,2024-08-19,1000000.00,4.129405,102.0625
08:00:30,912810UC0,TSRYS5860825,D,S,T,2024-08-19,1000000.00,4.12963,102.05859375
08:00:30,912810UC0,TSRYS5860825,D,S,T,2024-08-19,1000000.00,4.129517,102.060546875
08:00:30,912810UC0,TSRYS5860825,D,S,T,2024-08-19,1000000.00,4.124793,102.142578125
08:00:30,912810UC0,TSRYS5860825,D,S,T,2024-08-19,1000000.00,4.12131,102.203125
08:00:30,912810UC0,TSRYS5860825,D,S,T,2024-08-19,1000000.00,4.121197,102.205078125
08:00:31,912810UC0,TSRYS5860825,D,S,T,2024-08-19,1000000.00,4.119401,102.236328125
08:00:31,912810UC0,TSRYS5860825,D,S,T,2024-08-19,1000000.00,4.119288,102.23828125
08:00:31,912810UC0,TSRYS5860825,D,S,T,2024-08-19,1000000.00,4.120973,102.208984375
08:00:31,912810UC0,TSRYS5860825,D,S,T,2024-08-19,1000000.00,4.12277,102.177734375
08:00:31,912810UC0,TSRYS5860825,D,S,T,2024-08-19,1000000.00,4.123107,102.171875
08:00:31,912810UC0,TSRYS5860825,D,S,T,2024-08-19,1000000.00,4.125805,102.125
08:00:31,912810UC0,TSRYS5860825,D,S,T,2024-08-19,1000000.00,4.120411,102.21875
08:00:31,912810UC0,TSRYS5860825,D,S,T,2024-08-19,1000000.00,4.120187,102.22265625
08:00:31,912810UC0,TSRYS5860825,D,S,T,2024-08-19,1000000.00,4.120411,102.21875
08:00:31,912810UC0,TSRYS5860825,D,S,T,2024-08-19,1000000.00,4.121984,102.19140625
08:00:31,912810UC0,TSRYS5860825,D,S,T,2024-08-19,1000000.00,4.121759,102.1953125
08:00:31,912810UC0,TSRYS5860825,D,S,T,2024-08-19,1000000.00,4.121647,102.197265625
08:00:31,912810UC0,TSRYS5860825,D,S,T,2024-08-19,1000000.00,4.11839,102.25390625
08:00:31,912810UC0,TSRYS5860825,D,S,T,2024-08-19,1000000.00,4.118727,102.248046875
08:00:31,912810UC0,TSRYS5860825,D,S,T,2024-08-19,1000000.00,4.11985,102.228515625
08:00:31,912810UC0,TSRYS5860825,D,S,T,2024-08-19,1000000.00,4.119738,102.23046875
08:00:31,912810UC0,TSRYS5860825,D,S,T,2024-08-19,1000000.00,4.121197,102.205078125
08:00:31,912810UC0,TSRYS5860825,D,S,T,2024-08-19,1000000.00,4.12086,102.2109375
08:00:31,912810UC0,TSRYS5860825,D,S,T,2024-08-19,1000000.00,4.122321,102.185546875
08:00:31,912810UC0,TSRYS5860825,D,S,T,2024-08-19,1000000.00,4.120524,102.216796875
08:00:31,912810UC0,TSRYS5860825,D,S,T,2024-08-19,1000000.00,4.120074,102.224609375
08:00:31,912810UC0,TSRYS5860825,D,S,T,2024-08-19,1000000.00,4.123107,102.171875
08:00:31,912810UC0,TSRYS5860825,D,S,T,2024-08-19,1000000.00,4.124231,102.15234375
08:00:31,912810UC0,TSRYS5860825,D,S,T,2024-08-19,1000000.00,4.124119,102.154296875
08:00:31,912810UC0,TSRYS5860825,D,S,T,2024-08-19,1000000.00,4.124006,102.15625
08:00:31,912810UC0,TSRYS5860825,D,S,T,2024-08-19,1000000.00,4.128279,102.08203125
08:00:31,912810UC0,TSRYS5860825,D,S,T,2024-08-19,1000000.00,4.124681,102.14453125
08:00:31,912810UC0,TSRYS5860825,D,S,T,2024-08-19,1000000.00,4.124793,102.142578125
08:00:31,912810UC0,TSRYS5860825,D,S,T,2024-08-19,1000000.00,4.125243,102.134765625
08:00:31,912810UC0,TSRYS5860825,D,S,T,2024-08-19,1000000.00,4.125468,102.130859375
08:00:31,912810UC0,TSRYS5860825,D,S,T,2024-08-19,1000000.00,4.12963,102.05859375
08:00:31,912810UC0,TSRYS5860825,D,S,T,2024-08-19,1000000.00,4.126817,102.107421875
08:00:31,912810UC0,TSRYS5860825,D,S,T,2024-08-19,1000000.00,4.126817,102.107421875
08:00:31,912810UC0,TSRYS5860825,D,S,T,2024-08-19,1000000.00,4.127042,102.103515625
08:00:31,912810UC0,TSRYS5860825,D,S,D,2024-08-19,20000000.00,4.131206,102.03125
08:00:31,912810UC0,TSRYS5860825,D,S,T,2024-08-19,1000000.00,4.158314,101.5625
08:00:31,912810UC0,TSRYS5860825,D,B,A,2024-08-19,20000000.00,4.146998,101.7578125
08:00:31,912810UC0,TSRYS5860825,D,S,T,2024-08-19,1000000.00,4.146094,101.7734375
08:00:31,912810UC0,TSRYS5860825,D,S,T,2024-08-19,1000000.00,4.144399,101.802734375
08:00:31,912810UC0,TSRYS5860825,D,S,T,2024-08-19,1000000.00,4.144399,101.802734375
08:00:31,912810UC0,TSRYS5860825,D,S,T,2024-08-19,1000000.00,4.144399,101.802734375
08:00:31,912810UC0,TSRYS5860825,D,S,T,2024-08-19,1000000.00,4.147111,101.755859375
08:00:31,912810UC0,TSRYS5860825,D,S,T,2024-08-19,1000000.00,4.147563,101.748046875
08:00:31,912810UC0,TSRYS5860825,D,S,T,2024-08-19,1000000.00,4.147563,101.748046875
08:00:31,912810UC0,TSRYS5860825,D,S,T,2024-08-19,1000000.00,4.147337,101.751953125
08:00:31,912810UC0,TSRYS5860825,D,S,T,2024-08-19,1000000.00,4.14745,101.75
08:00:31,912810UC0,TSRYS5860825,D,S,T,2024-08-19,1000000.00,4.14745,101.75
08:00:31,912810UC0,TSRYS5860825,D,S,T,2024-08-19,1000000.00,4.147224,101.75390625
08:00:31,912810UC0,TSRYS5860825,D,S,T,2024-08-19,1000000.00,4.144399,101.802734375
08:00:31,912810UC0,TSRYS5860825,D,S,T,2024-08-19,1000000.00,4.144399,101.802734375
08:00:31,912810UC0,TSRYS5860825,D,S,T,2024-08-19,1000000.00,4.126367,102.115234375
08:00:31,912810UC0,TSRYS5860825,D,S,T,2024-08-19,1000000.00,4.126367,102.115234375
08:00:31,912810UC0,TSRYS5860825,D,S,T,2024-08-19,1000000.00,4.126367,102.115234375
08:00:31,912810UC0,TSRYS5860825,D,S,T,2024-08-19,1000000.00,4.128504,102.078125
08:00:31,912810UC0,TSRYS5860825,D,S,D,2024-08-19,1000000.00,4.127154,102.1015625
08:00:31,912810UC0,TSRYS5860825,D,S,D,2024-08-19,1000000.00,4.127154,102.1015625
08:00:31,912810UC0,TSRYS5860825,D,S,D,2024-08-19,1000000.00,4.127154,102.1015625
08:00:31,912810UC0,TSRYS5860825,D,S,D,2024-08-19,1000000.00,4.127154,102.1015625
08:00:31,912810UC0,TSRYS5860825,D,S,D,2024-08-19,1000000.00,4.127154,102.1015625
08:00:31,912810UC0,TSRYS5860825,D,S,D,2024-08-19,1000000.00,4.127154,102.1015625
08:00:31,912810UC0,TSRYS5860825,D,S,D,2024-08-19,2000000.00,4.127154,102.1015625
08:00:31,912810UC0,TSRYS5860825,D,S,D,2024-08-19,2000000.00,4.127154,102.1015625
08:00:31,912810UC0,TSRYS5860825,D,S,D,2024-08-19,1000000.00,4.127154,102.1015625
08:00:31,912810UC0,TSRYS5860825,D,S,D,2024-08-19,1000000.00,4.127267,102.099609375
08:00:31,912810UC0,TSRYS5860825,D,S,T,2024-08-19,1000000.00,4.127604,102.09375
08:00:31,912810UC0,TSRYS5860825,D,S,T,2024-08-19,1000000.00,4.127154,102.1015625
08:00:31,912810UC0,TSRYS5860825,D,S,D,2024-08-19,1000000.00,4.127154,102.1015625
08:00:31,912810UC0,TSRYS5860825,D,S,D,2024-08-19,1000000.00,4.127154,102.1015625
08:00:31,912810UC0,TSRYS5860825,D,S,D,2024-08-19,1000000.00,4.127154,102.1015625
08:00:31,912810UC0,TSRYS5860825,D,S,D,2024-08-19,1000000.00,4.127154,102.1015625
08:00:31,912810UC0,TSRYS5860825,D,S,D,2024-08-19,1000000.00,4.127154,102.1015625
08:00:31,912810UC0,TSRYS5860825,D,S,D,2024-08-19,1000000.00,4.127154,102.1015625
08:00:31,912810UC0,TSRYS5860825,D,S,D,2024-08-19,1000000.00,4.127154,102.1015625
08:00:31,912810UC0,TSRYS5860825,D,S,D,2024-08-19,1000000.00,4.127154,102.1015625
08:00:31,912810UC0,TSRYS5860825,D,S,T,2024-08-19,1000000.00,4.12693,102.10546875
08:00:31,912810UC0,TSRYS5860825,D,S,T,2024-08-19,1000000.00,4.12693,102.10546875
08:00:31,912810UC0,TSRYS5860825,D,S,D,2024-08-19,1000000.00,4.127154,102.1015625
08:00:31,912810UC0,TSRYS5860825,D,S,D,2024-08-19,1000000.00,4.127154,102.1015625
08:00:31,912810UC0,TSRYS5860825,D,S,D,2024-08-19,1000000.00,4.125805,102.125
08:00:31,912810UC0,TSRYS5860825,D,S,D,2024-08-19,1000000.00,4.125805,102.125
08:00:31,912810UC0,TSRYS5860825,D,S,D,2024-08-19,1000000.00,4.125805,102.125
08:00:31,912810UC0,TSRYS5860825,D,S,D,2024-08-19,1000000.00,4.124456,102.1484375
08:00:31,912810UC0,TSRYS5860825,D,S,D,2024-08-19,1000000.00,4.124456,102.1484375
08:00:31,912810UC0,TSRYS5860825,D,S,D,2024-08-19,1000000.00,4.124456,102.1484375
08:00:31,912810UC0,TSRYS5860825,D,S,D,2024-08-19,1000000.00,4.121759,102.1953125
08:00:31,912810UC0,TSRYS5860825,D,S,T,2024-08-19,1000000.00,4.122545,102.181640625
08:00:31,912810UC0,TSRYS5860825,D,S,T,2024-08-19,1000000.00,4.144399,101.802734375
08:00:31,912810UC0,TSRYS5860825,D,S,T,2024-08-19,1000000.00,4.144399,101.802734375
08:00:31,912810UC0,TSRYS5860825,D,S,T,2024-08-19,1000000.00,4.144399,101.802734375
08:00:31,912810UC0,TSRYS5860825,D,S,T,2024-08-19,1000000.00,4.144399,101.802734375
08:00:31,912810UC0,TSRYS5860825,D,S,T,2024-08-19,1000000.00,4.144399,101.802734375
08:00:31,912810UC0,TSRYS5860825,D,S,T,2024-08-19,1000000.00,4.144286,101.8046875
08:00:31,912810UC0,TSRYS5860825,D,S,D,2024-08-19,1000000.00,4.142028,101.84375
08:00:31,912810UC0,TSRYS5860825,D,S,T,2024-08-19,1000000.00,4.122433,102.18359375
08:00:31,912810UC0,TSRYS5860825,D,S,D,2024-08-19,1000000.00,4.122883,102.17578125
08:00:31,912810UC0,TSRYS5860825,D,S,D,2024-08-19,1000000.00,4.122883,102.17578125
08:00:31,912810UC0,TSRYS5860825,D,S,D,2024-08-19,1000000.00,4.122883,102.17578125
08:00:31,912810UC0,TSRYS5860825,D,S,T,2024-08-19,1000000.00,4.154576,101.626953125
08:00:31,912810UC0,TSRYS5860825,D,S,T,2024-08-19,1000000.00,4.155595,101.609375
08:00:31,912810UC0,TSRYS5860825,D,S,T,2024-08-19,1000000.00,4.155595,101.609375
08:00:31,912810UC0,TSRYS5860825,D,S,T,2024-08-19,1000000.00,4.155595,101.609375
08:00:31,912810UC0,TSRYS5860825,D,S,D,2024-08-19,1000000.00,4.126255,102.1171875
08:00:31,912810UC0,TSRYS5860825,D,B,A,2024-08-19,5000000.00,4.12963,102.05859375
08:00:31,912810UC0,TSRYS5860825,D,S,T,2024-08-19,1000000.00,4.120411,102.21875
08:00:31,912810UC0,TSRYS5860825,D,S,C,2024-08-19,70000.00,4.12513,102.13671875
08:00:31,912810UC0,TSRYS5860825,D,S,T,2024-08-19,1000000.00,4.151973,101.671875
08:00:31,912810UC0,TSRYS5860825,D,S,T,2024-08-19,1000000.00,4.151407,101.681640625
08:00:31,912810UC0,TSRYS5860825,D,S,T,2024-08-19,1000000.00,4.151294,101.68359375
08:00:31,912810UC0,TSRYS5860825,D,S,T,2024-08-19,1000000.00,4.145642,101.78125
08:00:31,912810UC0,TSRYS5860825,D,S,C,2024-08-19,265000.00,4.12332,102.16796875
08:00:31,912810UC0,TSRYS5860825,D,S,T,2024-08-19,1000000.00,4.125805,102.125
08:00:31,912810UC0,TSRYS5860825,D,S,C,2024-08-19,1000000.00,4.127143,102.1015625
08:00:31,912810UC0,TSRYS5860825,D,S,T,2024-08-19,1000000.00,4.12693,102.10546875
08:00:31,912810UC0,TSRYS5860825,D,S,T,2024-08-19,1000000.00,4.126817,102.107421875
08:00:31,912810UC0,TSRYS5860825,D,S,C,2024-08-19,5000000.00,4.123557,102.1640625
08:00:31,912810UC0,TSRYS5860825,D,B,C,2024-08-19,1000000.00,4.122646,102.1796875
08:00:31,912810UC0,TSRYS5860825,D,S,A,2024-08-19,5000000.00,4.119738,102.23046875
08:00:31,912810UC0,TSRYS5860825,D,B,C,2024-08-19,17250000.00,4.12131,102.203125
08:00:31,912810UC0,TSRYS5860825,D,S,D,2024-08-19,17000000.00,4.120278,102.22107
08:00:31,912810UC0,TSRYS5860825,D,S,T,2024-08-19,1000000.00,4.133007,102.0
08:00:31,912810UC0,TSRYS5860825,D,S,T,2024-08-19,1000000.00,4.125805,102.125
08:00:31,912810UC0,TSRYS5860825,D,S,T,2024-08-19,1000000.00,4.125805,102.125
08:00:31,912810UC0,TSRYS5860825,D,S,T,2024-08-19,1000000.00,4.120299,102.220703125
08:00:31,912810UC0,TSRYS5860825,D,S,T,2024-08-19,1000000.00,4.120299,102.220703125
08:00:31,912810UC0,TSRYS5860825,D,S,A,2024-08-19,292000.00,4.121085,102.20703125
08:00:31,912810UC0,TSRYS5860825,D,S,T,2024-08-19,1000000.00,4.121871,102.193359375
08:00:31,912810UC0,TSRYS5860825,D,S,T,2024-08-19,1000000.00,4.143834,101.8125
08:00:31,912810UC0,TSRYS5860825,D,S,T,2024-08-19,1000000.00,4.143834,101.8125
08:00:31,912810UC0,TSRYS5860825,D,S,T,2024-08-19,1000000.00,4.143834,101.8125
08:00:31,912810UC0,TSRYS5860825,D,S,T,2024-08-19,1000000.00,4.143834,101.8125
08:00:31,912810UC0,TSRYS5860825,D,S,T,2024-08-19,1000000.00,4.141125,101.859375
08:00:31,912810UC0,TSRYS5860825,D,S,D,2024-08-19,1000000.00,4.125805,102.125
08:00:31,912810UC0,TSRYS5860825,D,S,D,2024-08-19,1000000.00,4.125805,102.125
08:00:31,912810UC0,TSRYS5860825,D,S,D,2024-08-19,1000000.00,4.125805,102.125
08:00:31,912810UC0,TSRYS5860825,D,S,D,2024-08-19,1000000.00,4.127604,102.09375
08:00:31,912810UC0,TSRYS5860825,D,S,D,2024-08-19,1000000.00,4.125805,102.125
08:00:31,912810UC0,TSRYS5860825,D,S,T,2024-08-19,2000000.00,4.122658,102.1796875
08:00:31,912810UC0,TSRYS5860825,D,S,C,2024-08-19,250000.00,4.127743,102.09134375
08:00:31,912810UC0,TSRYS5860825,D,S,T,2024-08-19,1000000.00,4.124006,102.15625
08:00:31,912810UC0,TSRYS5860825,D,S,T,2024-08-19,1000000.00,4.125468,102.130859375
08:00:31,912810UC0,TSRYS5860825,D,S,T,2024-08-19,1000000.00,4.125468,102.130859375
08:00:31,912810UC0,TSRYS5860825,D,S,T,2024-08-19,1000000.00,4.126705,102.109375
08:00:31,912810UC0,TSRYS5860825,D,S,T,2024-08-19,1000000.00,4.126705,102.109375
08:00:31,912810UC0,TSRYS5860825,D,S,T,2024-08-19,1000000.00,4.124006,102.15625
08:00:31,912810UC0,TSRYS5860825,D,S,T,2024-08-19,1000000.00,4.124006,102.15625
08:00:31,912810UC0,TSRYS5860825,D,S,T,2024-08-19,1000000.00,4.124006,102.15625
08:00:31,912810UC0,TSRYS5860825,D,S,T,2024-08-19,1000000.00,4.124006,102.15625
08:00:31,912810UC0,TSRYS5860825,D,S,D,2024-08-19,1000000.00,4.124906,102.140625
08:00:31,912810UC0,TSRYS5860825,D,S,D,2024-08-19,1000000.00,4.124906,102.140625
08:00:31,912810UC0,TSRYS5860825,D,S,D,2024-08-19,1000000.00,4.124906,102.140625
08:00:31,912810UC0,TSRYS5860825,D,S,T,2024-08-19,1000000.00,4.125805,102.125
08:00:31,912810UC0,TSRYS5860825,D,S,T,2024-08-19,1000000.00,4.125805,102.125
08:00:31,912810UC0,TSRYS5860825,D,S,T,2024-08-19,1000000.00,4.141125,101.859375
08:00:31,912810UC0,TSRYS5860825,D,S,T,2024-08-19,1000000.00,4.141125,101.859375
08:00:31,912810UC0,TSRYS5860825,D,S,T,2024-08-19,1000000.00,4.141238,101.857421875
08:00:31,912810UC0,TSRYS5860825,D,S,T,2024-08-19,1000000.00,4.137515,101.921875
08:00:31,912810UC0,TSRYS5860825,D,S,T,2024-08-19,1000000.00,4.137515,101.921875
08:00:31,912810UC0,TSRYS5860825,D,S,T,2024-08-19,1000000.00,4.137177,101.927734375
08:00:31,912810UC0,TSRYS5860825,D,S,T,2024-08-19,1000000.00,4.13853,101.904296875
08:00:31,912810UC0,TSRYS5860825,D,S,T,2024-08-19,1000000.00,4.138417,101.90625
08:00:31,912810UC0,TSRYS5860825,D,S,T,2024-08-19,1000000.00,4.13853,101.904296875
08:00:31,912810UC0,TSRYS5860825,D,S,D,2024-08-19,1000000.00,4.124906,102.140625
08:00:31,912810UC0,TSRYS5860825,D,S,D,2024-08-19,31000000.00,4.126993,102.10437
08:00:31,912810UC0,TSRYS5860825,D,S,D,2024-08-19,1000000.00,4.123107,102.171875
08:00:31,912810UC0,TSRYS5860825,D,S,D,2024-08-19,1000000.00,4.122208,102.1875
08:00:31,912810UC0,TSRYS5860825,D,S,D,2024-08-19,7000000.00,4.122208,102.1875
08:00:31,912810UC0,TSRYS5860825,D,S,D,2024-08-19,4000000.00,4.122208,102.1875
08:00:31,912810UC0,TSRYS5860825,D,S,D,2024-08-19,1000000.00,4.122208,102.1875
08:00:31,912810UC0,TSRYS5860825,D,S,D,2024-08-19,2000000.00,4.122208,102.1875
08:00:31,912810UC0,TSRYS5860825,D,S,D,2024-08-19,2000000.00,4.122208,102.1875
08:00:31,912810UC0,TSRYS5860825,D,S,D,2024-08-19,1000000.00,4.122208,102.1875
08:00:31,912810UC0,TSRYS5860825,D,S,D,2024-08-19,2000000.00,4.122208,102.1875
08:00:31,912810UC0,TSRYS5860825,D,S,D,2024-08-19,2000000.00,4.122208,102.1875
08:00:31,912810UC0,TSRYS5860825,D,S,T,2024-08-19,1000000.00,4.125805,102.125
08:00:31,912810UC0,TSRYS5860825,D,S,T,2024-08-19,1000000.00,4.127604,102.09375
08:00:31,912810UC0,TSRYS5860825,D,S,T,2024-08-19,1000000.00,4.127604,102.09375
08:00:31,912810UC0,TSRYS5860825,D,S,T,2024-08-19,1000000.00,4.127604,102.09375
08:00:31,912810UC0,TSRYS5860825,D,S,T,2024-08-19,1000000.00,4.127604,102.09375
08:00:31,912810UC0,TSRYS5860825,D,S,T,2024-08-19,1000000.00,4.127604,102.09375
08:00:31,912810UC0,TSRYS5860825,D,S,T,2024-08-19,1000000.00,4.127604,102.09375
08:00:31,912810UC0,TSRYS5860825,D,S,T,2024-08-19,1000000.00,4.125805,102.125
08:00:31,912810UC0,TSRYS5860825,D,S,T,2024-08-19,1000000.00,4.125805,102.125
08:00:31,912810UC0,TSRYS5860825,D,S,D,2024-08-19,1000000.00,4.125805,102.125
08:00:31,912810UC0,TSRYS5860825,D,S,T,2024-08-19,1000000.00,4.125805,102.125
08:00:31,912810UC0,TSRYS5860825,D,S,D,2024-08-19,1000000.00,4.125805,102.125
08:00:31,912810UC0,TSRYS5860825,D,S,T,2024-08-19,1000000.00,4.125805,102.125
08:00:31,912810UC0,TSRYS5860825,D,S,T,2024-08-19,1000000.00,4.124906,102.140625
08:00:31,912810UC0,TSRYS5860825,D,S,T,2024-08-19,1000000.00,4.136726,101.935546875
08:00:31,912810UC0,TSRYS5860825,D,S,T,2024-08-19,1000000.00,4.123107,102.171875
08:00:31,912810UC0,TSRYS5860825,D,S,T,2024-08-19,1000000.00,4.123107,102.171875
08:00:31,912810UC0,TSRYS5860825,D,S,T,2024-08-19,1000000.00,4.122208,102.1875
08:00:31,912810UC0,TSRYS5860825,D,S,T,2024-08-19,1000000.00,4.123107,102.171875
08:00:31,912810UC0,TSRYS5860825,D,S,D,2024-08-19,2000000.00,4.122208,102.1875
08:00:31,912810UC0,TSRYS5860825,D,S,D,2024-08-19,1000000.00,4.122208,102.1875
08:00:31,912810UC0,TSRYS5860825,D,S,D,2024-08-19,1000000.00,4.122208,102.1875
08:00:31,912810UC0,TSRYS5860825,D,S,T,2024-08-19,1000000.00,4.122208,102.1875
08:00:31,912810UC0,TSRYS5860825,D,S,T,2024-08-19,1000000.00,4.122208,102.1875
08:00:31,912810UC0,TSRYS5860825,D,S,T,2024-08-19,1000000.00,4.122208,102.1875
08:00:31,912810UC0,TSRYS5860825,D,S,D,2024-08-19,1000000.00,4.122208,102.1875
08:00:31,912810UC0,TSRYS5860825,D,S,T,2024-08-19,1000000.00,4.122208,102.1875
08:00:31,912810UC0,TSRYS5860825,D,S,T,2024-08-19,2000000.00,4.122208,102.1875
08:00:31,912810UC0,TSRYS5860825,D,S,T,2024-08-19,1000000.00,4.122208,102.1875
08:00:31,912810UC0,TSRYS5860825,D,S,T,2024-08-19,1000000.00,4.122208,102.1875
08:00:31,912810UC0,TSRYS5860825,D,S,T,2024-08-19,1000000.00,4.122208,102.1875
08:00:31,912810UC0,TSRYS5860825,D,S,T,2024-08-19,1000000.00,4.122208,102.1875
08:00:31,912810UC0,TSRYS5860825,D,S,T,2024-08-19,1000000.00,4.122208,102.1875
08:00:31,912810UC0,TSRYS5860825,D,S,T,2024-08-19,1000000.00,4.122208,102.1875
08:00:31,912810UC0,TSRYS5860825,D,S,T,2024-08-19,1000000.00,4.122208,102.1875
08:00:31,912810UC0,TSRYS5860825,D,S,T,2024-08-19,1000000.00,4.122208,102.1875
08:00:31,912810UC0,TSRYS5860825,D,S,T,2024-08-19,1000000.00,4.122208,102.1875
08:00:31,912810UC0,TSRYS5860825,D,S,T,2024-08-19,1000000.00,4.122208,102.1875
08:00:31,912810UC0,TSRYS5860825,D,S,T,2024-08-19,1000000.00,4.122208,102.1875
08:00:31,912810UC0,TSRYS5860825,D,S,T,2024-08-19,1000000.00,4.134472,101.974609375
08:00:31,912810UC0,TSRYS5860825,D,S,T,2024-08-19,1000000.00,4.134359,101.9765625
08:00:31,912810UC0,TSRYS5860825,D,S,T,2024-08-19,1000000.00,4.134247,101.978515625
08:00:31,912810UC0,TSRYS5860825,D,S,T,2024-08-19,1000000.00,4.134134,101.98046875
08:00:31,912810UC0,TSRYS5860825,D,S,T,2024-08-19,1000000.00,4.134134,101.98046875
08:00:31,912810UC0,TSRYS5860825,D,S,T,2024-08-19,1000000.00,4.134134,101.98046875
08:00:31,912810UC0,TSRYS5860825,D,S,T,2024-08-19,1000000.00,4.134134,101.98046875
08:00:31,912810UC0,TSRYS5860825,D,S,T,2024-08-19,1000000.00,4.134021,101.982421875
08:00:31,912810UC0,TSRYS5860825,D,S,T,2024-08-19,1000000.00,4.133909,101.984375
08:00:31,912810UC0,TSRYS5860825,D,S,T,2024-08-19,1000000.00,4.134472,101.974609375
08:00:31,912810UC0,TSRYS5860825,D,S,T,2024-08-19,1000000.00,4.134359,101.9765625
08:00:31,912810UC0,TSRYS5860825,D,S,T,2024-08-19,1000000.00,4.134359,101.9765625
08:00:31,912810UC0,TSRYS5860825,D,S,T,2024-08-19,1000000.00,4.133007,102.0
08:00:31,912810UC0,TSRYS5860825,D,S,T,2024-08-19,1000000.00,4.133007,102.0
08:00:31,912810UC0,TSRYS5860825,D,S,T,2024-08-19,1000000.00,4.133007,102.0
08:00:31,912810UC0,TSRYS5860825,D,S,T,2024-08-19,1000000.00,4.133007,102.0
08:00:31,912810UC0,TSRYS5860825,D,S,T,2024-08-19,1000000.00,4.133007,102.0
08:00:31,912810UC0,TSRYS5860825,D,S,T,2024-08-19,1000000.00,4.13481,101.96875
08:00:31,912810UC0,TSRYS5860825,D,S,T,2024-08-19,1000000.00,4.130305,102.046875
08:00:31,912810UC0,TSRYS5860825,D,S,T,2024-08-19,1000000.00,4.128054,102.0859375
08:00:31,912810UC0,TSRYS5860825,D,S,D,2024-08-19,1000000.00,4.120636,102.21484375
08:00:31,912810UC0,TSRYS5860825,D,S,D,2024-08-19,1000000.00,4.125805,102.125
08:00:31,912810UC0,TSRYS5860825,D,S,D,2024-08-19,1000000.00,4.125355,102.1328125
08:00:31,912810UC0,TSRYS5860825,D,S,D,2024-08-19,1000000.00,4.124681,102.14453125
08:00:31,912810UC0,TSRYS5860825,D,S,T,2024-08-19,1000000.00,4.129517,102.060546875
08:00:31,912810UC0,TSRYS5860825,D,S,T,2024-08-19,1000000.00,4.130305,102.046875
08:00:31,912810UC0,TSRYS5860825,D,S,T,2024-08-19,1000000.00,4.129517,102.060546875
08:00:31,912810UC0,TSRYS5860825,D,S,T,2024-08-19,1000000.00,4.129405,102.0625
08:00:31,912810UC0,TSRYS5860825,D,S,T,2024-08-19,1000000.00,4.123557,102.1640625
08:00:31,912810UC0,TSRYS5860825,D,S,T,2024-08-19,1000000.00,4.123557,102.1640625
08:00:31,912810UC0,TSRYS5860825,D,S,T,2024-08-19,1000000.00,4.124006,102.15625
08:00:31,912810UC0,TSRYS5860825,D,S,T,2024-08-19,1000000.00,4.122433,102.18359375
08:00:31,912810UC0,TSRYS5860825,D,S,T,2024-08-19,1000000.00,4.123669,102.162109375
08:00:32,912810UC0,TSRYS5860825,D,S,T,2024-08-19,1000000.00,4.123557,102.1640625
08:00:32,912810UC0,TSRYS5860825,D,S,T,2024-08-19,1000000.00,4.12131,102.203125
08:00:32,912810UC0,TSRYS5860825,D,S,T,2024-08-19,1000000.00,4.12131,102.203125
08:00:32,912810UC0,TSRYS5860825,D,S,T,2024-08-19,1000000.00,4.12131,102.203125
08:00:32,912810UC0,TSRYS5860825,D,S,D,2024-08-19,2000000.00,4.12131,102.203125
08:00:32,912810UC0,TSRYS5860825,D,S,T,2024-08-19,1000000.00,4.120636,102.21484375
08:00:32,912810UC0,TSRYS5860825,D,S,T,2024-08-19,2000000.00,4.120411,102.21875
08:00:32,912810UC0,TSRYS5860825,D,S,T,2024-08-19,1000000.00,4.120411,102.21875
08:00:32,912810UC0,TSRYS5860825,D,S,T,2024-08-19,1000000.00,4.120411,102.21875
08:00:32,912810UC0,TSRYS5860825,D,S,T,2024-08-19,1000000.00,4.120411,102.21875
08:00:32,912810UC0,TSRYS5860825,D,S,T,2024-08-19,1000000.00,4.119625,102.232421875
08:00:32,912810UC0,TSRYS5860825,D,S,T,2024-08-19,1000000.00,4.119288,102.23828125
08:00:32,912810UC0,TSRYS5860825,D,S,T,2024-08-19,1000000.00,4.120411,102.21875
08:00:32,912810UC0,TSRYS5860825,D,S,T,2024-08-19,1000000.00,4.120411,102.21875
08:00:32,912810UC0,TSRYS5860825,D,S,T,2024-08-19,1000000.00,4.120973,102.208984375
08:00:32,912810UC0,TSRYS5860825,D,S,T,2024-08-19,1000000.00,4.12277,102.177734375
08:00:32,912810UC0,TSRYS5860825,D,S,T,2024-08-19,1000000.00,4.12277,102.177734375
08:00:32,912810UC0,TSRYS5860825,D,S,T,2024-08-19,1000000.00,4.122321,102.185546875
08:00:32,912810UC0,TSRYS5860825,D,S,T,2024-08-19,1000000.00,4.120411,102.21875
08:00:32,912810UC0,TSRYS5860825,D,S,T,2024-08-19,1000000.00,4.120411,102.21875
08:00:32,912810UC0,TSRYS5860825,D,S,T,2024-08-19,1000000.00,4.120411,102.21875
08:00:32,912810UC0,TSRYS5860825,D,S,T,2024-08-19,1000000.00,4.120411,102.21875
08:00:32,912810UC0,TSRYS5860825,D,S,T,2024-08-19,1000000.00,4.120411,102.21875
08:00:32,912810UC0,TSRYS5860825,D,S,T,2024-08-19,1000000.00,4.123107,102.171875
08:00:32,912810UC0,TSRYS5860825,D,S,T,2024-08-19,1000000.00,4.123107,102.171875
08:00:32,912810UC0,TSRYS5860825,D,S,T,2024-08-19,1000000.00,4.124006,102.15625
08:00:32,912810UC0,TSRYS5860825,D,S,T,2024-08-19,1000000.00,4.124006,102.15625
08:00:32,912810UC0,TSRYS5860825,D,S,T,2024-08-19,1000000.00,4.124006,102.15625
08:00:32,912810UC0,TSRYS5860825,D,S,T,2024-08-19,1000000.00,4.123781,102.16015625
08:00:32,912810UC0,TSRYS5860825,D,S,T,2024-08-19,1000000.00,4.123781,102.16015625
08:00:32,912810UC0,TSRYS5860825,D,S,T,2024-08-19,1000000.00,4.123781,102.16015625
08:00:32,912810UC0,TSRYS5860825,D,S,T,2024-08-19,1000000.00,4.123332,102.16796875
08:00:32,912810UC0,TSRYS5860825,D,S,T,2024-08-19,1000000.00,4.123332,102.16796875
08:00:32,912810UC0,TSRYS5860825,D,S,T,2024-08-19,1000000.00,4.123781,102.16015625
08:00:32,912810UC0,TSRYS5860825,D,S,T,2024-08-19,1000000.00,4.12513,102.13671875
08:00:32,912810UC0,TSRYS5860825,D,S,T,2024-08-19,1000000.00,4.122433,102.18359375
08:00:32,912810UC0,TSRYS5860825,D,S,T,2024-08-19,1000000.00,4.122433,102.18359375
08:00:32,912810UC0,TSRYS5860825,D,S,T,2024-08-19,1000000.00,4.122658,102.1796875
08:00:32,912810UC0,TSRYS5860825,D,S,T,2024-08-19,1000000.00,4.121422,102.201171875
08:00:32,912810UC0,TSRYS5860825,D,S,T,2024-08-19,1000000.00,4.121422,102.201171875
08:00:32,912810UC0,TSRYS5860825,D,S,T,2024-08-19,1000000.00,4.124006,102.15625
08:00:32,912810UC0,TSRYS5860825,D,S,T,2024-08-19,1000000.00,4.123781,102.16015625
08:00:32,912810UC0,TSRYS5860825,D,S,T,2024-08-19,1000000.00,4.123107,102.171875
08:00:32,912810UC0,TSRYS5860825,D,S,T,2024-08-19,1000000.00,4.123107,102.171875
08:00:32,912810UC0,TSRYS5860825,D,S,T,2024-08-19,1000000.00,4.128054,102.0859375
08:00:32,912810UC0,TSRYS5860825,D,S,T,2024-08-19,1000000.00,4.122658,102.1796875
08:00:32,912810UC0,TSRYS5860825,D,S,T,2024-08-19,1000000.00,4.119513,102.234375
08:00:32,912810UC0,TSRYS5860825,D,S,T,2024-08-19,1000000.00,4.120411,102.21875
08:00:32,912810UC0,TSRYS5860825,D,S,T,2024-08-19,1000000.00,4.119513,102.234375
08:00:32,912810UC0,TSRYS5860825,D,S,T,2024-08-19,1000000.00,4.119513,102.234375
08:00:32,912810UC0,TSRYS5860825,D,S,T,2024-08-19,1000000.00,4.119513,102.234375
08:00:32,912810UC0,TSRYS5860825,D,S,T,2024-08-19,1000000.00,4.119625,102.232421875
08:00:32,912810UC0,TSRYS5860825,D,S,T,2024-08-19,1000000.00,4.118615,102.25
08:00:32,912810UC0,TSRYS5860825,D,S,T,2024-08-19,1000000.00,4.118615,102.25
08:00:32,912810UC0,TSRYS5860825,D,S,T,2024-08-19,1000000.00,4.118615,102.25
08:00:32,912810UC0,TSRYS5860825,D,S,T,2024-08-19,1000000.00,4.118615,102.25
08:00:32,912810UC0,TSRYS5860825,D,S,T,2024-08-19,1000000.00,4.118615,102.25
08:00:32,912810UC0,TSRYS5860825,D,S,T,2024-08-19,1000000.00,4.118615,102.25
08:00:32,912810UC0,TSRYS5860825,D,S,T,2024-08-19,1000000.00,4.119513,102.234375
08:00:32,912810UC0,TSRYS5860825,D,S,T,2024-08-19,1000000.00,4.119513,102.234375
08:00:32,912810UC0,TSRYS5860825,D,S,T,2024-08-19,1000000.00,4.119513,102.234375
08:00:32,912810UC0,TSRYS5860825,D,S,T,2024-08-19,1000000.00,4.119513,102.234375
08:00:32,912810UC0,TSRYS5860825,D,S,T,2024-08-19,1000000.00,4.120411,102.21875
08:00:32,912810UC0,TSRYS5860825,D,S,T,2024-08-19,1000000.00,4.120524,102.216796875
08:00:32,912810UC0,TSRYS5860825,D,S,T,2024-08-19,1000000.00,4.120524,102.216796875
08:00:32,912810UC0,TSRYS5860825,D,S,T,2024-08-19,1000000.00,4.120411,102.21875
08:00:32,912810UC0,TSRYS5860825,D,S,T,2024-08-19,1000000.00,4.120524,102.216796875
08:00:32,912810UC0,TSRYS5860825,D,S,T,2024-08-19,1000000.00,4.120524,102.216796875
08:00:32,912810UC0,TSRYS5860825,D,S,T,2024-08-19,1000000.00,4.120524,102.216796875
08:00:32,912810UC0,TSRYS5860825,D,S,T,2024-08-19,1000000.00,4.120524,102.216796875
08:00:32,912810UC0,TSRYS5860825,D,S,T,2024-08-19,1000000.00,4.120524,102.216796875
08:00:32,912810UC0,TSRYS5860825,D,S,T,2024-08-19,1000000.00,4.120524,102.216796875
08:00:32,912810UC0,TSRYS5860825,D,S,T,2024-08-19,1000000.00,4.12131,102.203125
08:00:32,912810UC0,TSRYS5860825,D,S,T,2024-08-19,1000000.00,4.12131,102.203125
08:00:32,912810UC0,TSRYS5860825,D,S,T,2024-08-19,1000000.00,4.12131,102.203125
08:00:32,912810UC0,TSRYS5860825,D,S,T,2024-08-19,1000000.00,4.122208,102.1875
08:00:32,912810UC0,TSRYS5860825,D,S,T,2024-08-19,1000000.00,4.122208,102.1875
08:00:32,912810UC0,TSRYS5860825,D,S,T,2024-08-19,1000000.00,4.122208,102.1875
08:00:32,912810UC0,TSRYS5860825,D,S,T,2024-08-19,1000000.00,4.121984,102.19140625
08:00:32,912810UC0,TSRYS5860825,D,S,T,2024-08-19,1000000.00,4.122208,102.1875
08:00:32,912810UC0,TSRYS5860825,D,S,T,2024-08-19,1000000.00,4.122208,102.1875
08:00:32,912810UC0,TSRYS5860825,D,S,T,2024-08-19,1000000.00,4.117717,102.265625
08:00:32,912810UC0,TSRYS5860825,D,S,T,2024-08-19,1000000.00,4.117717,102.265625
08:00:32,912810UC0,TSRYS5860825,D,S,T,2024-08-19,1000000.00,4.117717,102.265625
08:00:32,912810UC0,TSRYS5860825,D,S,T,2024-08-19,1000000.00,4.119513,102.234375
08:00:32,912810UC0,TSRYS5860825,D,S,T,2024-08-19,1000000.00,4.119513,102.234375
08:00:32,912810UC0,TSRYS5860825,D,S,T,2024-08-19,1000000.00,4.11985,102.228515625
08:00:32,912810UC0,TSRYS5860825,D,S,T,2024-08-19,1000000.00,4.118503,102.251953125
08:00:32,912810UC0,TSRYS5860825,D,S,T,2024-08-19,1000000.00,4.118503,102.251953125
08:00:32,912810UC0,TSRYS5860825,D,S,T,2024-08-19,1000000.00,4.118503,102.251953125
08:00:32,912810UC0,TSRYS5860825,D,S,T,2024-08-19,1000000.00,4.118615,102.25
08:00:32,912810UC0,TSRYS5860825,D,S,T,2024-08-19,1000000.00,4.11985,102.228515625
08:00:32,912810UC0,TSRYS5860825,D,S,T,2024-08-19,1000000.00,4.11985,102.228515625
08:00:32,912810UC0,TSRYS5860825,D,S,T,2024-08-19,1000000.00,4.120411,102.21875
08:00:32,912810UC0,TSRYS5860825,D,S,T,2024-08-19,1000000.00,4.120411,102.21875
08:00:32,912810UC0,TSRYS5860825,D,S,T,2024-08-19,1000000.00,4.119513,102.234375
08:00:32,912810UC0,TSRYS5860825,D,S,T,2024-08-19,1000000.00,4.120411,102.21875
08:00:32,912810UC0,TSRYS5860825,D,S,T,2024-08-19,1000000.00,4.12086,102.2109375
08:00:32,912810UC0,TSRYS5860825,D,S,T,2024-08-19,1000000.00,4.12086,102.2109375
08:00:32,912810UC0,TSRYS5860825,D,S,T,2024-08-19,1000000.00,4.12086,102.2109375
08:00:32,912810UC0,TSRYS5860825,D,S,T,2024-08-19,1000000.00,4.12131,102.203125
08:00:32,912810UC0,TSRYS5860825,D,S,D,2024-08-19,1000000.00,4.121759,102.1953125
08:00:32,912810UC0,TSRYS5860825,D,S,T,2024-08-19,1000000.00,4.124343,102.150390625
08:00:32,912810UC0,TSRYS5860825,D,S,T,2024-08-19,1000000.00,4.124231,102.15234375
08:00:32,912810UC0,TSRYS5860825,D,S,T,2024-08-19,1000000.00,4.126705,102.109375
08:00:32,912810UC0,TSRYS5860825,D,S,T,2024-08-19,1000000.00,4.128279,102.08203125
08:00:32,912810UC0,TSRYS5860825,D,S,T,2024-08-19,1000000.00,4.127942,102.087890625
08:00:32,912810UC0,TSRYS5860825,D,S,T,2024-08-19,1000000.00,4.128167,102.083984375
08:00:32,912810UC0,TSRYS5860825,D,S,T,2024-08-19,1000000.00,4.128054,102.0859375
08:00:32,912810UC0,TSRYS5860825,D,S,T,2024-08-19,1000000.00,4.126705,102.109375
08:00:32,912810UC0,TSRYS5860825,D,S,T,2024-08-19,1000000.00,4.125805,102.125
08:00:32,912810UC0,TSRYS5860825,D,S,T,2024-08-19,1000000.00,4.124906,102.140625
08:00:32,912810UC0,TSRYS5860825,D,S,T,2024-08-19,1000000.00,4.124906,102.140625
08:00:32,912810UC0,TSRYS5860825,D,S,T,2024-08-19,1000000.00,4.124006,102.15625
08:00:32,912810UC0,TSRYS5860825,D,S,T,2024-08-19,1000000.00,4.125805,102.125
08:00:32,912810UC0,TSRYS5860825,D,S,T,2024-08-19,1000000.00,4.125805,102.125
08:00:32,912810UC0,TSRYS5860825,D,S,T,2024-08-19,1000000.00,4.125018,102.138671875
08:00:32,912810UC0,TSRYS5860825,D,S,T,2024-08-19,1000000.00,4.125243,102.134765625
08:00:33,912810UC0,TSRYS5860825,D,S,T,2024-08-19,1000000.00,4.127604,102.09375
08:00:33,912810UC0,TSRYS5860825,D,S,T,2024-08-19,1000000.00,4.127604,102.09375
08:00:33,912810UC0,TSRYS5860825,D,S,T,2024-08-19,1000000.00,4.127604,102.09375
08:00:33,912810UC0,TSRYS5860825,D,S,T,2024-08-19,1000000.00,4.124343,102.150390625
08:00:33,912810UC0,TSRYS5860825,D,S,T,2024-08-19,3000000.00,4.125805,102.125
08:00:33,912810UC0,TSRYS5860825,D,S,T,2024-08-19,2000000.00,4.125805,102.125
08:00:33,912810UC0,TSRYS5860825,D,S,T,2024-08-19,1000000.00,4.125805,102.125
08:00:33,912810UC0,TSRYS5860825,D,S,T,2024-08-19,1000000.00,4.125805,102.125
08:00:33,912810UC0,TSRYS5860825,D,S,T,2024-08-19,1000000.00,4.125805,102.125
08:00:33,912810UC0,TSRYS5860825,D,S,T,2024-08-19,2000000.00,4.125805,102.125
08:00:33,912810UC0,TSRYS5860825,D,S,T,2024-08-19,2000000.00,4.125805,102.125
08:00:33,912810UC0,TSRYS5860825,D,S,T,2024-08-19,2000000.00,4.125805,102.125
08:00:33,912810UC0,TSRYS5860825,D,S,T,2024-08-19,2000000.00,4.125805,102.125
08:00:33,912810UC0,TSRYS5860825,D,S,T,2024-08-19,1000000.00,4.124906,102.140625
08:00:33,912810UC0,TSRYS5860825,D,S,T,2024-08-19,1000000.00,4.125805,102.125
08:00:33,912810UC0,TSRYS5860825,D,S,T,2024-08-19,4000000.00,4.125805,102.125
08:00:33,912810UC0,TSRYS5860825,D,S,T,2024-08-19,4000000.00,4.125805,102.125
08:00:33,912810UC0,TSRYS5860825,D,S,T,2024-08-19,2000000.00,4.125805,102.125
08:00:33,912810UC0,TSRYS5860825,D,S,T,2024-08-19,1000000.00,4.125805,102.125
08:00:33,912810UC0,TSRYS5860825,D,S,T,2024-08-19,1000000.00,4.125805,102.125
08:00:33,912810UC0,TSRYS5860825,D,S,T,2024-08-19,2000000.00,4.125805,102.125
08:00:33,912810UC0,TSRYS5860825,D,S,T,2024-08-19,3000000.00,4.125805,102.125
08:00:33,912810UC0,TSRYS5860825,D,S,T,2024-08-19,3000000.00,4.125805,102.125
08:00:33,912810UC0,TSRYS5860825,D,S,T,2024-08-19,2000000.00,4.125805,102.125
08:00:33,912810UC0,TSRYS5860825,D,S,T,2024-08-19,2000000.00,4.125805,102.125
08:00:33,912810UC0,TSRYS5860825,D,S,T,2024-08-19,1000000.00,4.125805,102.125
08:00:33,912810UC0,TSRYS5860825,D,S,T,2024-08-19,1000000.00,4.125805,102.125
08:00:33,912810UC0,TSRYS5860825,D,S,T,2024-08-19,1000000.00,4.126705,102.109375
08:00:33,912810UC0,TSRYS5860825,D,S,T,2024-08-19,1000000.00,4.126705,102.109375
08:00:33,912810UC0,TSRYS5860825,D,S,T,2024-08-19,1000000.00,4.127604,102.09375
08:00:33,912810UC0,TSRYS5860825,D,S,T,2024-08-19,1000000.00,4.128504,102.078125
08:00:33,912810UC0,TSRYS5860825,D,S,T,2024-08-19,1000000.00,4.128504,102.078125
08:00:33,912810UC0,TSRYS5860825,D,S,T,2024-08-19,1000000.00,4.127829,102.08984375
08:00:33,912810UC0,TSRYS5860825,D,S,D,2024-08-19,1000000.00,4.127154,102.1015625
08:00:33,912810UC0,TSRYS5860825,D,S,D,2024-08-19,1000000.00,4.127154,102.1015625
08:00:33,912810UC0,TSRYS5860825,D,S,D,2024-08-19,2000000.00,4.127154,102.1015625
08:00:33,912810UC0,TSRYS5860825,D,S,D,2024-08-19,1000000.00,4.127154,102.1015625
08:00:33,912810UC0,TSRYS5860825,D,S,D,2024-08-19,2000000.00,4.127154,102.1015625
08:00:33,912810UC0,TSRYS5860825,D,S,D,2024-08-19,1000000.00,4.127154,102.1015625
08:00:33,912810UC0,TSRYS5860825,D,S,T,2024-08-19,1000000.00,4.127267,102.099609375
08:00:33,912810UC0,TSRYS5860825,D,S,T,2024-08-19,1000000.00,4.127267,102.099609375
08:00:33,912810UC0,TSRYS5860825,D,S,D,2024-08-19,1000000.00,4.127154,102.1015625
08:00:33,912810UC0,TSRYS5860825,D,S,D,2024-08-19,1000000.00,4.127154,102.1015625
08:00:33,912810UC0,TSRYS5860825,D,S,D,2024-08-19,1000000.00,4.127154,102.1015625
08:00:33,912810UC0,TSRYS5860825,D,S,T,2024-08-19,1000000.00,4.126705,102.109375
08:00:33,912810UC0,TSRYS5860825,D,S,D,2024-08-19,1000000.00,4.124681,102.14453125
08:00:33,912810UC0,TSRYS5860825,D,S,D,2024-08-19,1000000.00,4.124456,102.1484375
08:00:33,912810UC0,TSRYS5860825,D,S,T,2024-08-19,1000000.00,4.122545,102.181640625
08:00:33,912810UC0,TSRYS5860825,D,S,T,2024-08-19,1000000.00,4.122433,102.18359375
08:00:33,912810UC0,TSRYS5860825,D,S,T,2024-08-19,1000000.00,4.123107,102.171875
08:00:33,912810UC0,TSRYS5860825,D,S,T,2024-08-19,1000000.00,4.122208,102.1875
08:00:33,912810UC0,TSRYS5860825,D,S,T,2024-08-19,1000000.00,4.122208,102.1875
08:00:33,912810UC0,TSRYS5860825,D,S,T,2024-08-19,1000000.00,4.122208,102.1875
08:00:33,912810UC0,TSRYS5860825,D,S,T,2024-08-19,1000000.00,4.124006,102.15625
08:00:33,912810UC0,TSRYS5860825,D,S,D,2024-08-19,2000000.00,4.125788,102.1253
08:00:33,912810UC0,TSRYS5860825,D,S,D,2024-08-19,1500000.00,4.124231,102.15234375
08:00:33,912810UC0,TSRYS5860825,D,S,D,2024-08-19,1500000.00,4.124006,102.15625
08:00:33,912810UC0,TSRYS5860825,D,S,D,2024-08-19,1500000.00,4.122658,102.1796875
08:00:34,912810UC0,TSRYS5860825,D,S,T,2024-08-19,1000000.00,4.124906,102.140625
08:00:38,912810UC0,TSRYS5860825,D,S,D,2024-08-19,2000000.00,4.13174,102.021972656
08:00:38,912810UC0,TSRYS5860825,D,S,D,2024-08-19,1000000.00,4.130305,102.046875
08:00:39,912810UC0,TSRYS5860825,D,S,C,2024-08-19,576000.00,4.124793,102.142578125
08:00:39,912810UC0,TSRYS5860825,D,S,D,2024-08-19,11000000.00,4.119256,102.238839286
08:00:39,912810UC0,TSRYS5860825,D,B,A,2024-08-19,1180000.00,4.137741,101.91796875
08:00:39,912810UC0,TSRYS5860825,D,S,T,2024-08-19,1000000.00,4.137177,101.927734375
08:00:39,912810UC0,TSRYS5860825,D,B,A,2024-08-19,2000000.00,4.136839,101.93359375
08:00:39,912810UC0,TSRYS5860825,D,S,D,2024-08-19,2000000.00,4.136613,101.9375
08:00:39,912810UC0,TSRYS5860825,D,S,T,2024-08-19,1000000.00,4.135711,101.953125
08:00:39,912810UC0,TSRYS5860825,D,S,D,2024-08-19,6000000.00,4.121759,102.1953125
08:00:40,912810UC0,TSRYS5860825,D,S,T,2024-08-19,1000000.00,4.135711,101.953125
08:00:40,912810UC0,TSRYS5860825,D,S,T,2024-08-19,1000000.00,4.129517,102.060546875
08:00:40,912810UC0,TSRYS5860825,D,S,T,2024-08-19,1000000.00,4.130305,102.046875
08:00:40,912810UC0,TSRYS5860825,D,B,A,2024-08-19,2000000.00,4.124906,102.140625
08:00:40,912810UC0,TSRYS5860825,D,S,T,2024-08-19,1000000.00,4.120411,102.21875
08:00:40,912810UC0,TSRYS5860825,D,S,D,2024-08-19,576000.00,4.124793,102.142578125
08:00:40,912810UC0,TSRYS5860825,D,B,A,2024-08-19,5000000.00,4.121085,102.20703125
08:00:40,912810UC0,TSRYS5860825,D,B,A,2024-08-19,5000000.00,4.12086,102.2109375
08:00:40,912810UC0,TSRYS5860825,D,S,D,2024-08-19,3000000.00,4.12086,102.2109375
08:00:40,912810UC0,TSRYS5860825,D,S,D,2024-08-19,3000000.00,4.12086,102.2109375
08:00:40,912810UC0,TSRYS5860825,D,S,D,2024-08-19,1000000.00,4.126705,102.109375
08:00:41,912810UC0,TSRYS5860825,D,S,D,2024-08-19,1000000.00,4.127154,102.1015625
08:00:41,912810UC0,TSRYS5860825,D,S,T,2024-08-19,1000000.00,4.126817,102.107421875
08:00:41,912810UC0,TSRYS5860825,D,S,T,2024-08-19,1000000.00,4.126705,102.109375
08:00:41,912810UC0,TSRYS5860825,D,S,T,2024-08-19,1000000.00,4.125805,102.125
08:00:42,912810UC0,TSRYS5860825,D,S,D,2024-08-19,1000000.00,4.12086,102.2109375
08:00:42,912810UC0,TSRYS5860825,D,S,D,2024-08-19,1000000.00,4.12086,102.2109375
08:00:42,912810UC0,TSRYS5860825,D,S,T,2024-08-19,1000000.00,4.120411,102.21875
08:00:42,912810UC0,TSRYS5860825,D,S,T,2024-08-19,1000000.00,4.120411,102.21875
08:00:42,912810UC0,TSRYS5860825,D,S,D,2024-08-19,1000000.00,4.120187,102.22265625
08:00:42,912810UC0,TSRYS5860825,D,S,T,2024-08-19,1000000.00,4.122208,102.1875
08:00:42,912810UC0,TSRYS5860825,D,S,D,2024-08-19,1000000.00,4.120411,102.21875
08:00:42,912810UC0,TSRYS5860825,D,S,T,2024-08-19,1000000.00,4.120411,102.21875
08:00:42,912810UC0,TSRYS5860825,D,S,D,2024-08-19,1000000.00,4.120187,102.22265625
08:00:42,912810UC0,TSRYS5860825,D,S,D,2024-08-19,1000000.00,4.12116,102.205729167
08:00:43,912810UC0,TSRYS5860825,D,S,A,2024-08-19,5000000.00,4.122433,102.18359375
08:00:43,912810UC0,TSRYS5860825,D,S,A,2024-08-19,1300000.00,4.125805,102.125
08:00:43,912810UC0,TSRYS5860825,D,S,T,2024-08-19,1000000.00,4.127604,102.09375
08:00:43,912810UC0,TSRYS5860825,D,S,T,2024-08-19,2000000.00,4.127604,102.09375
08:00:43,912810UC0,TSRYS5860825,D,S,T,2024-08-19,1000000.00,4.126705,102.109375
08:00:44,912810UC0,TSRYS5860825,D,S,D,2024-08-19,1000000.00,4.121759,102.1953125
08:00:45,912810UC0,TSRYS5860825,D,S,D,2024-08-19,1000000.00,4.123107,102.171875
08:00:45,912810UC0,TSRYS5860825,D,S,T,2024-08-19,1000000.00,4.118503,102.251953125
08:00:45,912810UC0,TSRYS5860825,D,S,T,2024-08-19,1000000.00,4.118615,102.25
08:00:45,912810UC0,TSRYS5860825,D,S,T,2024-08-19,1000000.00,4.142028,101.84375
08:00:45,912810UC0,TSRYS5860825,D,S,A,2024-08-19,5000000.00,4.156048,101.6015625
08:00:46,912810UC0,TSRYS5860825,D,S,T,2024-08-19,1000000.00,4.135711,101.953125
08:00:46,912810UC0,TSRYS5860825,D,S,D,2024-08-19,3000000.00,4.125018,102.13867
08:00:46,912810UC0,TSRYS5860825,D,B,C,2024-08-19,3000000.00,4.125018,102.13867
08:00:46,912810UC0,TSRYS5860825,D,S,D,2024-08-19,1000000.00,4.124231,102.15234375
08:00:46,912810UC0,TSRYS5860825,D,S,T,2024-08-19,1000000.00,4.12131,102.203125
08:00:46,912810UC0,TSRYS5860825,D,S,T,2024-08-19,1000000.00,4.12131,102.203125
08:00:47,912810UC0,TSRYS5860825,D,S,D,2024-08-19,1000000.00,4.120411,102.21875
08:00:47,912810UC0,TSRYS5860825,D,S,T,2024-08-19,3000000.00,4.12086,102.2109375
08:00:47,912810UC0,TSRYS5860825,D,S,T,2024-08-19,3000000.00,4.12086,102.2109375
08:00:47,912810UC0,TSRYS5860825,D,S,A,2024-08-19,5000000.00,4.12693,102.10546875
08:00:47,912810UC0,TSRYS5860825,D,S,A,2024-08-19,2000000.00,4.127154,102.1015625
08:00:47,912810UC0,TSRYS5860825,D,S,T,2024-08-19,1000000.00,4.118615,102.25
08:00:48,912810UC0,TSRYS5860825,D,S,T,2024-08-19,1000000.00,4.118615,102.25
08:00:48,912810UC0,TSRYS5860825,D,S,T,2024-08-19,1000000.00,4.120411,102.21875
08:00:48,912810UC0,TSRYS5860825,D,S,T,2024-08-19,1000000.00,4.12131,102.203125
08:00:48,912810UC0,TSRYS5860825,D,S,T,2024-08-19,1000000.00,4.120411,102.21875
08:00:49,912810UC0,TSRYS5860825,D,S,T,2024-08-19,1000000.00,4.122208,102.1875
08:00:49,912810UC0,TSRYS5860825,D,S,A,2024-08-19,2000000.00,4.128954,102.0703125
08:00:49,912810UC0,TSRYS5860825,D,S,T,2024-08-19,1000000.00,4.127604,102.09375
08:00:49,912810UC0,TSRYS5860825,D,S,T,2024-08-19,1000000.00,4.118615,102.25
08:00:49,912810UC0,TSRYS5860825,D,S,T,2024-08-19,1000000.00,4.127604,102.09375
08:00:49,912810UC0,TSRYS5860825,D,S,C,2024-08-19,3000000.00,4.1447,101.79753
08:00:50,912810UC0,TSRYS5860825,D,S,D,2024-08-19,1000000.00,4.124681,102.14453125
08:00:50,912810UC0,TSRYS5860825,D,S,D,2024-08-19,1600000.00,4.125355,102.1328125
08:00:51,912810UC0,TSRYS5860825,D,S,T,2024-08-19,1000000.00,4.127267,102.099609375
08:00:51,912810UC0,TSRYS5860825,D,B,A,2024-08-19,2000000.00,4.128504,102.078125
08:00:51,912810UC0,TSRYS5860825,D,S,D,2024-08-19,1000000.00,4.126817,102.107421875
08:00:51,912810UC0,TSRYS5860825,D,S,T,2024-08-19,1000000.00,4.127154,102.1015625
08:00:51,912810UC0,TSRYS5860825,D,S,T,2024-08-19,3000000.00,4.124006,102.15625
08:00:51,912810UC0,TSRYS5860825,D,S,D,2024-08-19,1000000.00,4.122883,102.17578125
08:00:51,912810UC0,TSRYS5860825,D,S,D,2024-08-19,1000000.00,4.122883,102.17578125
08:00:51,912810UC0,TSRYS5860825,D,S,D,2024-08-19,1000000.00,4.123107,102.171875
08:00:51,912810UC0,TSRYS5860825,D,S,D,2024-08-19,1000000.00,4.123107,102.171875
08:00:52,912810UC0,TSRYS5860825,D,S,T,2024-08-19,1000000.00,4.118615,102.25
08:00:53,912810UC0,TSRYS5860825,D,S,T,2024-08-19,1000000.00,4.120411,102.21875
08:00:54,912810UC0,TSRYS5860825,D,S,T,2024-08-19,1000000.00,4.12693,102.10546875
08:00:55,912810UC0,TSRYS5860825,D,S,T,2024-08-19,1000000.00,4.126817,102.107421875
08:00:55,912810UC0,TSRYS5860825,D,S,T,2024-08-19,1000000.00,4.136619,101.937398
08:00:55,912810UC0,TSRYS5860825,D,S,T,2024-08-19,1000000.00,4.136619,101.937398
08:00:55,912810UC0,TSRYS5860825,D,S,T,2024-08-19,1000000.00,4.136162,101.9453125
08:00:57,912810UC0,TSRYS5860825,D,S,T,2024-08-19,1000000.00,4.130643,102.041015625
08:00:57,912810UC0,TSRYS5860825,D,S,T,2024-08-19,1000000.00,4.130755,102.0390625
08:00:57,912810UC0,TSRYS5860825,D,S,A,2024-08-19,1000000.00,4.11748,102.26953125
08:00:59,912810UC0,TSRYS5860825,D,S,T,2024-08-19,1000000.00,4.142028,101.84375
08:01:00,912810UC0,TSRYS5860825,D,S,D,2024-08-19,1000000.00,4.151294,101.68359375
08:01:00,912810UC0,TSRYS5860825,D,S,D,2024-08-19,1000000.00,4.151294,101.68359375
08:01:00,912810UC0,TSRYS5860825,D,B,C,2024-08-19,1000000.00,4.141802,101.84765625
08:01:00,912810UC0,TSRYS5860825,D,B,C,2024-08-19,1000000.00,4.151294,101.68359375
08:01:00,912810UC0,TSRYS5860825,D,S,D,2024-08-19,1000000.00,4.141802,101.84765625
08:01:00,912810UC0,TSRYS5860825,D,S,D,2024-08-19,1000000.00,4.14745,101.75
08:01:00,912810UC0,TSRYS5860825,D,B,C,2024-08-19,1000000.00,4.123107,102.171875
08:01:00,912810UC0,TSRYS5860825,D,S,D,2024-08-19,2000000.00,4.136613,101.9375
08:01:00,912810UC0,TSRYS5860825,D,S,D,2024-08-19,1000000.00,4.140222,101.875
08:01:00,912810UC0,TSRYS5860825,D,S,D,2024-08-19,1000000.00,4.122433,102.18359375
08:01:00,912810UC0,TSRYS5860825,D,S,D,2024-08-19,1000000.00,4.124231,102.15234375
08:01:00,912810UC0,TSRYS5860825,D,S,D,2024-08-19,1000000.00,4.123107,102.171875
08:01:00,912810UC0,TSRYS5860825,D,S,D,2024-08-19,1000000.00,4.12131,102.203125
08:01:00,912810UC0,TSRYS5860825,D,S,D,2024-08-19,2000000.00,4.12131,102.203125
08:01:00,912810UC0,TSRYS5860825,D,S,D,2024-08-19,1000000.00,4.119288,102.23828125
08:01:00,912810UC0,TSRYS5860825,D,S,D,2024-08-19,1000000.00,4.120411,102.21875
08:01:00,912810UC0,TSRYS5860825,D,S,D,2024-08-19,1000000.00,4.120411,102.21875
08:01:00,912810UC0,TSRYS5860825,D,S,D,2024-08-19,3000000.00,4.12086,102.2109375
08:01:00,912810UC0,TSRYS5860825,D,S,D,2024-08-19,1000000.00,4.12086,102.2109375
08:01:00,912810UC0,TSRYS5860825,D,B,A,2024-08-19,405400.00,4.126255,102.1171875
08:01:00,912810UC0,TSRYS5860825,D,S,D,2024-08-19,3000000.00,4.12086,102.2109375
08:01:00,912810UC0,TSRYS5860825,D,S,D,2024-08-19,1000000.00,4.124006,102.15625
08:01:00,912810UC0,TSRYS5860825,D,S,C,2024-08-19,1000000.00,4.125355,102.1328125
08:01:00,912810UC0,TSRYS5860825,D,S,D,2024-08-19,1000000.00,4.122883,102.17578125
08:01:00,912810UC0,TSRYS5860825,D,S,D,2024-08-19,1000000.00,4.121085,102.20703125
08:01:00,912810UC0,TSRYS5860825,D,S,A,2024-08-19,405400.00,4.125805,102.125
08:01:00,912810UC0,TSRYS5860825,D,S,C,2024-08-19,1000000.00,4.120636,102.21484375
08:01:00,912810UC0,TSRYS5860825,D,S,D,2024-08-19,1000000.00,4.121085,102.20703125
08:01:00,912810UC0,TSRYS5860825,D,S,D,2024-08-19,1000000.00,4.118615,102.25
08:01:00,912810UC0,TSRYS5860825,D,S,D,2024-08-19,1000000.00,4.11839,102.25390625
08:01:00,912810UC0,TSRYS5860825,D,S,D,2024-08-19,1000000.00,4.121085,102.20703125
08:01:00,912810UC0,TSRYS5860825,D,S,D,2024-08-19,1000000.00,4.12086,102.2109375
08:01:00,912810UC0,TSRYS5860825,D,S,D,2024-08-19,1000000.00,4.12086,102.2109375
08:01:00,912810UC0,TSRYS5860825,D,S,D,2024-08-19,1000000.00,4.120187,102.22265625
08:01:00,912810UC0,TSRYS5860825,D,S,D,2024-08-19,1000000.00,4.120187,102.22265625
08:01:00,912810UC0,TSRYS5860825,D,S,C,2024-08-19,1000000.00,4.122433,102.18359375
08:01:00,912810UC0,TSRYS5860825,D,S,C,2024-08-19,1000000.00,4.11839,102.25390625
08:01:00,912810UC0,TSRYS5860825,D,S,D,2024-08-19,1000000.00,4.120411,102.21875
08:01:00,912810UC0,TSRYS5860825,D,S,D,2024-08-19,1000000.00,4.118839,102.24609375
08:01:00,912810UC0,TSRYS5860825,D,B,C,2024-08-19,1000000.00,4.120187,102.22265625
08:01:00,912810UC0,TSRYS5860825,D,B,C,2024-08-19,1000000.00,4.118839,102.24609375
08:01:00,912810UC0,TSRYS5860825,D,S,D,2024-08-19,1000000.00,4.12086,102.2109375
08:01:00,912810UC0,TSRYS5860825,D,B,C,2024-08-19,1000000.00,4.12086,102.2109375
08:01:00,912810UC0,TSRYS5860825,D,B,C,2024-08-19,1000000.00,4.121085,102.20703125
08:01:00,912810UC0,TSRYS5860825,D,B,C,2024-08-19,1000000.00,4.121759,102.1953125
08:01:00,912810UC0,TSRYS5860825,D,S,D,2024-08-19,1000000.00,4.121085,102.20703125
08:01:00,912810UC0,TSRYS5860825,D,S,T,2024-08-19,1000000.00,4.142028,101.84375
08:01:00,912810UC0,TSRYS5860825,D,S,T,2024-08-19,1000000.00,4.126817,102.107421875
08:01:00,912810UC0,TSRYS5860825,D,S,D,2024-08-19,1000000.00,4.120187,102.22265625
08:01:00,912810UC0,TSRYS5860825,D,S,D,2024-08-19,1000000.00,4.124006,102.15625
08:01:00,912810UC0,TSRYS5860825,D,S,D,2024-08-19,1000000.00,4.124231,102.15234375
08:01:00,912810UC0,TSRYS5860825,D,S,D,2024-08-19,1000000.00,4.121759,102.1953125
08:01:00,912810UC0,TSRYS5860825,D,S,D,2024-08-19,1000000.00,4.125805,102.125
08:01:00,912810UC0,TSRYS5860825,D,S,D,2024-08-19,1000000.00,4.12558,102.12890625
08:01:00,912810UC0,TSRYS5860825,D,S,C,2024-08-19,1000000.00,4.12648,102.11328125
08:01:00,912810UC0,TSRYS5860825,D,B,C,2024-08-19,1000000.00,4.12558,102.12890625
08:01:00,912810UC0,TSRYS5860825,D,B,C,2024-08-19,1000000.00,4.12558,102.12890625
08:01:00,912810UC0,TSRYS5860825,D,S,D,2024-08-19,1000000.00,4.125355,102.1328125
08:01:00,912810UC0,TSRYS5860825,D,S,D,2024-08-19,1000000.00,4.12558,102.12890625
08:01:00,912810UC0,TSRYS5860825,D,S,C,2024-08-19,1000000.00,4.12603,102.12109375
08:01:00,912810UC0,TSRYS5860825,D,S,D,2024-08-19,1000000.00,4.12558,102.12890625
08:01:00,912810UC0,TSRYS5860825,D,B,C,2024-08-19,1000000.00,4.12693,102.10546875
08:01:00,912810UC0,TSRYS5860825,D,B,C,2024-08-19,1000000.00,4.12558,102.12890625
08:01:00,912810UC0,TSRYS5860825,D,S,D,2024-08-19,1000000.00,4.12693,102.10546875
08:01:02,912810UC0,TSRYS5860825,D,S,D,2024-08-19,1000000.00,4.158314,101.5626
08:01:02,912810UC0,TSRYS5860825,D,B,C,2024-08-19,1000000.00,4.158314,101.5625
08:01:02,912810UC0,TSRYS5860825,D,B,A,2024-08-19,2000000.00,4.124681,102.14453125
08:01:04,912810UC0,TSRYS5860825,D,S,T,2024-08-19,1000000.00,4.127604,102.09375
08:01:05,912810UC0,TSRYS5860825,D,S,T,2024-08-19,1000000.00,4.12131,102.203125
08:01:05,912810UC0,TSRYS5860825,D,S,T,2024-08-19,1000000.00,4.121316,102.203023
08:01:05,912810UC0,TSRYS5860825,D,S,T,2024-08-19,7000000.00,4.121316,102.203023
08:01:05,912810UC0,TSRYS5860825,D,S,T,2024-08-19,1000000.00,4.121316,102.203023
08:01:05,912810UC0,TSRYS5860825,D,S,D,2024-08-19,125000.00,4.121759,102.1953125
08:01:06,912810UC0,TSRYS5860825,D,S,D,2024-08-19,1000000.00,4.151407,101.681640625
08:01:06,912810UC0,TSRYS5860825,D,S,D,2024-08-19,1000000.00,4.151294,101.68359375
08:01:06,912810UC0,TSRYS5860825,D,S,T,2024-08-19,1000000.00,4.124681,102.14453125
08:01:06,912810UC0,TSRYS5860825,D,S,T,2024-08-19,1000000.00,4.124231,102.15234375
08:01:06,912810UC0,TSRYS5860825,D,S,T,2024-08-19,1000000.00,4.124231,102.15234375
08:01:06,912810UC0,TSRYS5860825,D,S,T,2024-08-19,1000000.00,4.124231,102.15234375
08:01:06,912810UC0,TSRYS5860825,D,S,T,2024-08-19,1000000.00,4.124231,102.15234375
08:01:06,912810UC0,TSRYS5860825,D,S,T,2024-08-19,1000000.00,4.124231,102.15234375
08:01:07,912810UC0,TSRYS5860825,D,S,T,2024-08-19,1000000.00,4.124012,102.156148
08:01:07,912810UC0,TSRYS5860825,D,S,T,2024-08-19,1000000.00,4.124012,102.156148
08:01:07,912810UC0,TSRYS5860825,D,S,T,2024-08-19,1000000.00,4.124012,102.156148
08:01:07,912810UC0,TSRYS5860825,D,S,T,2024-08-19,1000000.00,4.124012,102.156148
08:01:07,912810UC0,TSRYS5860825,D,S,T,2024-08-19,1000000.00,4.124012,102.156148
08:01:07,912810UC0,TSRYS5860825,D,S,T,2024-08-19,1000000.00,4.124231,102.15234375
08:01:07,912810UC0,TSRYS5860825,D,S,T,2024-08-19,1000000.00,4.124231,102.15234375
08:01:07,912810UC0,TSRYS5860825,D,S,T,2024-08-19,1000000.00,4.124231,102.15234375
08:01:07,912810UC0,TSRYS5860825,D,S,T,2024-08-19,1000000.00,4.124231,102.15234375
08:01:07,912810UC0,TSRYS5860825,D,S,T,2024-08-19,1000000.00,4.124231,102.15234375
08:01:07,912810UC0,TSRYS5860825,D,S,T,2024-08-19,1000000.00,4.123557,102.1640625
08:01:07,912810UC0,TSRYS5860825,D,S,T,2024-08-19,1000000.00,4.123332,102.16796875
08:01:07,912810UC0,TSRYS5860825,D,S,T,2024-08-19,1000000.00,4.123113,102.171773
08:01:08,912810UC0,TSRYS5860825,D,S,T,2024-08-19,1000000.00,4.122658,102.1796875
08:01:08,912810UC0,TSRYS5860825,D,S,T,2024-08-19,1000000.00,4.123332,102.16796875
08:01:09,912810UC0,TSRYS5860825,D,S,T,2024-08-19,1000000.00,4.128504,102.078125
08:01:09,912810UC0,TSRYS5860825,D,S,T,2024-08-19,1000000.00,4.123113,102.171773
08:01:09,912810UC0,TSRYS5860825,D,S,T,2024-08-19,1000000.00,4.127604,102.09375
08:01:09,912810UC0,TSRYS5860825,D,S,T,2024-08-19,1000000.00,4.123113,102.171773
08:01:09,912810UC0,TSRYS5860825,D,S,T,2024-08-19,1000000.00,4.123113,102.171773
08:01:09,912810UC0,TSRYS5860825,D,S,T,2024-08-19,1000000.00,4.126705,102.109375
08:01:09,912810UC0,TSRYS5860825,D,S,T,2024-08-19,1000000.00,4.124793,102.142578125
08:01:10,912810UC0,TSRYS5860825,D,S,D,2024-08-19,1000000.00,4.140222,101.875
08:01:11,912810UC0,TSRYS5860825,D,S,D,2024-08-19,6000000.00,4.151291,101.6836427
08:01:12,912810UC0,TSRYS5860825,D,S,D,2024-08-19,2000000.00,4.122393,102.1842938
08:01:12,912810UC0,TSRYS5860825,D,S,D,2024-08-19,5000000.00,4.121247,102.2042156
08:01:12,912810UC0,TSRYS5860825,D,S,D,2024-08-19,5000000.00,4.121269,102.203825
08:01:12,912810UC0,TSRYS5860825,D,S,D,2024-08-19,4000000.00,4.119276,102.238493
08:01:12,912810UC0,TSRYS5860825,D,S,D,2024-08-19,5000000.00,4.120371,102.21945
08:01:12,912810UC0,TSRYS5860825,D,S,D,2024-08-19,15000000.00,4.120847,102.2111771
08:01:12,912810UC0,TSRYS5860825,D,S,D,2024-08-19,3000000.00,4.12273,102.1784344
08:01:12,912810UC0,TSRYS5860825,D,S,D,2024-08-19,11000000.00,4.12408,102.1549744
08:01:12,912810UC0,TSRYS5860825,D,S,D,2024-08-19,1000000.00,4.146094,101.7734375
08:01:12,912810UC0,TSRYS5860825,D,S,T,2024-08-19,1000000.00,4.122214,102.1874
08:01:12,912810UC0,TSRYS5860825,D,B,A,2024-08-19,10000000.00,4.119962,102.2265625
08:01:12,912810UC0,TSRYS5860825,D,S,A,2024-08-19,5000000.00,4.118644,102.2495
08:01:12,912810UC0,TSRYS5860825,D,S,A,2024-08-19,5000000.00,4.117745,102.26513
08:01:12,912810UC0,TSRYS5860825,D,S,T,2024-08-19,1000000.00,4.124006,102.15625
08:01:12,912810UC0,TSRYS5860825,D,S,T,2024-08-19,1000000.00,4.12806,102.0858375
08:01:12,912810UC0,TSRYS5860825,D,S,T,2024-08-19,1000000.00,4.127154,102.1015625
08:01:12,912810UC0,TSRYS5860825,D,S,T,2024-08-19,1000000.00,4.127154,102.1015625
08:01:12,912810UC0,TSRYS5860825,D,S,T,2024-08-19,1000000.00,4.126705,102.109375
08:01:12,912810UC0,TSRYS5860825,D,S,D,2024-08-19,1000000.00,4.144399,101.802734375
08:01:12,912810UC0,TSRYS5860825,D,S,D,2024-08-19,1000000.00,4.144399,101.802734375
08:01:12,912810UC0,TSRYS5860825,D,S,D,2024-08-19,1000000.00,4.144399,101.802734375
08:01:12,912810UC0,TSRYS5860825,D,S,D,2024-08-19,1000000.00,4.124006,102.15625
08:01:12,912810UC0,TSRYS5860825,D,S,T,2024-08-19,1000000.00,4.124006,102.15625
08:01:12,912810UC0,TSRYS5860825,D,S,T,2024-08-19,1000000.00,4.124006,102.15625
08:01:12,912810UC0,TSRYS5860825,D,S,T,2024-08-19,1000000.00,4.124006,102.15625
08:01:12,912810UC0,TSRYS5860825,D,S,D,2024-08-19,1000000.00,4.147111,101.755859375
08:01:12,912810UC0,TSRYS5860825,D,S,D,2024-08-19,1000000.00,4.147111,101.755859375
08:01:12,912810UC0,TSRYS5860825,D,S,T,2024-08-19,1000000.00,4.123107,102.171875
08:01:13,912810UC0,TSRYS5860825,D,S,C,2024-08-19,1000000.00,4.145981,101.775390625
08:01:13,912810UC0,TSRYS5860825,D,S,C,2024-08-19,1000000.00,4.144738,101.796875
08:01:13,912810UC0,TSRYS5860825,D,B,A,2024-08-19,5000000.00,4.141351,101.85546875
08:01:14,912810UC0,TSRYS5860825,D,S,T,2024-08-19,1000000.00,4.125805,102.125
08:01:14,912810UC0,TSRYS5860825,D,S,C,2024-08-19,1000000.00,4.128054,102.0859375
08:01:14,912810UC0,TSRYS5860825,D,S,D,2024-08-19,1000000.00,4.127154,102.1015625
08:01:14,912810UC0,TSRYS5860825,D,B,C,2024-08-19,1000000.00,4.127154,102.1015625
08:01:14,912810UC0,TSRYS5860825,D,S,D,2024-08-19,1000000.00,4.127154,102.1015625
08:01:14,912810UC0,TSRYS5860825,D,S,D,2024-08-19,1000000.00,4.127379,102.09765625
08:01:14,912810UC0,TSRYS5860825,D,S,D,2024-08-19,1000000.00,4.127379,102.09765625
08:01:14,912810UC0,TSRYS5860825,D,S,D,2024-08-19,1000000.00,4.127154,102.1015625
08:01:14,912810UC0,TSRYS5860825,D,S,D,2024-08-19,1000000.00,4.127154,102.1015625
08:01:14,912810UC0,TSRYS5860825,D,S,D,2024-08-19,1000000.00,4.127154,102.1015625
08:01:14,912810UC0,TSRYS5860825,D,S,D,2024-08-19,1000000.00,4.12693,102.10546875
08:01:14,912810UC0,TSRYS5860825,D,S,D,2024-08-19,1000000.00,4.12558,102.12890625
08:01:14,912810UC0,TSRYS5860825,D,S,C,2024-08-19,1000000.00,4.12558,102.12890625
08:01:14,912810UC0,TSRYS5860825,D,B,C,2024-08-19,1000000.00,4.125805,102.125
08:01:14,912810UC0,TSRYS5860825,D,S,D,2024-08-19,1000000.00,4.125805,102.125
08:01:15,912810UC0,TSRYS5860825,D,S,D,2024-08-19,1000000.00,4.124456,102.1484375
08:01:15,912810UC0,TSRYS5860825,D,S,D,2024-08-19,1000000.00,4.124681,102.14453125
08:01:15,912810UC0,TSRYS5860825,D,S,D,2024-08-19,1000000.00,4.121759,102.1953125
08:01:15,912810UC0,TSRYS5860825,D,S,D,2024-08-19,1000000.00,4.122883,102.17578125
08:01:15,912810UC0,TSRYS5860825,D,S,D,2024-08-19,1000000.00,4.122883,102.17578125
08:01:15,912810UC0,TSRYS5860825,D,S,D,2024-08-19,1000000.00,4.147224,101.75390625
08:01:15,912810UC0,TSRYS5860825,D,S,D,2024-08-19,1000000.00,4.123107,102.171875
08:01:15,912810UC0,TSRYS5860825,D,S,D,2024-08-19,1000000.00,4.123107,102.171875
08:01:15,912810UC0,TSRYS5860825,D,S,D,2024-08-19,1000000.00,4.123107,102.171875
08:01:15,912810UC0,TSRYS5860825,D,B,C,2024-08-19,1000000.00,4.121984,102.19140625
08:01:15,912810UC0,TSRYS5860825,D,S,D,2024-08-19,1000000.00,4.121984,102.19140625
08:01:16,912810UC0,TSRYS5860825,D,S,T,2024-08-19,1000000.00,4.124006,102.15625
08:01:16,912810UC0,TSRYS5860825,D,S,T,2024-08-19,1000000.00,4.124006,102.15625
08:01:16,912810UC0,TSRYS5860825,D,S,A,2024-08-19,27000000.00,4.125805,102.125
08:01:16,912810UC0,TSRYS5860825,D,B,C,2024-08-19,27000000.00,4.125805,102.125
08:01:17,912810UC0,TSRYS5860825,D,S,T,2024-08-19,1000000.00,4.118615,102.25
08:01:17,912810UC0,TSRYS5860825,D,B,A,2024-08-19,5200000.00,4.161942,101.5
08:01:17,912810UC0,TSRYS5860825,D,S,T,2024-08-19,1000000.00,4.124006,102.15625
08:01:17,912810UC0,TSRYS5860825,D,S,T,2024-08-19,1000000.00,4.124006,102.15625
08:01:17,912810UC0,TSRYS5860825,D,S,D,2024-08-19,1000000.00,4.147224,101.75390625
08:01:18,912810UC0,TSRYS5860825,D,S,D,2024-08-19,1000000.00,4.147111,101.755859375
08:01:18,912810UC0,TSRYS5860825,D,S,D,2024-08-19,1000000.00,4.146998,101.7578125
08:01:18,912810UC0,TSRYS5860825,D,S,T,2024-08-19,1000000.00,4.124006,102.15625
08:01:18,912810UC0,TSRYS5860825,D,S,D,2024-08-19,1000000.00,4.146998,101.7578125
08:01:18,912810UC0,TSRYS5860825,D,S,D,2024-08-19,1000000.00,4.146998,101.7578125
08:01:18,912810UC0,TSRYS5860825,D,S,T,2024-08-19,5000000.00,4.124006,102.15625
08:01:18,912810UC0,TSRYS5860825,D,S,D,2024-08-19,1000000.00,4.146998,101.7578125
08:01:18,912810UC0,TSRYS5860825,D,S,D,2024-08-19,1000000.00,4.147563,101.748046875
08:01:18,912810UC0,TSRYS5860825,D,S,T,2024-08-19,1000000.00,4.124006,102.15625
08:01:18,912810UC0,TSRYS5860825,D,S,C,2024-08-19,1000000.00,4.147337,101.751953125
08:01:18,912810UC0,TSRYS5860825,D,S,D,2024-08-19,1000000.00,4.147563,101.748046875
08:01:18,912810UC0,TSRYS5860825,D,S,C,2024-08-19,1000000.00,4.147337,101.751953125
08:01:18,912810UC0,TSRYS5860825,D,S,D,2024-08-19,1000000.00,4.14745,101.75
08:01:18,912810UC0,TSRYS5860825,D,S,D,2024-08-19,1000000.00,4.14745,101.75
08:01:18,912810UC0,TSRYS5860825,D,S,D,2024-08-19,1000000.00,4.147224,101.75390625
08:01:18,912810UC0,TSRYS5860825,D,S,T,2024-08-19,1000000.00,4.120411,102.21875
08:01:18,912810UC0,TSRYS5860825,D,S,A,2024-08-19,3000000.00,4.154463,101.62890625
08:01:19,912810UC0,TSRYS5860825,D,S,D,2024-08-19,1000000.00,4.144512,101.80078125
08:01:19,912810UC0,TSRYS5860825,D,B,A,2024-08-19,3000000.00,4.143383,101.8203125
08:01:19,912810UC0,TSRYS5860825,D,B,A,2024-08-19,35000000.00,4.123781,102.16015625
08:01:19,912810UC0,TSRYS5860825,D,S,D,2024-08-19,1000000.00,4.144286,101.8046875
08:01:19,912810UC0,TSRYS5860825,D,S,T,2024-08-19,1000000.00,4.124906,102.140625
08:01:20,912810UC0,TSRYS5860825,D,S,C,2024-08-19,4759000.00,4.128279,102.08203125
08:01:20,912810UC0,TSRYS5860825,D,S,D,2024-08-19,1000000.00,4.133909,101.984375
08:01:20,912810UC0,TSRYS5860825,D,S,D,2024-08-19,4759000.00,4.128279,102.08203125
08:01:20,912810UC0,TSRYS5860825,D,S,T,2024-08-19,1000000.00,4.124006,102.15625
08:01:21,912810UC0,TSRYS5860825,D,S,T,2024-08-19,1000000.00,4.126817,102.107421875
08:01:21,912810UC0,TSRYS5860825,D,B,A,2024-08-19,5000000.00,4.12603,102.12109375
08:01:21,912810UC0,TSRYS5860825,D,S,T,2024-08-19,1000000.00,4.12603,102.12109375
08:01:21,912810UC0,TSRYS5860825,D,S,T,2024-08-19,1000000.00,4.125243,102.134765625
08:01:21,912810UC0,TSRYS5860825,D,S,D,2024-08-19,1000000.00,4.144399,101.802734375
08:01:21,912810UC0,TSRYS5860825,D,S,T,2024-08-19,1000000.00,4.125468,102.130859375
08:01:21,912810UC0,TSRYS5860825,D,S,T,2024-08-19,1000000.00,4.118615,102.25
08:01:21,912810UC0,TSRYS5860825,D,S,D,2024-08-19,1000000.00,4.144399,101.802734375
08:01:21,912810UC0,TSRYS5860825,D,S,T,2024-08-19,1000000.00,4.125475,102.130734375
08:01:21,912810UC0,TSRYS5860825,D,B,A,2024-08-19,4896000.00,4.125243,102.134765625
08:01:22,912810UC0,TSRYS5860825,D,S,T,2024-08-19,1000000.00,4.125587,102.12878125
08:01:22,912810UC0,TSRYS5860825,D,S,T,2024-08-19,1000000.00,4.125587,102.12878125
08:01:22,912810UC0,TSRYS5860825,D,S,T,2024-08-19,1000000.00,4.118615,102.25
08:01:22,912810UC0,TSRYS5860825,D,S,T,2024-08-19,1000000.00,4.118615,102.25
08:01:22,912810UC0,TSRYS5860825,D,S,T,2024-08-19,1000000.00,4.125587,102.12878125
08:01:22,912810UC0,TSRYS5860825,D,S,T,2024-08-19,1000000.00,4.125818,102.124773
08:01:22,912810UC0,TSRYS5860825,D,S,T,2024-08-19,1000000.00,4.125818,102.124773
08:01:22,912810UC0,TSRYS5860825,D,S,T,2024-08-19,1000000.00,4.126716,102.109175
08:01:22,912810UC0,TSRYS5860825,D,S,A,2024-08-19,10000000.00,4.121759,102.1953125
08:01:22,912810UC0,TSRYS5860825,D,B,A,2024-08-19,5000000.00,4.122629,102.18019
08:01:22,912810UC0,TSRYS5860825,D,B,A,2024-08-19,5000000.00,4.122433,102.18359375
08:01:22,912810UC0,TSRYS5860825,D,S,D,2024-08-19,1000000.00,4.123332,102.16796875
08:01:22,912810UC0,TSRYS5860825,D,S,T,2024-08-19,1000000.00,4.118615,102.25
08:01:22,912810UC0,TSRYS5860825,D,S,D,2024-08-19,1000000.00,4.118615,102.25
08:01:22,912810UC0,TSRYS5860825,D,S,T,2024-08-19,1000000.00,4.118615,102.25
08:01:23,912810UC0,TSRYS5860825,D,S,D,2024-08-19,1000000.00,4.123444,102.16601562
08:01:23,912810UC0,TSRYS5860825,D,S,T,2024-08-19,1000000.00,4.126716,102.109175
08:01:23,912810UC0,TSRYS5860825,D,S,D,2024-08-19,1000000.00,4.123669,102.16210937
08:01:23,912810UC0,TSRYS5860825,D,S,T,2024-08-19,1000000.00,4.128504,102.078125
08:01:23,912810UC0,TSRYS5860825,D,S,C,2024-08-19,1000000.00,4.123669,102.16210937
08:01:23,912810UC0,TSRYS5860825,D,S,C,2024-08-19,1000000.00,4.123669,102.16210937
08:01:23,912810UC0,TSRYS5860825,D,S,T,2024-08-19,1000000.00,4.128624,102.076046875
08:01:23,912810UC0,TSRYS5860825,D,S,T,2024-08-19,1000000.00,4.128512,102.078
08:01:23,912810UC0,TSRYS5860825,D,S,T,2024-08-19,1000000.00,4.128517,102.077898
08:01:23,912810UC0,TSRYS5860825,D,S,T,2024-08-19,1000000.00,4.118615,102.25
08:01:24,912810UC0,TSRYS5860825,D,S,T,2024-08-19,1000000.00,4.12131,102.203125
08:01:24,912810UC0,TSRYS5860825,D,S,T,2024-08-19,1000000.00,4.118615,102.25
08:01:24,912810UC0,TSRYS5860825,D,S,T,2024-08-19,1000000.00,4.12131,102.203125
08:01:24,912810UC0,TSRYS5860825,D,S,D,2024-08-19,6100000.00,4.161942,101.5
08:01:24,912810UC0,TSRYS5860825,D,S,D,2024-08-19,1000000.00,4.142028,101.84375
08:01:25,912810UC0,TSRYS5860825,D,S,T,2024-08-19,1000000.00,4.120411,102.21875
08:01:25,912810UC0,TSRYS5860825,D,S,T,2024-08-19,1000000.00,4.123781,102.16015625
08:01:25,912810UC0,TSRYS5860825,D,S,T,2024-08-19,1000000.00,4.120411,102.21875
08:01:25,912810UC0,TSRYS5860825,D,S,T,2024-08-19,1000000.00,4.125805,102.125
08:01:25,912810UC0,TSRYS5860825,D,S,T,2024-08-19,1000000.00,4.126367,102.115234375
08:01:25,912810UC0,TSRYS5860825,D,S,C,2024-08-19,5000000.00,4.126255,102.1171875
08:01:25,912810UC0,TSRYS5860825,D,S,D,2024-08-19,1000000.00,4.123444,102.16601562
08:01:26,912810UC0,TSRYS5860825,D,S,T,2024-08-19,1000000.00,4.120411,102.21875
08:01:26,912810UC0,TSRYS5860825,D,S,D,2024-08-19,5000000.00,4.156461,101.59445
08:01:26,912810UC0,TSRYS5860825,D,S,D,2024-08-19,5000000.00,4.142078,101.84289
08:01:26,912810UC0,TSRYS5860825,D,S,T,2024-08-19,1000000.00,4.128504,102.078125
08:01:27,912810UC0,TSRYS5860825,D,S,A,2024-08-19,10000000.00,4.122185,102.1879
08:01:27,912810UC0,TSRYS5860825,D,S,T,2024-08-19,1000000.00,4.128504,102.078125
08:01:27,912810UC0,TSRYS5860825,D,S,D,2024-08-19,2000000.00,4.125805,102.125
08:01:27,912810UC0,TSRYS5860825,D,S,T,2024-08-19,1000000.00,4.121991,102.19128125
08:01:27,912810UC0,TSRYS5860825,D,S,T,2024-08-19,1000000.00,4.121984,102.19140625
08:01:27,912810UC0,TSRYS5860825,D,S,T,2024-08-19,1000000.00,4.122096,102.189453125
08:01:27,912810UC0,TSRYS5860825,D,S,T,2024-08-19,1000000.00,4.128954,102.0703125
08:01:28,912810UC0,TSRYS5860825,D,S,T,2024-08-19,1000000.00,4.128954,102.0703125
08:01:28,912810UC0,TSRYS5860825,D,S,T,2024-08-19,1000000.00,4.129413,102.06235
08:01:28,912810UC0,TSRYS5860825,D,S,T,2024-08-19,1000000.00,4.129413,102.06235
08:01:28,912810UC0,TSRYS5860825,D,S,T,2024-08-19,1000000.00,4.12963,102.05859375
08:01:28,912810UC0,TSRYS5860825,D,S,T,2024-08-19,1000000.00,4.129967,102.05273437
08:01:28,912810UC0,TSRYS5860825,D,S,T,2024-08-19,1000000.00,4.12963,102.05859375
08:01:28,912810UC0,TSRYS5860825,D,S,D,2024-08-19,1000000.00,4.123444,102.16601562
08:01:28,912810UC0,TSRYS5860825,D,S,T,2024-08-19,1000000.00,4.13008,102.05078125
08:01:28,912810UC0,TSRYS5860825,D,S,A,2024-08-19,2000000.00,4.125788,102.1253
08:01:29,912810UC0,TSRYS5860825,D,B,C,2024-08-19,1000000.00,4.128504,102.078125
08:01:29,912810UC0,TSRYS5860825,D,B,C,2024-08-19,1000000.00,4.128504,102.078125
08:01:30,912810UC0,TSRYS5860825,D,S,D,2024-08-19,1000000.00,4.144399,101.802734375
08:01:30,912810UC0,TSRYS5860825,D,S,D,2024-08-19,1000000.00,4.123332,102.16796875
08:01:30,912810UC0,TSRYS5860825,D,B,C,2024-08-19,1000000.00,4.121759,102.1953125
08:01:30,912810UC0,TSRYS5860825,D,S,A,2024-08-19,3000000.00,4.157634,101.57421875
08:01:30,912810UC0,TSRYS5860825,D,S,T,2024-08-19,1000000.00,4.128504,102.078125
08:01:30,912810UC0,TSRYS5860825,D,S,D,2024-08-19,1000000.00,4.122208,102.1875
08:01:30,912810UC0,TSRYS5860825,D,S,D,2024-08-19,1000000.00,4.144399,101.802734375
08:01:30,912810UC0,TSRYS5860825,D,S,D,2024-08-19,2000000.00,4.12448,102.14802
08:01:30,912810UC0,TSRYS5860825,D,S,D,2024-08-19,1000000.00,4.144399,101.802734375
08:01:30,912810UC0,TSRYS5860825,D,S,T,2024-08-19,1000000.00,4.125805,102.125
08:01:30,912810UC0,TSRYS5860825,D,B,C,2024-08-19,6000000.00,4.123438,102.16613
08:01:31,912810UC0,TSRYS5860825,D,S,D,2024-08-19,1000000.00,4.144399,101.802734375
08:01:31,912810UC0,TSRYS5860825,D,S,D,2024-08-19,1000000.00,4.144399,101.802734375
08:01:31,912810UC0,TSRYS5860825,D,B,C,2024-08-19,1000000.00,4.144399,101.802734375
08:01:31,912810UC0,TSRYS5860825,D,S,D,2024-08-19,1000000.00,4.144399,101.802734375
08:01:31,912810UC0,TSRYS5860825,D,B,C,2024-08-19,1000000.00,4.144625,101.798828125
08:01:31,912810UC0,TSRYS5860825,D,S,D,2024-08-19,1000000.00,4.144625,101.798828125
08:01:31,912810UC0,TSRYS5860825,D,B,C,2024-08-19,1000000.00,4.145077,101.791015625
08:01:31,912810UC0,TSRYS5860825,D,S,D,2024-08-19,1000000.00,4.145077,101.791015625
08:01:31,912810UC0,TSRYS5860825,D,S,D,2024-08-19,1000000.00,4.144286,101.8046875
08:01:32,912810UC0,TSRYS5860825,D,S,A,2024-08-19,198000.00,4.119962,102.2265625
08:01:32,912810UC0,TSRYS5860825,D,S,T,2024-08-19,1000000.00,4.126817,102.107421875
08:01:32,912810UC0,TSRYS5860825,D,S,T,2024-08-19,1000000.00,4.125811,102.124898
08:01:32,912810UC0,TSRYS5860825,D,S,T,2024-08-19,1000000.00,4.125811,102.124898
08:01:32,912810UC0,TSRYS5860825,D,S,T,2024-08-19,1000000.00,4.125811,102.124898
08:01:32,912810UC0,TSRYS5860825,D,S,T,2024-08-19,1000000.00,4.125811,102.124898
08:01:32,912810UC0,TSRYS5860825,D,S,T,2024-08-19,1000000.00,4.125811,102.124898
08:01:32,912810UC0,TSRYS5860825,D,S,T,2024-08-19,2000000.00,4.124911,102.140523
08:01:32,912810UC0,TSRYS5860825,D,S,T,2024-08-19,1000000.00,4.124911,102.140523
08:01:32,912810UC0,TSRYS5860825,D,S,T,2024-08-19,1000000.00,4.125805,102.125
08:01:32,912810UC0,TSRYS5860825,D,S,T,2024-08-19,1000000.00,4.124911,102.140523
08:01:32,912810UC0,TSRYS5860825,D,S,A,2024-08-19,500000.00,4.119064,102.2421875
08:01:32,912810UC0,TSRYS5860825,D,S,T,2024-08-19,1000000.00,4.124911,102.140523
08:01:32,912810UC0,TSRYS5860825,D,S,A,2024-08-19,20000.00,4.120624,102.21484375
08:01:32,912810UC0,TSRYS5860825,D,S,T,2024-08-19,1000000.00,4.125811,102.124898
08:01:32,912810UC0,TSRYS5860825,D,S,T,2024-08-19,1000000.00,4.125811,102.124898
08:01:32,912810UC0,TSRYS5860825,D,S,T,2024-08-19,1000000.00,4.125811,102.124898
08:01:33,912810UC0,TSRYS5860825,D,S,T,2024-08-19,1000000.00,4.125811,102.124898
08:01:33,912810UC0,TSRYS5860825,D,S,T,2024-08-19,1000000.00,4.125811,102.124898
08:01:33,912810UC0,TSRYS5860825,D,S,T,2024-08-19,1000000.00,4.125805,102.125
08:01:33,912810UC0,TSRYS5860825,D,S,T,2024-08-19,1000000.00,4.125811,102.124898
08:01:33,912810UC0,TSRYS5860825,D,S,T,2024-08-19,1000000.00,4.125811,102.124898
08:01:33,912810UC0,TSRYS5860825,D,S,T,2024-08-19,1000000.00,4.125811,102.124898
08:01:33,912810UC0,TSRYS5860825,D,S,T,2024-08-19,1000000.00,4.125811,102.124898
08:01:34,912810UC0,TSRYS5860825,D,S,D,2024-08-19,7000000.00,4.119557,102.23361
08:01:34,912810UC0,TSRYS5860825,D,B,A,2024-08-19,250000.00,4.126918,102.10546875
08:01:34,912810UC0,TSRYS5860825,D,B,C,2024-08-19,1000000.00,4.141576,101.8515625
08:01:34,912810UC0,TSRYS5860825,D,S,D,2024-08-19,1000000.00,4.141576,101.8515625
08:01:34,912810UC0,TSRYS5860825,D,S,T,2024-08-19,1000000.00,4.124906,102.140625
08:01:34,912810UC0,TSRYS5860825,D,B,C,2024-08-19,1000000.00,4.141576,101.8515625
08:01:34,912810UC0,TSRYS5860825,D,S,D,2024-08-19,1000000.00,4.141576,101.8515625
08:01:34,912810UC0,TSRYS5860825,D,B,C,2024-08-19,1000000.00,4.141576,101.8515625
08:01:34,912810UC0,TSRYS5860825,D,S,D,2024-08-19,1000000.00,4.141576,101.8515625
08:01:34,912810UC0,TSRYS5860825,D,B,A,2024-08-19,5000000.00,4.123107,102.171875
08:01:34,912810UC0,TSRYS5860825,D,S,T,2024-08-19,1000000.00,4.125805,102.125
08:01:34,912810UC0,TSRYS5860825,D,B,C,2024-08-19,1000000.00,4.141576,101.8515625
08:01:34,912810UC0,TSRYS5860825,D,S,D,2024-08-19,1000000.00,4.141576,101.8515625
08:01:34,912810UC0,TSRYS5860825,D,S,D,2024-08-19,1000000.00,4.121197,102.20507812
08:01:34,912810UC0,TSRYS5860825,D,B,C,2024-08-19,1000000.00,4.141576,101.8515625
08:01:34,912810UC0,TSRYS5860825,D,S,D,2024-08-19,1000000.00,4.141576,101.8515625
08:01:34,912810UC0,TSRYS5860825,D,S,D,2024-08-19,3000000.00,4.128928,102.07077
08:01:34,912810UC0,TSRYS5860825,D,B,C,2024-08-19,1000000.00,4.141576,101.8515625
08:01:34,912810UC0,TSRYS5860825,D,S,D,2024-08-19,1000000.00,4.141576,101.8515625
08:01:34,912810UC0,TSRYS5860825,D,B,C,2024-08-19,1000000.00,4.141576,101.8515625
08:01:34,912810UC0,TSRYS5860825,D,S,D,2024-08-19,1000000.00,4.141576,101.8515625
08:01:34,912810UC0,TSRYS5860825,D,B,C,2024-08-19,1000000.00,4.141802,101.84765625
08:01:34,912810UC0,TSRYS5860825,D,S,D,2024-08-19,1000000.00,4.141802,101.84765625
08:01:35,912810UC0,TSRYS5860825,D,B,C,2024-08-19,1000000.00,4.141915,101.845703125
08:01:35,912810UC0,TSRYS5860825,D,S,D,2024-08-19,1000000.00,4.141915,101.845703125
08:01:35,912810UC0,TSRYS5860825,D,S,D,2024-08-19,1000000.00,4.142141,101.841796875
08:01:35,912810UC0,TSRYS5860825,D,S,D,2024-08-19,6000000.00,4.125809,102.12493
08:01:35,912810UC0,TSRYS5860825,D,B,C,2024-08-19,1000000.00,4.142141,101.841796875
08:01:35,912810UC0,TSRYS5860825,D,B,C,2024-08-19,1000000.00,4.141915,101.845703125
08:01:35,912810UC0,TSRYS5860825,D,S,D,2024-08-19,1000000.00,4.141915,101.845703125
08:01:35,912810UC0,TSRYS5860825,D,S,D,2024-08-19,1000000.00,4.125805,102.125
08:01:35,912810UC0,TSRYS5860825,D,S,D,2024-08-19,1000000.00,4.142028,101.84375
08:01:35,912810UC0,TSRYS5860825,D,B,C,2024-08-19,1000000.00,4.142028,101.84375
08:01:35,912810UC0,TSRYS5860825,D,S,T,2024-08-19,1000000.00,4.124906,102.140625
08:01:35,912810UC0,TSRYS5860825,D,B,C,2024-08-19,1000000.00,4.141689,101.849609375
08:01:35,912810UC0,TSRYS5860825,D,S,D,2024-08-19,1000000.00,4.141689,101.849609375
08:01:36,912810UC0,TSRYS5860825,D,B,C,2024-08-19,1000000.00,4.141802,101.84765625
08:01:36,912810UC0,TSRYS5860825,D,S,D,2024-08-19,1000000.00,4.141802,101.84765625
08:01:36,912810UC0,TSRYS5860825,D,S,T,2024-08-19,1000000.00,4.126705,102.109375
08:01:36,912810UC0,TSRYS5860825,D,S,D,2024-08-19,1000000.00,4.129122,102.06741
08:01:38,912810UC0,TSRYS5860825,D,S,D,2024-08-19,1000000.00,4.125805,102.125
08:01:38,912810UC0,TSRYS5860825,D,S,D,2024-08-19,1000000.00,4.125805,102.125
08:01:38,912810UC0,TSRYS5860825,D,S,D,2024-08-19,1000000.00,4.125355,102.1328125
08:01:38,912810UC0,TSRYS5860825,D,S,D,2024-08-19,1000000.00,4.125355,102.1328125
08:01:38,912810UC0,TSRYS5860825,D,S,D,2024-08-19,1000000.00,4.125355,102.1328125
08:01:39,912810UC0,TSRYS5860825,D,S,D,2024-08-19,1000000.00,4.12513,102.13671875
08:01:39,912810UC0,TSRYS5860825,D,S,T,2024-08-19,1000000.00,4.12513,102.13671875
08:01:39,912810UC0,TSRYS5860825,D,B,A,2024-08-19,1000000.00,4.118615,102.25
08:01:39,912810UC0,TSRYS5860825,D,S,D,2024-08-19,1000000.00,4.126592,102.11132812
08:01:39,912810UC0,TSRYS5860825,D,S,D,2024-08-19,1000000.00,4.126592,102.11132812
08:01:39,912810UC0,TSRYS5860825,D,S,D,2024-08-19,1000000.00,4.126592,102.11132812
08:01:39,912810UC0,TSRYS5860825,D,S,D,2024-08-19,1000000.00,4.126592,102.11132812
08:01:39,912810UC0,TSRYS5860825,D,S,D,2024-08-19,1000000.00,4.126592,102.11132812
08:01:39,912810UC0,TSRYS5860825,D,B,C,2024-08-19,16000000.00,4.126971,102.10474
08:01:39,912810UC0,TSRYS5860825,D,S,T,2024-08-19,1000000.00,4.126705,102.109375
08:01:39,912810UC0,TSRYS5860825,D,S,T,2024-08-19,1000000.00,4.126705,102.109375
08:01:39,912810UC0,TSRYS5860825,D,S,T,2024-08-19,1000000.00,4.126705,102.109375
08:01:39,912810UC0,TSRYS5860825,D,S,T,2024-08-19,1000000.00,4.126705,102.109375
08:01:40,912810UC0,TSRYS5860825,D,S,T,2024-08-19,1000000.00,4.126705,102.109375
08:01:40,912810UC0,TSRYS5860825,D,S,T,2024-08-19,1000000.00,4.126705,102.109375
08:01:40,912810UC0,TSRYS5860825,D,S,T,2024-08-19,1000000.00,4.125805,102.125
08:01:40,912810UC0,TSRYS5860825,D,S,T,2024-08-19,1000000.00,4.129517,102.06054687
08:01:40,912810UC0,TSRYS5860825,D,S,T,2024-08-19,1000000.00,4.126705,102.109375
08:01:40,912810UC0,TSRYS5860825,D,S,D,2024-08-19,1000000.00,4.129517,102.06054687
08:01:40,912810UC0,TSRYS5860825,D,S,T,2024-08-19,1000000.00,4.124906,102.140625
08:01:41,912810UC0,TSRYS5860825,D,S,D,2024-08-19,2000000.00,4.125702,102.12679
08:01:41,912810UC0,TSRYS5860825,D,S,T,2024-08-19,1000000.00,4.126705,102.109375
08:01:41,912810UC0,TSRYS5860825,D,S,T,2024-08-19,1000000.00,4.130755,102.0390625
08:01:41,912810UC0,TSRYS5860825,D,S,T,2024-08-19,1000000.00,4.130868,102.03710937
08:01:41,912810UC0,TSRYS5860825,D,S,C,2024-08-19,10000000.00,4.12241,102.18399375
08:01:41,912810UC0,TSRYS5860825,D,S,T,2024-08-19,1000000.00,4.121197,102.20507812
08:01:41,912810UC0,TSRYS5860825,D,S,T,2024-08-19,1000000.00,4.121197,102.20507812
08:01:41,912810UC0,TSRYS5860825,D,S,D,2024-08-19,13000000.00,4.124224,102.15247
08:01:41,912810UC0,TSRYS5860825,D,S,D,2024-08-19,1000000.00,4.120973,102.20898437
08:01:41,912810UC0,TSRYS5860825,D,S,T,2024-08-19,1000000.00,4.125805,102.125
08:01:41,912810UC0,TSRYS5860825,D,S,D,2024-08-19,1000000.00,4.120636,102.21484375
08:01:42,912810UC0,TSRYS5860825,D,S,T,2024-08-19,1000000.00,4.125805,102.125
08:01:42,912810UC0,TSRYS5860825,D,S,D,2024-08-19,1000000.00,4.142931,101.828125
08:01:42,912810UC0,TSRYS5860825,D,S,D,2024-08-19,1000000.00,4.142931,101.828125
08:01:42,912810UC0,TSRYS5860825,D,S,C,2024-08-19,1000000.00,4.140899,101.86328125
08:01:42,912810UC0,TSRYS5860825,D,S,D,2024-08-19,1000000.00,4.141351,101.85546875
08:01:42,912810UC0,TSRYS5860825,D,S,D,2024-08-19,1000000.00,4.141125,101.859375
08:01:42,912810UC0,TSRYS5860825,D,S,D,2024-08-19,1000000.00,4.141125,101.859375
08:01:42,912810UC0,TSRYS5860825,D,B,C,2024-08-19,1000000.00,4.140674,101.8671875
08:01:42,912810UC0,TSRYS5860825,D,S,D,2024-08-19,1000000.00,4.140674,101.8671875
08:01:42,912810UC0,TSRYS5860825,D,S,D,2024-08-19,1000000.00,4.140786,101.865234375
08:01:42,912810UC0,TSRYS5860825,D,B,C,2024-08-19,1000000.00,4.140786,101.865234375
08:01:42,912810UC0,TSRYS5860825,D,S,D,2024-08-19,1000000.00,4.141915,101.845703125
08:01:42,912810UC0,TSRYS5860825,D,B,C,2024-08-19,1000000.00,4.141915,101.845703125
08:01:42,912810UC0,TSRYS5860825,D,B,C,2024-08-19,1000000.00,4.141464,101.853515625
08:01:42,912810UC0,TSRYS5860825,D,S,D,2024-08-19,1000000.00,4.141464,101.853515625
08:01:42,912810UC0,TSRYS5860825,D,S,D,2024-08-19,1000000.00,4.121085,102.20703125
08:01:42,912810UC0,TSRYS5860825,D,S,D,2024-08-19,1000000.00,4.121085,102.20703125
08:01:42,912810UC0,TSRYS5860825,D,S,D,2024-08-19,1000000.00,4.126705,102.109375
08:01:43,912810UC0,TSRYS5860825,D,S,T,2024-08-19,1000000.00,4.121647,102.19726562
08:01:43,912810UC0,TSRYS5860825,D,S,D,2024-08-19,1000000.00,4.121534,102.19921875
08:01:43,912810UC0,TSRYS5860825,D,S,T,2024-08-19,1000000.00,4.121647,102.19726562
08:01:43,912810UC0,TSRYS5860825,D,S,D,2024-08-19,1000000.00,4.12131,102.203125
08:01:43,912810UC0,TSRYS5860825,D,S,T,2024-08-19,1000000.00,4.125805,102.125
08:01:43,912810UC0,TSRYS5860825,D,S,T,2024-08-19,1000000.00,4.121321,102.202925
08:01:43,912810UC0,TSRYS5860825,D,S,T,2024-08-19,1000000.00,4.126705,102.109375
08:01:44,912810UC0,TSRYS5860825,D,S,D,2024-08-19,2000000.00,4.118615,102.25
08:01:44,912810UC0,TSRYS5860825,D,S,D,2024-08-19,2000000.00,4.118615,102.25
08:01:44,912810UC0,TSRYS5860825,D,S,D,2024-08-19,1000000.00,4.118615,102.25
08:01:44,912810UC0,TSRYS5860825,D,B,C,2024-08-19,5000000.00,4.118644,102.2495
08:01:44,912810UC0,TSRYS5860825,D,S,D,2024-08-19,2000000.00,4.117717,102.265625
08:01:44,912810UC0,TSRYS5860825,D,S,D,2024-08-19,3000000.00,4.117717,102.265625
08:01:44,912810UC0,TSRYS5860825,D,B,C,2024-08-19,5000000.00,4.117745,102.26513
08:01:44,912810UC0,TSRYS5860825,D,S,T,2024-08-19,2000000.00,4.127604,102.09375
08:01:44,912810UC0,TSRYS5860825,D,S,T,2024-08-19,1000000.00,4.126705,102.109375
08:01:44,912810UC0,TSRYS5860825,D,S,D,2024-08-19,1000000.00,4.12322,102.16992187
08:01:45,912810UC0,TSRYS5860825,D,B,A,2024-08-19,3000000.00,4.140899,101.86328125
08:01:45,912810UC0,TSRYS5860825,D,B,A,2024-08-19,5000000.00,4.136388,101.94140625
08:01:45,912810UC0,TSRYS5860825,D,S,T,2024-08-19,2000000.00,4.127604,102.09375
08:01:46,912810UC0,TSRYS5860825,D,S,T,2024-08-19,1000000.00,4.126705,102.109375
08:01:46,912810UC0,TSRYS5860825,D,S,T,2024-08-19,1000000.00,4.126705,102.109375
08:01:46,912810UC0,TSRYS5860825,D,S,T,2024-08-19,1000000.00,4.124906,102.140625
08:01:46,912810UC0,TSRYS5860825,D,S,C,2024-08-19,1000000.00,4.125018,102.13867187
08:01:46,912810UC0,TSRYS5860825,D,S,D,2024-08-19,1000000.00,4.124456,102.1484375
08:01:46,912810UC0,TSRYS5860825,D,S,C,2024-08-19,1000000.00,4.124456,102.1484375
08:01:47,912810UC0,TSRYS5860825,D,S,D,2024-08-19,1000000.00,4.123557,102.1640625
08:01:47,912810UC0,TSRYS5860825,D,S,T,2024-08-19,1000000.00,4.123781,102.16015625
08:01:47,912810UC0,TSRYS5860825,D,S,T,2024-08-19,1000000.00,4.123781,102.16015625
08:01:47,912810UC0,TSRYS5860825,D,S,D,2024-08-19,1000000.00,4.12513,102.13671875
08:01:47,912810UC0,TSRYS5860825,D,S,D,2024-08-19,1000000.00,4.127717,102.09179687
08:01:47,912810UC0,TSRYS5860825,D,B,C,2024-08-19,1000000.00,4.127154,102.1015625
08:01:48,912810UC0,TSRYS5860825,D,S,C,2024-08-19,1000000.00,4.127135,102.1019
08:01:48,912810UC0,TSRYS5860825,D,S,D,2024-08-19,1000000.00,4.121085,102.20703125
08:01:48,912810UC0,TSRYS5860825,D,S,D,2024-08-19,1000000.00,4.120973,102.20898437
08:01:48,912810UC0,TSRYS5860825,D,S,A,2024-08-19,100000.00,4.119052,102.2421875
08:01:48,912810UC0,TSRYS5860825,D,S,D,2024-08-19,1000000.00,4.121085,102.20703125
08:01:49,912810UC0,TSRYS5860825,D,S,D,2024-08-19,1000000.00,4.119738,102.23046875
08:01:49,912810UC0,TSRYS5860825,D,S,T,2024-08-19,1000000.00,4.122208,102.1875
08:01:49,912810UC0,TSRYS5860825,D,S,D,2024-08-19,1000000.00,4.118166,102.2578125
08:01:50,912810UC0,TSRYS5860825,D,S,T,2024-08-19,1000000.00,4.119513,102.234375
08:01:50,912810UC0,TSRYS5860825,D,S,T,2024-08-19,1000000.00,4.119513,102.234375
08:01:50,912810UC0,TSRYS5860825,D,S,D,2024-08-19,1000000.00,4.119962,102.2265625
08:01:50,912810UC0,TSRYS5860825,D,S,T,2024-08-19,1000000.00,4.119513,102.234375
08:01:50,912810UC0,TSRYS5860825,D,S,D,2024-08-19,1000000.00,4.119625,102.23242187
08:01:50,912810UC0,TSRYS5860825,D,S,T,2024-08-19,1000000.00,4.119513,102.234375
08:01:50,912810UC0,TSRYS5860825,D,S,T,2024-08-19,1000000.00,4.126705,102.109375
08:01:50,912810UC0,TSRYS5860825,D,S,D,2024-08-19,1000000.00,4.120636,102.21484375
08:01:50,912810UC0,TSRYS5860825,D,S,T,2024-08-19,1000000.00,4.121197,102.20507812
08:01:50,912810UC0,TSRYS5860825,D,S,T,2024-08-19,1000000.00,4.126705,102.109375
08:01:50,912810UC0,TSRYS5860825,D,S,D,2024-08-19,1000000.00,4.121085,102.20703125
08:01:50,912810UC0,TSRYS5860825,D,S,T,2024-08-19,1000000.00,4.126705,102.109375
08:01:50,912810UC0,TSRYS5860825,D,S,D,2024-08-19,1000000.00,4.121197,102.20507812
08:01:50,912810UC0,TSRYS5860825,D,S,D,2024-08-19,1000000.00,4.121085,102.20703125
08:01:50,912810UC0,TSRYS5860825,D,S,T,2024-08-19,1000000.00,4.120748,102.21289062
08:01:50,912810UC0,TSRYS5860825,D,S,T,2024-08-19,1000000.00,4.120748,102.21289062
08:01:50,912810UC0,TSRYS5860825,D,S,C,2024-08-19,1000000.00,4.135711,101.953125
08:01:50,912810UC0,TSRYS5860825,D,S,D,2024-08-19,1000000.00,4.11985,102.22851562
08:01:50,912810UC0,TSRYS5860825,D,S,D,2024-08-19,1000000.00,4.119962,102.2265625
08:01:50,912810UC0,TSRYS5860825,D,S,D,2024-08-19,1000000.00,4.119962,102.2265625
08:01:50,912810UC0,TSRYS5860825,D,S,T,2024-08-19,1000000.00,4.120299,102.220703125
08:01:50,912810UC0,TSRYS5860825,D,S,D,2024-08-19,1000000.00,4.119962,102.2265625
08:01:51,912810UC0,TSRYS5860825,D,S,D,2024-08-19,1000000.00,4.119513,102.234375
08:01:51,912810UC0,TSRYS5860825,D,S,D,2024-08-19,1000000.00,4.119738,102.23046875
08:01:51,912810UC0,TSRYS5860825,D,S,D,2024-08-19,1000000.00,4.119738,102.23046875
08:01:51,912810UC0,TSRYS5860825,D,S,D,2024-08-19,1000000.00,4.119738,102.23046875
08:01:51,912810UC0,TSRYS5860825,D,S,D,2024-08-19,1000000.00,4.119738,102.23046875
08:01:51,912810UC0,TSRYS5860825,D,S,T,2024-08-19,1000000.00,4.117044,102.27734375
08:01:51,912810UC0,TSRYS5860825,D,S,D,2024-08-19,1000000.00,4.121085,102.20703125
08:01:51,912810UC0,TSRYS5860825,D,S,D,2024-08-19,1000000.00,4.121085,102.20703125
08:01:51,912810UC0,TSRYS5860825,D,S,D,2024-08-19,1000000.00,4.121085,102.20703125
08:01:51,912810UC0,TSRYS5860825,D,S,T,2024-08-19,1000000.00,4.121085,102.20703125
08:01:51,912810UC0,TSRYS5860825,D,S,D,2024-08-19,1000000.00,4.121085,102.20703125
08:01:51,912810UC0,TSRYS5860825,D,S,D,2024-08-19,1000000.00,4.121085,102.20703125
08:01:51,912810UC0,TSRYS5860825,D,S,T,2024-08-19,1000000.00,4.121085,102.20703125
08:01:51,912810UC0,TSRYS5860825,D,S,D,2024-08-19,1000000.00,4.121085,102.20703125
08:01:51,912810UC0,TSRYS5860825,D,S,D,2024-08-19,1000000.00,4.121085,102.20703125
08:01:51,912810UC0,TSRYS5860825,D,B,C,2024-08-19,1000000.00,4.120074,102.22460937
08:01:51,912810UC0,TSRYS5860825,D,S,C,2024-08-19,1000000.00,4.121085,102.20703125
08:01:51,912810UC0,TSRYS5860825,D,S,D,2024-08-19,1000000.00,4.122208,102.1875
08:01:51,912810UC0,TSRYS5860825,D,S,D,2024-08-19,1000000.00,4.122208,102.1875
08:01:52,912810UC0,TSRYS5860825,D,S,D,2024-08-19,1000000.00,4.122433,102.18359375
08:01:52,912810UC0,TSRYS5860825,D,S,D,2024-08-19,1000000.00,4.122433,102.18359375
08:01:52,912810UC0,TSRYS5860825,D,S,D,2024-08-19,1000000.00,4.122433,102.18359375
08:01:52,912810UC0,TSRYS5860825,D,S,D,2024-08-19,1000000.00,4.122433,102.18359375
08:01:52,912810UC0,TSRYS5860825,D,S,T,2024-08-19,1000000.00,4.122433,102.18359375
08:01:52,912810UC0,TSRYS5860825,D,S,T,2024-08-19,1000000.00,4.122433,102.18359375
08:01:52,912810UC0,TSRYS5860825,D,S,T,2024-08-19,1000000.00,4.122321,102.18554687
08:01:52,912810UC0,TSRYS5860825,D,S,D,2024-08-19,1000000.00,4.122433,102.18359375
08:01:52,912810UC0,TSRYS5860825,D,S,D,2024-08-19,1000000.00,4.122433,102.18359375
08:01:52,912810UC0,TSRYS5860825,D,S,T,2024-08-19,1000000.00,4.122433,102.18359375
08:01:52,912810UC0,TSRYS5860825,D,S,D,2024-08-19,1000000.00,4.122433,102.18359375
08:01:52,912810UC0,TSRYS5860825,D,S,D,2024-08-19,1000000.00,4.122321,102.18554687
08:01:52,912810UC0,TSRYS5860825,D,S,D,2024-08-19,1000000.00,4.121085,102.20703125
08:01:52,912810UC0,TSRYS5860825,D,S,T,2024-08-19,1000000.00,4.121085,102.20703125
08:01:52,912810UC0,TSRYS5860825,D,S,D,2024-08-19,1000000.00,4.121085,102.20703125
08:01:52,912810UC0,TSRYS5860825,D,S,T,2024-08-19,1000000.00,4.121085,102.20703125
08:01:52,912810UC0,TSRYS5860825,D,S,T,2024-08-19,1000000.00,4.116819,102.28125
08:01:52,912810UC0,TSRYS5860825,D,S,D,2024-08-19,1000000.00,4.119738,102.23046875
08:01:52,912810UC0,TSRYS5860825,D,S,D,2024-08-19,1000000.00,4.119738,102.23046875
08:01:52,912810UC0,TSRYS5860825,D,S,D,2024-08-19,9000000.00,4.12603,102.12109375
08:01:52,912810UC0,TSRYS5860825,D,S,D,2024-08-19,1000000.00,4.11839,102.25390625
08:01:52,912810UC0,TSRYS5860825,D,S,T,2024-08-19,1000000.00,4.127604,102.09375
08:01:52,912810UC0,TSRYS5860825,D,S,T,2024-08-19,1000000.00,4.118278,102.25585937
08:01:52,912810UC0,TSRYS5860825,D,S,D,2024-08-19,1000000.00,4.11839,102.25390625
08:01:52,912810UC0,TSRYS5860825,D,S,D,2024-08-19,1000000.00,4.11839,102.25390625
08:01:52,912810UC0,TSRYS5860825,D,S,T,2024-08-19,1000000.00,4.126705,102.109375
08:01:52,912810UC0,TSRYS5860825,D,S,D,2024-08-19,1000000.00,4.118166,102.2578125
08:01:52,912810UC0,TSRYS5860825,D,S,T,2024-08-19,1000000.00,4.118278,102.25585937
08:01:52,912810UC0,TSRYS5860825,D,S,C,2024-08-19,11000000.00,4.119713,102.23089
08:01:53,912810UC0,TSRYS5860825,D,S,C,2024-08-19,15000000.00,4.141757,101.84844
08:01:53,912810UC0,TSRYS5860825,D,S,C,2024-08-19,2000000.00,4.126817,102.10743
08:01:53,912810UC0,TSRYS5860825,D,S,D,2024-08-19,1000000.00,4.140263,101.8743
08:01:53,912810UC0,TSRYS5860825,D,S,C,2024-08-19,6000000.00,4.141219,101.85775
08:01:53,912810UC0,TSRYS5860825,D,B,C,2024-08-19,3000000.00,4.120337,102.22005
08:01:53,912810UC0,TSRYS5860825,D,B,C,2024-08-19,3000000.00,4.118765,102.24739
