tradeTime,cusip,issueSymbolIdentifier,priceType,reportingSideCode,contraPartyTypeCode,tradeDate,reportedTradeVolume,lastSaleYield,lastSalePrice
08:00:03,912810TX6,TSRYS5743665,D,S,D,2024-04-19,1000000.00,4.698565,92.837890625
08:00:03,912810TX6,TSRYS5743665,D,S,D,2024-04-19,1000000.00,4.698565,92.837890625
08:00:03,912810TX6,TSRYS5743665,D,S,T,2024-04-19,1000000.00,4.696113,92.875
08:00:06,912810TX6,TSRYS5743665,D,S,D,2024-04-19,1000000.00,4.686833,93.015625
08:00:06,912810TX6,TSRYS5743665,D,S,D,2024-04-19,1000000.00,4.686833,93.015625
08:00:06,912810TX6,TSRYS5743665,D,S,D,2024-04-19,1000000.00,4.66116,93.40625
08:00:06,912810TX6,TSRYS5743665,D,S,C,2024-04-19,1000000.00,4.656172,93.482421875
08:00:06,912810TX6,TSRYS5743665,D,S,C,2024-04-19,1000000.00,4.657834,93.45703125
08:00:06,912810TX6,TSRYS5743665,D,S,C,2024-04-19,1000000.00,4.657834,93.45703125
08:00:06,912810TX6,TSRYS5743665,D,S,C,2024-04-19,1000000.00,4.654639,93.505859375
08:00:06,912810TX6,TSRYS5743665,D,S,C,2024-04-19,1000000.00,4.6563,93.48046875
08:00:06,912810TX6,TSRYS5743665,D,S,C,2024-04-19,1000000.00,4.657834,93.45703125
08:00:06,912810TX6,TSRYS5743665,D,S,C,2024-04-19,1000000.00,4.657834,93.45703125
08:00:06,912810TX6,TSRYS5743665,D,S,C,2024-04-19,1000000.00,4.657706,93.458984375
08:00:06,912810TX6,TSRYS5743665,D,S,C,2024-04-19,1000000.00,4.657706,93.458984375
08:00:06,912810TX6,TSRYS5743665,D,S,T,2024-04-19,1000000.00,4.649275,93.587890625
08:00:06,912810TX6,TSRYS5743665,D,S,T,2024-04-19,1000000.00,4.642771,93.6875
08:00:06,912810TX6,TSRYS5743665,D,S,T,2024-04-19,1000000.00,4.644811,93.65625
08:00:06,912810TX6,TSRYS5743665,D,S,T,2024-04-19,1000000.00,4.648892,93.59375
08:00:06,912810TX6,TSRYS5743665,D,S,T,2024-04-19,1000000.00,4.643281,93.6796875
08:00:06,912810TX6,TSRYS5743665,D,S,T,2024-04-19,1000000.00,4.64137,93.708984375
08:00:06,912810TX6,TSRYS5743665,D,S,D,2024-04-19,1000000.00,4.641243,93.7109375
08:00:06,912810TX6,TSRYS5743665,D,S,D,2024-04-19,1000000.00,4.636659,93.78125
08:00:06,912810TX6,TSRYS5743665,D,S,T,2024-04-19,1000000.00,4.636405,93.78515625
08:00:06,912810TX6,TSRYS5743665,D,S,T,2024-04-19,1000000.00,4.641243,93.7109375
08:00:06,912810TX6,TSRYS5743665,D,S,D,2024-04-19,1000000.00,4.636659,93.78125
08:00:06,912810TX6,TSRYS5743665,D,S,T,2024-04-19,1000000.00,4.633606,93.828125
08:00:06,912810TX6,TSRYS5743665,D,S,T,2024-04-19,1000000.00,4.633606,93.828125
08:00:06,912810TX6,TSRYS5743665,D,S,T,2024-04-19,1000000.00,4.633606,93.828125
08:00:06,912810TX6,TSRYS5743665,D,S,D,2024-04-19,1000000.00,4.645576,93.64453125
08:00:06,912810TX6,TSRYS5743665,D,S,D,2024-04-19,1000000.00,4.644556,93.66015625
08:00:06,912810TX6,TSRYS5743665,D,S,D,2024-04-19,750000.00,4.644556,93.66015625
08:00:06,912810TX6,TSRYS5743665,D,S,D,2024-04-19,1000000.00,4.645321,93.6484375
08:00:06,912810TX6,TSRYS5743665,D,S,D,2024-04-19,1000000.00,4.645831,93.640625
08:00:06,912810TX6,TSRYS5743665,D,S,T,2024-04-19,1000000.00,4.644811,93.65625
08:00:06,912810TX6,TSRYS5743665,D,S,D,2024-04-19,1000000.00,4.643536,93.67578125
08:00:06,912810TX6,TSRYS5743665,D,S,D,2024-04-19,750000.00,4.642517,93.69140625
08:00:06,912810TX6,TSRYS5743665,D,S,D,2024-04-19,1000000.00,4.642517,93.69140625
08:00:06,912810TX6,TSRYS5743665,D,S,D,2024-04-19,1000000.00,4.640733,93.71875
08:00:06,912810TX6,TSRYS5743665,D,S,D,2024-04-19,1000000.00,4.638441,93.75390625
08:00:06,912810TX6,TSRYS5743665,D,S,D,2024-04-19,1000000.00,4.638441,93.75390625
08:00:06,912810TX6,TSRYS5743665,D,S,D,2024-04-19,1000000.00,4.639205,93.7421875
08:00:06,912810TX6,TSRYS5743665,D,S,D,2024-04-19,3000000.00,4.637932,93.76171875
08:00:06,912810TX6,TSRYS5743665,D,S,D,2024-04-19,2750000.00,4.63615,93.7890625
08:00:06,912810TX6,TSRYS5743665,D,S,D,2024-04-19,1000000.00,4.638696,93.75
08:00:06,912810TX6,TSRYS5743665,D,S,D,2024-04-19,1000000.00,4.640478,93.72265625
08:00:06,912810TX6,TSRYS5743665,D,S,D,2024-04-19,1000000.00,4.640988,93.71484375
08:00:06,912810TX6,TSRYS5743665,D,S,D,2024-04-19,1000000.00,4.639969,93.73046875
08:00:06,912810TX6,TSRYS5743665,D,S,D,2024-04-19,1000000.00,4.639969,93.73046875
08:00:06,912810TX6,TSRYS5743665,D,S,D,2024-04-19,1000000.00,4.639969,93.73046875
08:00:06,912810TX6,TSRYS5743665,D,S,D,2024-04-19,1000000.00,4.639969,93.73046875
08:00:06,912810TX6,TSRYS5743665,D,S,D,2024-04-19,1000000.00,4.639969,93.73046875
08:00:06,912810TX6,TSRYS5743665,D,S,D,2024-04-19,1000000.00,4.639969,93.73046875
08:00:06,912810TX6,TSRYS5743665,D,S,D,2024-04-19,750000.00,4.638441,93.75390625
08:00:06,912810TX6,TSRYS5743665,D,S,D,2024-04-19,1000000.00,4.63946,93.73828125
08:00:06,912810TX6,TSRYS5743665,D,S,D,2024-04-19,1000000.00,4.637423,93.76953125
08:00:06,912810TX6,TSRYS5743665,D,S,D,2024-04-19,1000000.00,4.637423,93.76953125
08:00:06,912810TX6,TSRYS5743665,D,S,D,2024-04-19,1000000.00,4.637423,93.76953125
08:00:06,912810TX6,TSRYS5743665,D,S,D,2024-04-19,1000000.00,4.637423,93.76953125
08:00:06,912810TX6,TSRYS5743665,D,S,D,2024-04-19,750000.00,4.636659,93.78125
08:00:06,912810TX6,TSRYS5743665,D,S,D,2024-04-19,1000000.00,4.637423,93.76953125
08:00:06,912810TX6,TSRYS5743665,D,S,D,2024-04-19,1000000.00,4.636405,93.78515625
08:00:06,912810TX6,TSRYS5743665,D,S,D,2024-04-19,1000000.00,4.635387,93.80078125
08:00:06,912810TX6,TSRYS5743665,D,S,D,2024-04-19,1000000.00,4.635641,93.796875
08:00:06,912810TX6,TSRYS5743665,D,S,D,2024-04-19,1000000.00,4.635387,93.80078125
08:00:06,912810TX6,TSRYS5743665,D,S,D,2024-04-19,2750000.00,4.635133,93.8046875
08:00:06,912810TX6,TSRYS5743665,D,S,D,2024-04-19,2000000.00,4.635133,93.8046875
08:00:06,912810TX6,TSRYS5743665,D,S,D,2024-04-19,1000000.00,4.637423,93.76953125
08:00:06,912810TX6,TSRYS5743665,D,S,D,2024-04-19,3000000.00,4.637168,93.7734375
08:00:06,912810TX6,TSRYS5743665,D,S,D,2024-04-19,1000000.00,4.636914,93.77734375
08:00:06,912810TX6,TSRYS5743665,D,S,D,2024-04-19,1000000.00,4.637168,93.7734375
08:00:06,912810TX6,TSRYS5743665,D,S,D,2024-04-19,3000000.00,4.636659,93.78125
08:00:06,912810TX6,TSRYS5743665,D,S,D,2024-04-19,1000000.00,4.636405,93.78515625
08:00:06,912810TX6,TSRYS5743665,D,S,D,2024-04-19,750000.00,4.635387,93.80078125
08:00:06,912810TX6,TSRYS5743665,D,S,D,2024-04-19,1750000.00,4.640224,93.7265625
08:00:06,912810TX6,TSRYS5743665,D,S,D,2024-04-19,1000000.00,4.640224,93.7265625
08:00:06,912810TX6,TSRYS5743665,D,S,T,2024-04-19,1000000.00,4.636659,93.78125
08:00:06,912810TX6,TSRYS5743665,D,S,D,2024-04-19,1000000.00,4.633861,93.82421875
08:00:06,912810TX6,TSRYS5743665,D,S,D,2024-04-19,3000000.00,4.633606,93.828125
08:00:06,912810TX6,TSRYS5743665,D,S,D,2024-04-19,1000000.00,4.633606,93.828125
08:00:06,912810TX6,TSRYS5743665,D,S,D,2024-04-19,3000000.00,4.632589,93.84375
08:00:06,912810TX6,TSRYS5743665,D,S,D,2024-04-19,750000.00,4.632589,93.84375
08:00:06,912810TX6,TSRYS5743665,D,S,D,2024-04-19,3000000.00,4.632589,93.84375
08:00:06,912810TX6,TSRYS5743665,D,S,D,2024-04-19,1000000.00,4.63081,93.87109375
08:00:06,912810TX6,TSRYS5743665,D,S,D,2024-04-19,1000000.00,4.630302,93.87890625
08:00:06,912810TX6,TSRYS5743665,D,S,D,2024-04-19,1000000.00,4.627508,93.921875
08:00:06,912810TX6,TSRYS5743665,D,S,D,2024-04-19,1000000.00,4.627508,93.921875
08:00:06,912810TX6,TSRYS5743665,D,S,D,2024-04-19,750000.00,4.627254,93.92578125
08:00:06,912810TX6,TSRYS5743665,D,S,D,2024-04-19,1000000.00,4.626746,93.93359375
08:00:06,912810TX6,TSRYS5743665,D,S,T,2024-04-19,1000000.00,4.628523,93.90625
08:00:06,912810TX6,TSRYS5743665,D,S,D,2024-04-19,1000000.00,4.627254,93.92578125
08:00:06,912810TX6,TSRYS5743665,D,S,D,2024-04-19,1000000.00,4.627254,93.92578125
08:00:06,912810TX6,TSRYS5743665,D,S,T,2024-04-19,1000000.00,4.624461,93.96875
08:00:06,912810TX6,TSRYS5743665,D,S,D,2024-04-19,1000000.00,4.619896,94.0390625
08:00:06,912810TX6,TSRYS5743665,D,S,D,2024-04-19,1000000.00,4.619896,94.0390625
08:00:06,912810TX6,TSRYS5743665,D,S,D,2024-04-19,500000.00,4.619136,94.05078125
08:00:06,912810TX6,TSRYS5743665,D,S,D,2024-04-19,750000.00,4.61407,94.12890625
08:00:06,912810TX6,TSRYS5743665,D,S,C,2024-04-19,1000000.00,4.619516,94.044921875
08:00:06,912810TX6,TSRYS5743665,D,S,C,2024-04-19,1000000.00,4.627888,93.916015625
08:00:06,912810TX6,TSRYS5743665,D,S,C,2024-04-19,1000000.00,4.627634,93.919921875
08:00:06,912810TX6,TSRYS5743665,D,S,C,2024-04-19,1000000.00,4.633988,93.822265625
08:00:06,912810TX6,TSRYS5743665,D,S,C,2024-04-19,1000000.00,4.633988,93.822265625
08:00:06,912810TX6,TSRYS5743665,D,S,D,2024-04-19,1000000.00,4.649275,93.587890625
08:00:06,912810TX6,TSRYS5743665,D,S,T,2024-04-19,1000000.00,4.649147,93.58984375
08:00:06,912810TX6,TSRYS5743665,D,S,D,2024-04-19,1000000.00,4.649403,93.5859375
08:00:06,912810TX6,TSRYS5743665,D,S,T,2024-04-19,1000000.00,4.647744,93.611328125
08:00:06,912810TX6,TSRYS5743665,D,S,D,2024-04-19,1000000.00,4.647489,93.615234375
08:00:06,912810TX6,TSRYS5743665,D,S,D,2024-04-19,1000000.00,4.647489,93.615234375
08:00:06,912810TX6,TSRYS5743665,D,S,D,2024-04-19,1000000.00,4.652211,93.54296875
08:00:06,912810TX6,TSRYS5743665,D,S,D,2024-04-19,1000000.00,4.653744,93.51953125
08:00:06,912810TX6,TSRYS5743665,D,S,D,2024-04-19,1000000.00,4.653616,93.521484375
08:00:06,912810TX6,TSRYS5743665,D,S,T,2024-04-19,1000000.00,4.652211,93.54296875
08:00:06,912810TX6,TSRYS5743665,D,S,D,2024-04-19,1000000.00,4.652211,93.54296875
08:00:06,912810TX6,TSRYS5743665,D,S,D,2024-04-19,1000000.00,4.652211,93.54296875
08:00:06,912810TX6,TSRYS5743665,D,S,D,2024-04-19,1000000.00,4.65515,93.498046875
08:00:06,912810TX6,TSRYS5743665,D,S,T,2024-04-19,1000000.00,4.65515,93.498046875
08:00:06,912810TX6,TSRYS5743665,D,S,T,2024-04-19,1000000.00,4.659113,93.4375
08:00:06,912810TX6,TSRYS5743665,D,S,T,2024-04-19,1000000.00,4.660521,93.416015625
08:00:06,912810TX6,TSRYS5743665,D,S,D,2024-04-19,1000000.00,4.659369,93.43359375
08:00:06,912810TX6,TSRYS5743665,D,S,D,2024-04-19,1000000.00,4.659369,93.43359375
08:00:06,912810TX6,TSRYS5743665,D,S,D,2024-04-19,1000000.00,4.659369,93.43359375
08:00:06,912810TX6,TSRYS5743665,D,S,D,2024-04-19,1000000.00,4.659369,93.43359375
08:00:06,912810TX6,TSRYS5743665,D,S,D,2024-04-19,1000000.00,4.659369,93.43359375
08:00:06,912810TX6,TSRYS5743665,D,S,D,2024-04-19,1000000.00,4.659369,93.43359375
08:00:06,912810TX6,TSRYS5743665,D,S,D,2024-04-19,1000000.00,4.659369,93.43359375
08:00:06,912810TX6,TSRYS5743665,D,S,D,2024-04-19,1000000.00,4.659369,93.43359375
08:00:06,912810TX6,TSRYS5743665,D,S,T,2024-04-19,1000000.00,4.667308,93.3125
08:00:06,912810TX6,TSRYS5743665,D,S,T,2024-04-19,1000000.00,4.665258,93.34375
08:00:06,912810TX6,TSRYS5743665,D,S,T,2024-04-19,1000000.00,4.668974,93.287109375
08:00:06,912810TX6,TSRYS5743665,D,S,T,2024-04-19,1000000.00,4.665001,93.34765625
08:00:06,912810TX6,TSRYS5743665,D,S,D,2024-04-19,1000000.00,4.665001,93.34765625
08:00:06,912810TX6,TSRYS5743665,D,S,T,2024-04-19,1000000.00,4.664105,93.361328125
08:00:06,912810TX6,TSRYS5743665,D,S,D,2024-04-19,1000000.00,4.663977,93.36328125
08:00:06,912810TX6,TSRYS5743665,D,S,T,2024-04-19,1000000.00,4.662952,93.37890625
08:00:06,912810TX6,TSRYS5743665,D,S,D,2024-04-19,1000000.00,4.662952,93.37890625
08:00:06,912810TX6,TSRYS5743665,D,S,T,2024-04-19,1000000.00,4.684516,93.05078125
08:00:06,912810TX6,TSRYS5743665,D,S,T,2024-04-19,1000000.00,4.685159,93.041015625
08:00:06,912810TX6,TSRYS5743665,D,S,T,2024-04-19,1000000.00,4.689022,92.982421875
08:00:06,912810TX6,TSRYS5743665,D,S,C,2024-04-19,1000000.00,4.676032,93.1796875
08:00:06,912810TX6,TSRYS5743665,D,S,C,2024-04-19,1000000.00,4.676032,93.1796875
08:00:06,912810TX6,TSRYS5743665,D,S,D,2024-04-19,1000000.00,4.696371,92.87109375
08:00:06,912810TX6,TSRYS5743665,D,S,D,2024-04-19,1000000.00,4.696113,92.875
08:00:06,912810TX6,TSRYS5743665,D,B,C,2024-04-19,1000000.00,4.694565,92.8984375
08:00:06,912810TX6,TSRYS5743665,D,S,T,2024-04-19,1000000.00,4.694565,92.8984375
08:00:06,912810TX6,TSRYS5743665,D,S,D,2024-04-19,1000000.00,4.699986,92.81640625
08:00:06,912810TX6,TSRYS5743665,D,S,D,2024-04-19,1000000.00,4.699986,92.81640625
08:00:06,912810TX6,TSRYS5743665,D,S,D,2024-04-19,1000000.00,4.700244,92.8125
08:00:06,912810TX6,TSRYS5743665,D,S,D,2024-04-19,1000000.00,4.700244,92.8125
08:00:06,912810TX6,TSRYS5743665,D,S,D,2024-04-19,1000000.00,4.701019,92.80078125
08:00:06,912810TX6,TSRYS5743665,D,S,D,2024-04-19,1000000.00,4.701277,92.796875
08:00:06,912810TX6,TSRYS5743665,D,S,D,2024-04-19,1000000.00,4.702311,92.78125
08:00:06,912810TX6,TSRYS5743665,D,S,D,2024-04-19,1000000.00,4.706189,92.72265625
08:00:06,912810TX6,TSRYS5743665,D,S,D,2024-04-19,1000000.00,4.706189,92.72265625
08:00:06,912810TX6,TSRYS5743665,D,S,D,2024-04-19,1000000.00,4.706189,92.72265625
08:00:06,912810TX6,TSRYS5743665,D,S,D,2024-04-19,1000000.00,4.705413,92.734375
08:00:06,912810TX6,TSRYS5743665,D,S,D,2024-04-19,1000000.00,4.704637,92.74609375
08:00:06,912810TX6,TSRYS5743665,D,S,D,2024-04-19,1000000.00,4.705413,92.734375
08:00:06,912810TX6,TSRYS5743665,D,S,D,2024-04-19,1000000.00,4.699986,92.81640625
08:00:06,912810TX6,TSRYS5743665,D,S,D,2024-04-19,1000000.00,4.699986,92.81640625
08:00:06,912810TX6,TSRYS5743665,D,S,D,2024-04-19,1000000.00,4.699469,92.82421875
08:00:06,912810TX6,TSRYS5743665,D,S,D,2024-04-19,1000000.00,4.699469,92.82421875
08:00:09,912810TX6,TSRYS5743665,D,S,T,2024-04-19,1000000.00,4.685803,93.03125
08:00:09,912810TX6,TSRYS5743665,D,S,T,2024-04-19,1000000.00,4.685803,93.03125
08:00:09,912810TX6,TSRYS5743665,D,S,D,2024-04-19,1000000.00,4.657834,93.45703125
08:00:09,912810TX6,TSRYS5743665,D,S,T,2024-04-19,1000000.00,4.648509,93.599609375
08:00:09,912810TX6,TSRYS5743665,D,S,T,2024-04-19,1000000.00,4.648382,93.6015625
08:00:09,912810TX6,TSRYS5743665,D,S,T,2024-04-19,1000000.00,4.648509,93.599609375
08:00:09,912810TX6,TSRYS5743665,D,S,T,2024-04-19,1000000.00,4.648509,93.599609375
08:00:09,912810TX6,TSRYS5743665,D,S,T,2024-04-19,1000000.00,4.657067,93.46875
08:00:09,912810TX6,TSRYS5743665,D,S,T,2024-04-19,1000000.00,4.656684,93.474609375
08:00:09,912810TX6,TSRYS5743665,D,S,T,2024-04-19,1000000.00,4.65809,93.453125
08:00:09,912810TX6,TSRYS5743665,D,S,T,2024-04-19,1000000.00,4.657579,93.4609375
08:00:10,912810TX6,TSRYS5743665,D,S,C,2024-04-19,1000.00,4.697145,93.359375
08:00:11,912810TX6,TSRYS5743665,D,S,T,2024-04-19,1000000.00,4.655087,93.499
08:00:11,912810TX6,TSRYS5743665,D,S,D,2024-04-19,1000000.00,4.641961,93.69921875
08:00:11,912810TX6,TSRYS5743665,D,B,C,2024-04-19,1000000.00,4.657067,93.46875
08:00:13,912810TX6,TSRYS5743665,D,S,T,2024-04-19,1000000.00,4.685803,93.03125
08:00:13,912810TX6,TSRYS5743665,D,S,T,2024-04-19,1000000.00,4.685803,93.03125
08:00:13,912810TX6,TSRYS5743665,D,S,T,2024-04-19,1000000.00,4.685803,93.03125
08:00:13,912810TX6,TSRYS5743665,D,S,T,2024-04-19,1000000.00,4.685803,93.03125
08:00:13,912810TX6,TSRYS5743665,D,S,T,2024-04-19,1000000.00,4.685803,93.03125
08:00:13,912810TX6,TSRYS5743665,D,S,T,2024-04-19,1000000.00,4.685803,93.03125
08:00:13,912810TX6,TSRYS5743665,D,S,T,2024-04-19,1000000.00,4.685803,93.03125
08:00:13,912810TX6,TSRYS5743665,D,S,T,2024-04-19,1000000.00,4.685803,93.03125
08:00:13,912810TX6,TSRYS5743665,D,S,T,2024-04-19,2000000.00,4.685803,93.03125
08:00:13,912810TX6,TSRYS5743665,D,S,T,2024-04-19,1000000.00,4.685803,93.03125
08:00:13,912810TX6,TSRYS5743665,D,S,T,2024-04-19,1000000.00,4.685803,93.03125
08:00:13,912810TX6,TSRYS5743665,D,S,T,2024-04-19,1000000.00,4.651956,93.546875
08:00:13,912810TX6,TSRYS5743665,D,S,T,2024-04-19,1000000.00,4.651956,93.546875
08:00:13,912810TX6,TSRYS5743665,D,S,T,2024-04-19,1000000.00,4.65809,93.453125
08:00:13,912810TX6,TSRYS5743665,D,S,T,2024-04-19,1000000.00,4.657579,93.4609375
08:00:13,912810TX6,TSRYS5743665,D,S,T,2024-04-19,1000000.00,4.65809,93.453125
08:00:13,912810TX6,TSRYS5743665,D,S,T,2024-04-19,1000000.00,4.65809,93.453125
08:00:13,912810TX6,TSRYS5743665,D,S,T,2024-04-19,1000000.00,4.65809,93.453125
08:00:13,912810TX6,TSRYS5743665,D,S,T,2024-04-19,1000000.00,4.658218,93.451171875
08:00:14,912810TX6,TSRYS5743665,D,S,D,2024-04-19,1000000.00,4.642771,93.6875
08:00:14,912810TX6,TSRYS5743665,D,S,D,2024-04-19,1000000.00,4.638696,93.75
08:00:16,912810TX6,TSRYS5743665,D,S,D,2024-04-19,1000.00,4.697145,92.859375
08:00:16,912810TX6,TSRYS5743665,D,B,A,2024-04-19,5000000.00,4.66116,93.40625
08:00:16,912810TX6,TSRYS5743665,D,S,D,2024-04-19,4000000.00,4.697145,92.859375
08:00:17,912810TX6,TSRYS5743665,D,S,A,2024-04-19,100000.00,4.697635,92.8569625
08:00:18,912810TX6,TSRYS5743665,D,S,T,2024-04-19,1000000.00,4.685803,93.03125
08:00:18,912810TX6,TSRYS5743665,D,B,A,2024-04-19,15000000.00,4.685803,93.03125
08:00:18,912810TX6,TSRYS5743665,D,S,T,2024-04-19,1000000.00,4.652722,93.53515625
08:00:18,912810TX6,TSRYS5743665,D,S,T,2024-04-19,1000000.00,4.652722,93.53515625
08:00:18,912810TX6,TSRYS5743665,D,S,T,2024-04-19,1000000.00,4.651956,93.546875
08:00:18,912810TX6,TSRYS5743665,D,S,T,2024-04-19,2000000.00,4.651956,93.546875
08:00:19,912810TX6,TSRYS5743665,D,S,D,2024-04-19,1000000.00,4.640733,93.71875
08:00:19,912810TX6,TSRYS5743665,D,S,D,2024-04-19,1000000.00,4.637677,93.765625
08:00:19,912810TX6,TSRYS5743665,D,S,T,2024-04-19,1000000.00,4.686575,93.01953125
08:00:20,912810TX6,TSRYS5743665,D,S,D,2024-04-19,1000000.00,4.71603,92.57421875
08:00:20,912810TX6,TSRYS5743665,D,S,T,2024-04-19,2000000.00,4.688893,92.984375
08:00:21,912810TX6,TSRYS5743665,D,S,D,2024-04-19,2000000.00,4.688509,92.99021
08:00:21,912810TX6,TSRYS5743665,D,S,T,2024-04-19,1000000.00,4.688893,92.984375
08:00:23,912810TX6,TSRYS5743665,D,S,T,2024-04-19,2000000.00,4.655022,93.5
08:00:23,912810TX6,TSRYS5743665,D,S,T,2024-04-19,1000000.00,4.655022,93.5
08:00:23,912810TX6,TSRYS5743665,D,S,T,2024-04-19,1000000.00,4.655022,93.5
08:00:23,912810TX6,TSRYS5743665,D,S,T,2024-04-19,1000000.00,4.655022,93.5
08:00:23,912810TX6,TSRYS5743665,D,S,T,2024-04-19,1000000.00,4.650934,93.5625
08:00:23,912810TX6,TSRYS5743665,D,S,T,2024-04-19,1000000.00,4.650934,93.5625
08:00:23,912810TX6,TSRYS5743665,D,S,D,2024-04-19,1000000.00,4.686318,93.0234375
08:00:23,912810TX6,TSRYS5743665,D,S,T,2024-04-19,1000000.00,4.65809,93.453125
08:00:23,912810TX6,TSRYS5743665,D,S,T,2024-04-19,1000000.00,4.65809,93.453125
08:00:23,912810TX6,TSRYS5743665,D,S,T,2024-04-19,1000000.00,4.65809,93.453125
08:00:23,912810TX6,TSRYS5743665,D,S,T,2024-04-19,1000000.00,4.65809,93.453125
08:00:23,912810TX6,TSRYS5743665,D,S,T,2024-04-19,1000000.00,4.65809,93.453125
08:00:23,912810TX6,TSRYS5743665,D,S,T,2024-04-19,1000000.00,4.65809,93.453125
08:00:24,912810TX6,TSRYS5743665,D,S,A,2024-04-19,15000000.00,4.642771,93.6875
08:00:24,912810TX6,TSRYS5743665,D,S,D,2024-04-19,1000000.00,4.641752,93.703125
08:00:26,912810TX6,TSRYS5743665,D,S,D,2024-04-19,1000000.00,4.685803,93.03125
08:00:26,912810TX6,TSRYS5743665,D,S,D,2024-04-19,1000000.00,4.686318,93.0234375
08:00:26,912810TX6,TSRYS5743665,D,S,D,2024-04-19,1000000.00,4.686575,93.01953125
08:00:26,912810TX6,TSRYS5743665,D,S,D,2024-04-19,1000000.00,4.685288,93.0390625
08:00:26,912810TX6,TSRYS5743665,D,S,D,2024-04-19,1000000.00,4.685546,93.03515625
08:00:26,912810TX6,TSRYS5743665,D,S,D,2024-04-19,1000000.00,4.682715,93.078125
08:00:27,912810TX6,TSRYS5743665,D,S,D,2024-04-19,1000000.00,4.682715,93.078125
08:00:27,912810TX6,TSRYS5743665,D,B,C,2024-04-19,7000000.00,4.65809,93.453125
08:00:27,912810TX6,TSRYS5743665,D,B,A,2024-04-19,1000000.00,4.682715,93.078125
08:00:28,912810TX6,TSRYS5743665,D,S,C,2024-04-19,5000000.00,4.685031,93.04296875
08:00:28,912810TX6,TSRYS5743665,D,S,C,2024-04-19,1000000.00,4.684516,93.05078125
08:00:28,912810TX6,TSRYS5743665,D,S,D,2024-04-19,1000000.00,4.682715,93.078125
08:00:28,912810TX6,TSRYS5743665,D,S,D,2024-04-19,1000000.00,4.670898,93.2578125
08:00:28,912810TX6,TSRYS5743665,D,S,D,2024-04-19,1000000.00,4.670128,93.26953125
08:00:28,912810TX6,TSRYS5743665,D,S,D,2024-04-19,1000000.00,4.657067,93.46875
08:00:28,912810TX6,TSRYS5743665,D,B,A,2024-04-19,1000000.00,4.682715,93.078125
08:00:28,912810TX6,TSRYS5743665,D,S,D,2024-04-19,750000.00,4.635641,93.796875
08:00:28,912810TX6,TSRYS5743665,D,S,D,2024-04-19,1000000.00,4.636659,93.78125
08:00:30,912810TX6,TSRYS5743665,D,S,T,2024-04-19,1000000.00,4.730313,92.359375
08:00:30,912810TX6,TSRYS5743665,D,S,T,2024-04-19,1000000.00,4.729273,92.375
08:00:30,912810TX6,TSRYS5743665,D,S,T,2024-04-19,1000000.00,4.729273,92.375
08:00:30,912810TX6,TSRYS5743665,D,S,T,2024-04-19,1000000.00,4.729273,92.375
08:00:30,912810TX6,TSRYS5743665,D,S,T,2024-04-19,1000000.00,4.732395,92.328125
08:00:30,912810TX6,TSRYS5743665,D,S,T,2024-04-19,1000000.00,4.732395,92.328125
08:00:30,912810TX6,TSRYS5743665,D,S,T,2024-04-19,1000000.00,4.732395,92.328125
08:00:30,912810TX6,TSRYS5743665,D,S,T,2024-04-19,1000000.00,4.732004,92.333984375
08:00:30,912810TX6,TSRYS5743665,D,S,T,2024-04-19,1000000.00,4.733436,92.3125
08:00:30,912810TX6,TSRYS5743665,D,S,T,2024-04-19,1000000.00,4.737603,92.25
08:00:30,912810TX6,TSRYS5743665,D,S,T,2024-04-19,1000000.00,4.727712,92.3984375
08:00:30,912810TX6,TSRYS5743665,D,S,T,2024-04-19,1000000.00,4.727712,92.3984375
08:00:30,912810TX6,TSRYS5743665,D,S,T,2024-04-19,1000000.00,4.716808,92.5625
08:00:30,912810TX6,TSRYS5743665,D,S,T,2024-04-19,1000000.00,4.718883,92.53125
08:00:30,912810TX6,TSRYS5743665,D,B,A,2024-04-19,1000000.00,4.641752,93.703125
08:00:30,912810TX6,TSRYS5743665,D,S,T,2024-04-19,1000000.00,4.701277,92.796875
08:00:30,912810TX6,TSRYS5743665,D,S,T,2024-04-19,1000000.00,4.678601,93.140625
08:00:30,912810TX6,TSRYS5743665,D,S,T,2024-04-19,1000000.00,4.677445,93.158203125
08:00:30,912810TX6,TSRYS5743665,D,S,T,2024-04-19,1000000.00,4.676545,93.171875
08:00:30,912810TX6,TSRYS5743665,D,S,T,2024-04-19,1000000.00,4.676417,93.173828125
08:00:30,912810TX6,TSRYS5743665,D,S,T,2024-04-19,1000000.00,4.678601,93.140625
08:00:30,912810TX6,TSRYS5743665,D,B,A,2024-04-19,1000000.00,4.641752,93.703125
08:00:30,912810TX6,TSRYS5743665,D,S,T,2024-04-19,1000000.00,4.683744,93.0625
08:00:30,912810TX6,TSRYS5743665,D,S,T,2024-04-19,1000000.00,4.683744,93.0625
08:00:30,912810TX6,TSRYS5743665,D,S,T,2024-04-19,1000000.00,4.684645,93.048828125
08:00:30,912810TX6,TSRYS5743665,D,S,T,2024-04-19,1000000.00,4.684773,93.046875
08:00:30,912810TX6,TSRYS5743665,D,S,T,2024-04-19,1000000.00,4.686833,93.015625
08:00:30,912810TX6,TSRYS5743665,D,S,T,2024-04-19,1000000.00,4.684773,93.046875
08:00:30,912810TX6,TSRYS5743665,D,S,T,2024-04-19,1000000.00,4.678601,93.140625
08:00:30,912810TX6,TSRYS5743665,D,S,T,2024-04-19,1000000.00,4.675518,93.1875
08:00:30,912810TX6,TSRYS5743665,D,S,T,2024-04-19,1000000.00,4.67539,93.189453125
08:00:30,912810TX6,TSRYS5743665,D,S,T,2024-04-19,1000000.00,4.675261,93.19140625
08:00:30,912810TX6,TSRYS5743665,D,S,T,2024-04-19,1000000.00,4.675133,93.193359375
08:00:30,912810TX6,TSRYS5743665,D,S,T,2024-04-19,1000000.00,4.671411,93.25
08:00:30,912810TX6,TSRYS5743665,D,S,T,2024-04-19,1000000.00,4.665001,93.34765625
08:00:30,912810TX6,TSRYS5743665,D,S,T,2024-04-19,1000000.00,4.664361,93.357421875
08:00:30,912810TX6,TSRYS5743665,D,S,T,2024-04-19,1000000.00,4.664745,93.3515625
08:00:30,912810TX6,TSRYS5743665,D,S,T,2024-04-19,1000000.00,4.664233,93.359375
08:00:30,912810TX6,TSRYS5743665,D,S,T,2024-04-19,1000000.00,4.664233,93.359375
08:00:30,912810TX6,TSRYS5743665,D,S,T,2024-04-19,1000000.00,4.657195,93.466796875
08:00:30,912810TX6,TSRYS5743665,D,S,T,2024-04-19,1000000.00,4.657834,93.45703125
08:00:34,912810TX6,TSRYS5743665,D,S,T,2024-04-19,1000000.00,4.653872,93.517578125
08:00:34,912810TX6,TSRYS5743665,D,S,T,2024-04-19,1000000.00,4.654639,93.505859375
08:00:34,912810TX6,TSRYS5743665,D,S,T,2024-04-19,1000000.00,4.654766,93.50390625
08:00:34,912810TX6,TSRYS5743665,D,S,T,2024-04-19,1000000.00,4.657834,93.45703125
08:00:34,912810TX6,TSRYS5743665,D,S,T,2024-04-19,1000000.00,4.66116,93.40625
08:00:34,912810TX6,TSRYS5743665,D,S,T,2024-04-19,1000000.00,4.66116,93.40625
08:00:34,912810TX6,TSRYS5743665,D,S,T,2024-04-19,1000000.00,4.660776,93.412109375
08:00:34,912810TX6,TSRYS5743665,D,S,T,2024-04-19,1000000.00,4.659753,93.427734375
08:00:34,912810TX6,TSRYS5743665,D,S,T,2024-04-19,1000000.00,4.661032,93.408203125
08:00:34,912810TX6,TSRYS5743665,D,S,T,2024-04-19,1000000.00,4.654,93.515625
08:00:34,912810TX6,TSRYS5743665,D,S,T,2024-04-19,1000000.00,4.651445,93.5546875
08:00:34,912810TX6,TSRYS5743665,D,S,T,2024-04-19,1000000.00,4.651318,93.556640625
08:00:34,912810TX6,TSRYS5743665,D,S,T,2024-04-19,1000000.00,4.65285,93.533203125
08:00:34,912810TX6,TSRYS5743665,D,S,T,2024-04-19,1000000.00,4.642517,93.69140625
08:00:38,912810TX6,TSRYS5743665,D,S,T,2024-04-19,1000000.00,4.652978,93.53125
08:00:38,912810TX6,TSRYS5743665,D,S,T,2024-04-19,1000000.00,4.651956,93.546875
08:00:38,912810TX6,TSRYS5743665,D,S,T,2024-04-19,1000000.00,4.649913,93.578125
08:00:38,912810TX6,TSRYS5743665,D,S,T,2024-04-19,1000000.00,4.640733,93.71875
08:00:38,912810TX6,TSRYS5743665,D,S,T,2024-04-19,1000000.00,4.640606,93.720703125
08:00:38,912810TX6,TSRYS5743665,D,S,T,2024-04-19,1000000.00,4.634624,93.8125
08:00:38,912810TX6,TSRYS5743665,D,S,T,2024-04-19,1000000.00,4.634497,93.814453125
08:00:38,912810TX6,TSRYS5743665,D,S,T,2024-04-19,1000000.00,4.644811,93.65625
08:00:38,912810TX6,TSRYS5743665,D,S,T,2024-04-19,1000000.00,4.644811,93.65625
08:00:38,912810TX6,TSRYS5743665,D,S,T,2024-04-19,1000000.00,4.650679,93.56640625
08:00:38,912810TX6,TSRYS5743665,D,S,T,2024-04-19,1000000.00,4.65119,93.55859375
08:00:38,912810TX6,TSRYS5743665,D,S,T,2024-04-19,1000000.00,4.65119,93.55859375
08:00:38,912810TX6,TSRYS5743665,D,B,A,2024-04-19,2000000.00,4.641752,93.703125
08:00:38,912810TX6,TSRYS5743665,D,S,T,2024-04-19,3000000.00,4.657195,93.466796875
08:00:38,912810TX6,TSRYS5743665,D,S,T,2024-04-19,1000000.00,4.657195,93.466796875
08:00:38,912810TX6,TSRYS5743665,D,S,T,2024-04-19,1000000.00,4.652978,93.53125
08:00:38,912810TX6,TSRYS5743665,D,S,T,2024-04-19,2000000.00,4.651318,93.556640625
08:00:38,912810TX6,TSRYS5743665,D,S,T,2024-04-19,1000000.00,4.651318,93.556640625
08:00:38,912810TX6,TSRYS5743665,D,S,T,2024-04-19,1000000.00,4.650807,93.564453125
08:00:38,912810TX6,TSRYS5743665,D,S,T,2024-04-19,1000000.00,4.651318,93.556640625
08:00:38,912810TX6,TSRYS5743665,D,S,T,2024-04-19,1000000.00,4.655022,93.5
08:00:38,912810TX6,TSRYS5743665,D,S,T,2024-04-19,1000000.00,4.655022,93.5
08:00:38,912810TX6,TSRYS5743665,D,S,T,2024-04-19,1000000.00,4.655022,93.5
08:00:38,912810TX6,TSRYS5743665,D,S,T,2024-04-19,1000000.00,4.657067,93.46875
08:00:38,912810TX6,TSRYS5743665,D,S,T,2024-04-19,1000000.00,4.652978,93.53125
08:00:38,912810TX6,TSRYS5743665,D,S,T,2024-04-19,1000000.00,4.651956,93.546875
08:00:38,912810TX6,TSRYS5743665,D,S,T,2024-04-19,1000000.00,4.655022,93.5
08:00:38,912810TX6,TSRYS5743665,D,S,T,2024-04-19,1000000.00,4.654,93.515625
08:00:38,912810TX6,TSRYS5743665,D,S,T,2024-04-19,1000000.00,4.654511,93.5078125
08:00:38,912810TX6,TSRYS5743665,D,S,T,2024-04-19,1000000.00,4.655022,93.5
08:00:38,912810TX6,TSRYS5743665,D,S,T,2024-04-19,1000000.00,4.655022,93.5
08:00:38,912810TX6,TSRYS5743665,D,S,T,2024-04-19,1000000.00,4.657067,93.46875
08:00:38,912810TX6,TSRYS5743665,D,S,T,2024-04-19,1000000.00,4.645831,93.640625
08:00:38,912810TX6,TSRYS5743665,D,S,T,2024-04-19,1000000.00,4.645321,93.6484375
08:00:38,912810TX6,TSRYS5743665,D,S,T,2024-04-19,1000000.00,4.645831,93.640625
08:00:38,912810TX6,TSRYS5743665,D,S,T,2024-04-19,1000000.00,4.642771,93.6875
08:00:38,912810TX6,TSRYS5743665,D,S,T,2024-04-19,1000000.00,4.643791,93.671875
08:00:38,912810TX6,TSRYS5743665,D,S,T,2024-04-19,1000000.00,4.642771,93.6875
08:00:38,912810TX6,TSRYS5743665,D,S,T,2024-04-19,1000000.00,4.642134,93.697265625
08:00:38,912810TX6,TSRYS5743665,D,S,T,2024-04-19,1000000.00,4.642007,93.69921875
08:00:38,912810TX6,TSRYS5743665,D,S,T,2024-04-19,1000000.00,4.637677,93.765625
08:00:38,912810TX6,TSRYS5743665,D,S,T,2024-04-19,1000000.00,4.639205,93.7421875
08:00:38,912810TX6,TSRYS5743665,D,S,T,2024-04-19,1000000.00,4.637168,93.7734375
08:00:38,912810TX6,TSRYS5743665,D,S,T,2024-04-19,1000000.00,4.63081,93.87109375
08:00:38,912810TX6,TSRYS5743665,D,S,T,2024-04-19,1000000.00,4.632589,93.84375
08:00:38,912810TX6,TSRYS5743665,D,S,T,2024-04-19,1000000.00,4.632589,93.84375
08:00:38,912810TX6,TSRYS5743665,D,S,T,2024-04-19,1000000.00,4.6317,93.857421875
08:00:38,912810TX6,TSRYS5743665,D,S,T,2024-04-19,1000000.00,4.635641,93.796875
08:00:38,912810TX6,TSRYS5743665,D,S,T,2024-04-19,1000000.00,4.638696,93.75
08:00:38,912810TX6,TSRYS5743665,D,S,T,2024-04-19,1000000.00,4.638696,93.75
08:00:38,912810TX6,TSRYS5743665,D,S,T,2024-04-19,1000000.00,4.640224,93.7265625
08:00:38,912810TX6,TSRYS5743665,D,S,T,2024-04-19,1000000.00,4.641752,93.703125
08:00:38,912810TX6,TSRYS5743665,D,S,T,2024-04-19,1000000.00,4.641752,93.703125
08:00:38,912810TX6,TSRYS5743665,D,S,T,2024-04-19,1000000.00,4.641243,93.7109375
08:00:38,912810TX6,TSRYS5743665,D,S,T,2024-04-19,1000000.00,4.641243,93.7109375
08:00:38,912810TX6,TSRYS5743665,D,S,T,2024-04-19,1000000.00,4.642771,93.6875
08:00:38,912810TX6,TSRYS5743665,D,S,T,2024-04-19,1000000.00,4.642771,93.6875
08:00:38,912810TX6,TSRYS5743665,D,S,T,2024-04-19,1000000.00,4.643663,93.673828125
08:00:38,912810TX6,TSRYS5743665,D,S,T,2024-04-19,1000000.00,4.643791,93.671875
08:00:38,912810TX6,TSRYS5743665,D,S,T,2024-04-19,1000000.00,4.643791,93.671875
08:00:38,912810TX6,TSRYS5743665,D,S,T,2024-04-19,1000000.00,4.643791,93.671875
08:00:38,912810TX6,TSRYS5743665,D,S,T,2024-04-19,1000000.00,4.641752,93.703125
08:00:38,912810TX6,TSRYS5743665,D,S,D,2024-04-19,3000000.00,4.643791,93.671875
08:00:38,912810TX6,TSRYS5743665,D,S,D,2024-04-19,3000000.00,4.644811,93.65625
08:00:38,912810TX6,TSRYS5743665,D,S,D,2024-04-19,1000000.00,4.645321,93.6484375
08:00:38,912810TX6,TSRYS5743665,D,S,D,2024-04-19,1000000.00,4.645321,93.6484375
08:00:38,912810TX6,TSRYS5743665,D,S,D,2024-04-19,1000000.00,4.647106,93.62109375
08:00:38,912810TX6,TSRYS5743665,D,S,D,2024-04-19,1000000.00,4.640224,93.7265625
08:00:38,912810TX6,TSRYS5743665,D,S,D,2024-04-19,3000000.00,4.642007,93.69921875
08:00:38,912810TX6,TSRYS5743665,D,S,D,2024-04-19,4000000.00,4.636914,93.77734375
08:00:38,912810TX6,TSRYS5743665,D,S,D,2024-04-19,1000000.00,4.636914,93.77734375
08:00:38,912810TX6,TSRYS5743665,D,S,D,2024-04-19,3000000.00,4.637423,93.76953125
08:00:38,912810TX6,TSRYS5743665,D,S,D,2024-04-19,1000000.00,4.637677,93.765625
08:00:38,912810TX6,TSRYS5743665,D,S,D,2024-04-19,1000000.00,4.637677,93.765625
08:00:38,912810TX6,TSRYS5743665,D,S,D,2024-04-19,1000000.00,4.637677,93.765625
08:00:38,912810TX6,TSRYS5743665,D,S,D,2024-04-19,1000000.00,4.638441,93.75390625
08:00:38,912810TX6,TSRYS5743665,D,S,D,2024-04-19,1000000.00,4.638441,93.75390625
08:00:38,912810TX6,TSRYS5743665,D,S,T,2024-04-19,4000000.00,4.633606,93.828125
08:00:38,912810TX6,TSRYS5743665,D,S,T,2024-04-19,2000000.00,4.633606,93.828125
08:00:38,912810TX6,TSRYS5743665,D,S,T,2024-04-19,1000000.00,4.635641,93.796875
08:00:38,912810TX6,TSRYS5743665,D,S,T,2024-04-19,1000000.00,4.638696,93.75
08:00:38,912810TX6,TSRYS5743665,D,S,T,2024-04-19,1000000.00,4.639714,93.734375
08:00:38,912810TX6,TSRYS5743665,D,S,T,2024-04-19,1000000.00,4.639714,93.734375
08:00:38,912810TX6,TSRYS5743665,D,S,T,2024-04-19,1000000.00,4.644811,93.65625
08:00:38,912810TX6,TSRYS5743665,D,S,D,2024-04-19,4000000.00,4.644046,93.66796875
08:00:38,912810TX6,TSRYS5743665,D,S,D,2024-04-19,1000000.00,4.644046,93.66796875
08:00:38,912810TX6,TSRYS5743665,D,S,D,2024-04-19,1000000.00,4.642517,93.69140625
08:00:38,912810TX6,TSRYS5743665,D,S,D,2024-04-19,1000000.00,4.642517,93.69140625
08:00:38,912810TX6,TSRYS5743665,D,S,D,2024-04-19,1000000.00,4.641497,93.70703125
08:00:38,912810TX6,TSRYS5743665,D,S,D,2024-04-19,1000000.00,4.641497,93.70703125
08:00:38,912810TX6,TSRYS5743665,D,S,D,2024-04-19,1000000.00,4.641752,93.703125
08:00:38,912810TX6,TSRYS5743665,D,S,T,2024-04-19,1000000.00,4.638568,93.751953125
08:00:38,912810TX6,TSRYS5743665,D,S,D,2024-04-19,1000000.00,4.638441,93.75390625
08:00:38,912810TX6,TSRYS5743665,D,S,D,2024-04-19,2000000.00,4.638441,93.75390625
08:00:38,912810TX6,TSRYS5743665,D,S,D,2024-04-19,5000000.00,4.639714,93.734375
08:00:38,912810TX6,TSRYS5743665,D,S,D,2024-04-19,1000000.00,4.639969,93.73046875
08:00:38,912810TX6,TSRYS5743665,D,S,D,2024-04-19,1000000.00,4.640478,93.72265625
08:00:38,912810TX6,TSRYS5743665,D,S,D,2024-04-19,2000000.00,4.632589,93.84375
08:00:38,912810TX6,TSRYS5743665,D,S,D,2024-04-19,3000000.00,4.633861,93.82421875
08:00:38,912810TX6,TSRYS5743665,D,S,T,2024-04-19,1000000.00,4.62954,93.890625
08:00:38,912810TX6,TSRYS5743665,D,S,T,2024-04-19,1000000.00,4.62954,93.890625
08:00:38,912810TX6,TSRYS5743665,D,S,D,2024-04-19,2000000.00,4.632589,93.84375
08:00:38,912810TX6,TSRYS5743665,D,S,D,2024-04-19,1000000.00,4.632589,93.84375
08:00:38,912810TX6,TSRYS5743665,D,S,T,2024-04-19,1000000.00,4.628523,93.90625
08:00:38,912810TX6,TSRYS5743665,D,S,D,2024-04-19,1000000.00,4.628523,93.90625
08:00:38,912810TX6,TSRYS5743665,D,S,D,2024-04-19,1000000.00,4.628777,93.90234375
08:00:38,912810TX6,TSRYS5743665,D,S,D,2024-04-19,1000000.00,4.629285,93.89453125
08:00:38,912810TX6,TSRYS5743665,D,S,D,2024-04-19,1000000.00,4.627254,93.92578125
08:00:38,912810TX6,TSRYS5743665,D,S,T,2024-04-19,1000000.00,4.622812,93.994140625
08:00:38,912810TX6,TSRYS5743665,D,S,D,2024-04-19,2000000.00,4.623446,93.984375
08:00:38,912810TX6,TSRYS5743665,D,S,D,2024-04-19,2000000.00,4.625984,93.9453125
08:00:38,912810TX6,TSRYS5743665,D,S,D,2024-04-19,1000000.00,4.621417,94.015625
08:00:38,912810TX6,TSRYS5743665,D,S,D,2024-04-19,1000000.00,4.621417,94.015625
08:00:38,912810TX6,TSRYS5743665,D,S,D,2024-04-19,1000000.00,4.621417,94.015625
08:00:38,912810TX6,TSRYS5743665,D,S,D,2024-04-19,2000000.00,4.621417,94.015625
08:00:38,912810TX6,TSRYS5743665,D,S,T,2024-04-19,1000000.00,4.618375,94.0625
08:00:38,912810TX6,TSRYS5743665,D,S,T,2024-04-19,1000000.00,4.618375,94.0625
08:00:38,912810TX6,TSRYS5743665,D,S,D,2024-04-19,3000000.00,4.619643,94.04296875
08:00:38,912810TX6,TSRYS5743665,D,S,D,2024-04-19,3000000.00,4.621417,94.015625
08:00:38,912810TX6,TSRYS5743665,D,S,D,2024-04-19,2000000.00,4.621417,94.015625
08:00:38,912810TX6,TSRYS5743665,D,S,T,2024-04-19,1000000.00,4.620403,94.03125
08:00:38,912810TX6,TSRYS5743665,D,S,D,2024-04-19,1000000.00,4.619136,94.05078125
08:00:38,912810TX6,TSRYS5743665,D,S,D,2024-04-19,1000000.00,4.619136,94.05078125
08:00:38,912810TX6,TSRYS5743665,D,S,D,2024-04-19,1000000.00,4.616602,94.08984375
08:00:38,912810TX6,TSRYS5743665,D,S,D,2024-04-19,2000000.00,4.616349,94.09375
08:00:38,912810TX6,TSRYS5743665,D,S,D,2024-04-19,1000000.00,4.616349,94.09375
08:00:38,912810TX6,TSRYS5743665,D,S,T,2024-04-19,1000000.00,4.616349,94.09375
08:00:38,912810TX6,TSRYS5743665,D,S,T,2024-04-19,1000000.00,4.617362,94.078125
08:00:38,912810TX6,TSRYS5743665,D,S,T,2024-04-19,1000000.00,4.621417,94.015625
08:00:38,912810TX6,TSRYS5743665,D,S,T,2024-04-19,1000000.00,4.619389,94.046875
08:00:38,912810TX6,TSRYS5743665,D,S,T,2024-04-19,1000000.00,4.623446,93.984375
08:00:38,912810TX6,TSRYS5743665,D,S,T,2024-04-19,1000000.00,4.623446,93.984375
08:00:38,912810TX6,TSRYS5743665,D,S,T,2024-04-19,1000000.00,4.627508,93.921875
08:00:38,912810TX6,TSRYS5743665,D,S,T,2024-04-19,1000000.00,4.626492,93.9375
08:00:38,912810TX6,TSRYS5743665,D,S,T,2024-04-19,1000000.00,4.628523,93.90625
08:00:38,912810TX6,TSRYS5743665,D,S,T,2024-04-19,1000000.00,4.628523,93.90625
08:00:38,912810TX6,TSRYS5743665,D,S,T,2024-04-19,1000000.00,4.632589,93.84375
08:00:38,912810TX6,TSRYS5743665,D,S,T,2024-04-19,1000000.00,4.62954,93.890625
08:00:38,912810TX6,TSRYS5743665,D,S,T,2024-04-19,1000000.00,4.63081,93.87109375
08:00:38,912810TX6,TSRYS5743665,D,S,T,2024-04-19,1000000.00,4.63081,93.87109375
08:00:38,912810TX6,TSRYS5743665,D,S,T,2024-04-19,1000000.00,4.635641,93.796875
08:00:38,912810TX6,TSRYS5743665,D,S,T,2024-04-19,1000000.00,4.645703,93.642578125
08:00:38,912810TX6,TSRYS5743665,D,S,T,2024-04-19,1000000.00,4.645321,93.6484375
08:00:38,912810TX6,TSRYS5743665,D,S,T,2024-04-19,1000000.00,4.645576,93.64453125
08:00:38,912810TX6,TSRYS5743665,D,S,T,2024-04-19,1000000.00,4.649403,93.5859375
08:00:38,912810TX6,TSRYS5743665,D,S,T,2024-04-19,1000000.00,4.650424,93.5703125
08:00:38,912810TX6,TSRYS5743665,D,S,T,2024-04-19,1000000.00,4.652978,93.53125
08:00:38,912810TX6,TSRYS5743665,D,S,T,2024-04-19,1000000.00,4.656044,93.484375
08:00:38,912810TX6,TSRYS5743665,D,S,T,2024-04-19,1000000.00,4.655405,93.494140625
08:00:38,912810TX6,TSRYS5743665,D,S,T,2024-04-19,1000000.00,4.655278,93.49609375
08:00:38,912810TX6,TSRYS5743665,D,S,T,2024-04-19,1000000.00,4.65515,93.498046875
08:00:38,912810TX6,TSRYS5743665,D,S,T,2024-04-19,1000000.00,4.655022,93.5
08:00:38,912810TX6,TSRYS5743665,D,S,T,2024-04-19,1000000.00,4.659113,93.4375
08:00:38,912810TX6,TSRYS5743665,D,S,T,2024-04-19,1000000.00,4.66116,93.40625
08:00:38,912810TX6,TSRYS5743665,D,S,T,2024-04-19,1000000.00,4.662184,93.390625
08:00:38,912810TX6,TSRYS5743665,D,S,T,2024-04-19,1000000.00,4.662184,93.390625
08:00:38,912810TX6,TSRYS5743665,D,S,T,2024-04-19,1000000.00,4.660137,93.421875
08:00:38,912810TX6,TSRYS5743665,D,S,T,2024-04-19,2000000.00,4.66116,93.40625
08:00:38,912810TX6,TSRYS5743665,D,S,T,2024-04-19,1000000.00,4.662184,93.390625
08:00:38,912810TX6,TSRYS5743665,D,S,T,2024-04-19,1000000.00,4.663209,93.375
08:00:38,912810TX6,TSRYS5743665,D,S,T,2024-04-19,1000000.00,4.663209,93.375
08:00:38,912810TX6,TSRYS5743665,D,S,T,2024-04-19,1000000.00,4.664105,93.361328125
08:00:38,912810TX6,TSRYS5743665,D,S,T,2024-04-19,1000000.00,4.660137,93.421875
08:00:38,912810TX6,TSRYS5743665,D,S,T,2024-04-19,2000000.00,4.660137,93.421875
08:00:38,912810TX6,TSRYS5743665,D,S,T,2024-04-19,1000000.00,4.659113,93.4375
08:00:38,912810TX6,TSRYS5743665,D,S,T,2024-04-19,1000000.00,4.659113,93.4375
08:00:38,912810TX6,TSRYS5743665,D,S,T,2024-04-19,1000000.00,4.666283,93.328125
08:00:38,912810TX6,TSRYS5743665,D,S,T,2024-04-19,2000000.00,4.681686,93.09375
08:00:38,912810TX6,TSRYS5743665,D,S,T,2024-04-19,1000000.00,4.671411,93.25
08:00:38,912810TX6,TSRYS5743665,D,S,T,2024-04-19,1000000.00,4.666283,93.328125
08:00:38,912810TX6,TSRYS5743665,D,S,T,2024-04-19,1000000.00,4.663209,93.375
08:00:38,912810TX6,TSRYS5743665,D,S,T,2024-04-19,1000000.00,4.673464,93.21875
08:00:38,912810TX6,TSRYS5743665,D,S,T,2024-04-19,1000000.00,4.673464,93.21875
08:00:38,912810TX6,TSRYS5743665,D,S,T,2024-04-19,1000000.00,4.673464,93.21875
08:00:38,912810TX6,TSRYS5743665,D,S,T,2024-04-19,1000000.00,4.671411,93.25
08:00:38,912810TX6,TSRYS5743665,D,S,T,2024-04-19,1000000.00,4.666283,93.328125
08:00:38,912810TX6,TSRYS5743665,D,S,T,2024-04-19,1000000.00,4.662952,93.37890625
08:00:38,912810TX6,TSRYS5743665,D,S,T,2024-04-19,1000000.00,4.663209,93.375
08:00:38,912810TX6,TSRYS5743665,D,S,T,2024-04-19,1000000.00,4.664233,93.359375
08:00:38,912810TX6,TSRYS5743665,D,S,T,2024-04-19,1000000.00,4.65809,93.453125
08:00:38,912810TX6,TSRYS5743665,D,S,T,2024-04-19,1000000.00,4.65809,93.453125
08:00:38,912810TX6,TSRYS5743665,D,S,T,2024-04-19,1000000.00,4.66116,93.40625
08:00:38,912810TX6,TSRYS5743665,D,S,T,2024-04-19,1000000.00,4.662184,93.390625
08:00:38,912810TX6,TSRYS5743665,D,S,T,2024-04-19,1000000.00,4.662184,93.390625
08:00:38,912810TX6,TSRYS5743665,D,S,T,2024-04-19,1000000.00,4.669102,93.28515625
08:00:38,912810TX6,TSRYS5743665,D,S,T,2024-04-19,1000000.00,4.673464,93.21875
08:00:38,912810TX6,TSRYS5743665,D,S,T,2024-04-19,1000000.00,4.673464,93.21875
08:00:38,912810TX6,TSRYS5743665,D,S,T,2024-04-19,1000000.00,4.673464,93.21875
08:00:38,912810TX6,TSRYS5743665,D,S,T,2024-04-19,1000000.00,4.673464,93.21875
08:00:38,912810TX6,TSRYS5743665,D,S,T,2024-04-19,1000000.00,4.667308,93.3125
08:00:38,912810TX6,TSRYS5743665,D,S,T,2024-04-19,1000000.00,4.669359,93.28125
08:00:38,912810TX6,TSRYS5743665,D,S,T,2024-04-19,1000000.00,4.671411,93.25
08:00:38,912810TX6,TSRYS5743665,D,S,T,2024-04-19,1000000.00,4.671411,93.25
08:00:38,912810TX6,TSRYS5743665,D,S,T,2024-04-19,1000000.00,4.671411,93.25
08:00:38,912810TX6,TSRYS5743665,D,S,T,2024-04-19,1000000.00,4.673464,93.21875
08:00:38,912810TX6,TSRYS5743665,D,S,T,2024-04-19,1000000.00,4.667308,93.3125
08:00:38,912810TX6,TSRYS5743665,D,S,T,2024-04-19,4000000.00,4.667308,93.3125
08:00:38,912810TX6,TSRYS5743665,D,S,T,2024-04-19,1000000.00,4.662184,93.390625
08:00:38,912810TX6,TSRYS5743665,D,S,T,2024-04-19,1000000.00,4.674234,93.20703125
08:00:38,912810TX6,TSRYS5743665,D,S,T,2024-04-19,1000000.00,4.674748,93.19921875
08:00:38,912810TX6,TSRYS5743665,D,S,D,2024-04-19,1000000.00,4.666539,93.32421875
08:00:38,912810TX6,TSRYS5743665,D,S,D,2024-04-19,1000000.00,4.668333,93.296875
08:00:38,912810TX6,TSRYS5743665,D,S,T,2024-04-19,1000000.00,4.675518,93.1875
08:00:38,912810TX6,TSRYS5743665,D,S,T,2024-04-19,1000000.00,4.679243,93.130859375
08:00:38,912810TX6,TSRYS5743665,D,S,T,2024-04-19,1000000.00,4.683744,93.0625
08:00:38,912810TX6,TSRYS5743665,D,S,T,2024-04-19,1000000.00,4.682715,93.078125
08:00:38,912810TX6,TSRYS5743665,D,S,T,2024-04-19,1000000.00,4.679629,93.125
08:00:38,912810TX6,TSRYS5743665,D,S,T,2024-04-19,1000000.00,4.679629,93.125
08:00:38,912810TX6,TSRYS5743665,D,S,T,2024-04-19,1000000.00,4.681686,93.09375
08:00:38,912810TX6,TSRYS5743665,D,S,T,2024-04-19,1000000.00,4.682715,93.078125
08:00:38,912810TX6,TSRYS5743665,D,S,T,2024-04-19,1000000.00,4.68709,93.01171875
08:00:38,912810TX6,TSRYS5743665,D,S,T,2024-04-19,1000000.00,4.686833,93.015625
08:00:38,912810TX6,TSRYS5743665,D,S,T,2024-04-19,1000000.00,4.684645,93.048828125
08:00:38,912810TX6,TSRYS5743665,D,S,T,2024-04-19,1000000.00,4.684645,93.048828125
08:00:38,912810TX6,TSRYS5743665,D,S,T,2024-04-19,1000000.00,4.684516,93.05078125
08:00:38,912810TX6,TSRYS5743665,D,S,T,2024-04-19,1000000.00,4.686575,93.01953125
08:00:38,912810TX6,TSRYS5743665,D,S,T,2024-04-19,1000000.00,4.685932,93.029296875
08:00:38,912810TX6,TSRYS5743665,D,S,T,2024-04-19,1000000.00,4.683744,93.0625
08:00:38,912810TX6,TSRYS5743665,D,S,T,2024-04-19,1000000.00,4.683744,93.0625
08:00:38,912810TX6,TSRYS5743665,D,S,T,2024-04-19,1000000.00,4.684773,93.046875
08:00:38,912810TX6,TSRYS5743665,D,S,T,2024-04-19,1000000.00,4.684773,93.046875
08:00:38,912810TX6,TSRYS5743665,D,S,T,2024-04-19,1000000.00,4.689924,92.96875
08:00:38,912810TX6,TSRYS5743665,D,S,T,2024-04-19,1000000.00,4.689924,92.96875
08:00:38,912810TX6,TSRYS5743665,D,S,T,2024-04-19,1000000.00,4.689924,92.96875
08:00:38,912810TX6,TSRYS5743665,D,S,T,2024-04-19,1000000.00,4.690182,92.96484375
08:00:38,912810TX6,TSRYS5743665,D,S,T,2024-04-19,1000000.00,4.692888,92.923828125
08:00:38,912810TX6,TSRYS5743665,D,S,T,2024-04-19,1000000.00,4.694049,92.90625
08:00:38,912810TX6,TSRYS5743665,D,S,T,2024-04-19,1000000.00,4.696113,92.875
08:00:38,912810TX6,TSRYS5743665,D,S,T,2024-04-19,1000000.00,4.697145,92.859375
08:00:38,912810TX6,TSRYS5743665,D,S,T,2024-04-19,1000000.00,4.697145,92.859375
08:00:38,912810TX6,TSRYS5743665,D,S,T,2024-04-19,1000000.00,4.697145,92.859375
08:00:38,912810TX6,TSRYS5743665,D,S,T,2024-04-19,1000000.00,4.697145,92.859375
08:00:38,912810TX6,TSRYS5743665,D,S,T,2024-04-19,1000000.00,4.695081,92.890625
08:00:38,912810TX6,TSRYS5743665,D,S,T,2024-04-19,1000000.00,4.696113,92.875
08:00:38,912810TX6,TSRYS5743665,D,S,T,2024-04-19,1000000.00,4.689924,92.96875
08:00:38,912810TX6,TSRYS5743665,D,S,T,2024-04-19,1000000.00,4.687863,93.0
08:00:38,912810TX6,TSRYS5743665,D,S,T,2024-04-19,1000000.00,4.689924,92.96875
08:00:38,912810TX6,TSRYS5743665,D,S,T,2024-04-19,1000000.00,4.685803,93.03125
08:00:38,912810TX6,TSRYS5743665,D,S,T,2024-04-19,1000000.00,4.690955,92.953125
08:00:38,912810TX6,TSRYS5743665,D,S,T,2024-04-19,1000000.00,4.688893,92.984375
08:00:38,912810TX6,TSRYS5743665,D,S,T,2024-04-19,1000000.00,4.688893,92.984375
08:00:38,912810TX6,TSRYS5743665,D,S,T,2024-04-19,1000000.00,4.686833,93.015625
08:00:38,912810TX6,TSRYS5743665,D,S,T,2024-04-19,1000000.00,4.686833,93.015625
08:00:38,912810TX6,TSRYS5743665,D,S,T,2024-04-19,1000000.00,4.686833,93.015625
08:00:38,912810TX6,TSRYS5743665,D,S,T,2024-04-19,1000000.00,4.684773,93.046875
08:00:38,912810TX6,TSRYS5743665,D,S,T,2024-04-19,1000000.00,4.688893,92.984375
08:00:38,912810TX6,TSRYS5743665,D,S,T,2024-04-19,1000000.00,4.688893,92.984375
08:00:38,912810TX6,TSRYS5743665,D,S,T,2024-04-19,1000000.00,4.689924,92.96875
08:00:38,912810TX6,TSRYS5743665,D,S,T,2024-04-19,1000000.00,4.694049,92.90625
08:00:38,912810TX6,TSRYS5743665,D,S,T,2024-04-19,1000000.00,4.693017,92.921875
08:00:38,912810TX6,TSRYS5743665,D,S,T,2024-04-19,1000000.00,4.691986,92.9375
08:00:38,912810TX6,TSRYS5743665,D,S,T,2024-04-19,1000000.00,4.691986,92.9375
08:00:38,912810TX6,TSRYS5743665,D,S,T,2024-04-19,1000000.00,4.691986,92.9375
08:00:38,912810TX6,TSRYS5743665,D,S,T,2024-04-19,1000000.00,4.693017,92.921875
08:00:38,912810TX6,TSRYS5743665,D,S,T,2024-04-19,1000000.00,4.693017,92.921875
08:00:38,912810TX6,TSRYS5743665,D,S,T,2024-04-19,1000000.00,4.693017,92.921875
08:00:38,912810TX6,TSRYS5743665,D,S,T,2024-04-19,1000000.00,4.688893,92.984375
08:00:38,912810TX6,TSRYS5743665,D,S,T,2024-04-19,1000000.00,4.684773,93.046875
08:00:38,912810TX6,TSRYS5743665,D,S,T,2024-04-19,1000000.00,4.682715,93.078125
08:00:38,912810TX6,TSRYS5743665,D,S,T,2024-04-19,1000000.00,4.682715,93.078125
08:00:38,912810TX6,TSRYS5743665,D,S,T,2024-04-19,1000000.00,4.682715,93.078125
08:00:38,912810TX6,TSRYS5743665,D,S,T,2024-04-19,1000000.00,4.686833,93.015625
08:00:38,912810TX6,TSRYS5743665,D,S,T,2024-04-19,1000000.00,4.687863,93.0
08:00:38,912810TX6,TSRYS5743665,D,S,T,2024-04-19,1000000.00,4.688893,92.984375
08:00:38,912810TX6,TSRYS5743665,D,S,T,2024-04-19,1000000.00,4.686833,93.015625
08:00:38,912810TX6,TSRYS5743665,D,S,T,2024-04-19,1000000.00,4.686833,93.015625
08:00:38,912810TX6,TSRYS5743665,D,S,T,2024-04-19,1000000.00,4.689924,92.96875
08:00:38,912810TX6,TSRYS5743665,D,S,T,2024-04-19,1000000.00,4.689924,92.96875
08:00:38,912810TX6,TSRYS5743665,D,S,T,2024-04-19,1000000.00,4.689924,92.96875
08:00:38,912810TX6,TSRYS5743665,D,S,T,2024-04-19,1000000.00,4.689924,92.96875
08:00:38,912810TX6,TSRYS5743665,D,S,T,2024-04-19,1000000.00,4.689924,92.96875
08:00:38,912810TX6,TSRYS5743665,D,S,T,2024-04-19,1000000.00,4.688893,92.984375
08:00:38,912810TX6,TSRYS5743665,D,S,T,2024-04-19,1000000.00,4.688893,92.984375
08:00:38,912810TX6,TSRYS5743665,D,S,T,2024-04-19,1000000.00,4.688893,92.984375
08:00:38,912810TX6,TSRYS5743665,D,S,T,2024-04-19,1000000.00,4.688893,92.984375
08:00:38,912810TX6,TSRYS5743665,D,S,T,2024-04-19,1000000.00,4.688893,92.984375
08:00:38,912810TX6,TSRYS5743665,D,S,T,2024-04-19,1000000.00,4.688893,92.984375
08:00:38,912810TX6,TSRYS5743665,D,S,T,2024-04-19,1000000.00,4.683744,93.0625
08:00:38,912810TX6,TSRYS5743665,D,S,T,2024-04-19,1000000.00,4.684773,93.046875
08:00:38,912810TX6,TSRYS5743665,D,S,T,2024-04-19,1000000.00,4.684773,93.046875
08:00:38,912810TX6,TSRYS5743665,D,S,T,2024-04-19,1000000.00,4.684773,93.046875
08:00:38,912810TX6,TSRYS5743665,D,S,T,2024-04-19,1000000.00,4.684773,93.046875
08:00:38,912810TX6,TSRYS5743665,D,S,T,2024-04-19,1000000.00,4.684773,93.046875
08:00:38,912810TX6,TSRYS5743665,D,S,T,2024-04-19,1000000.00,4.685546,93.03515625
08:00:38,912810TX6,TSRYS5743665,D,S,T,2024-04-19,1000000.00,4.689924,92.96875
08:00:38,912810TX6,TSRYS5743665,D,S,T,2024-04-19,1000000.00,4.687863,93.0
08:00:38,912810TX6,TSRYS5743665,D,S,T,2024-04-19,1000000.00,4.688893,92.984375
08:00:38,912810TX6,TSRYS5743665,D,S,T,2024-04-19,1000000.00,4.689924,92.96875
08:00:38,912810TX6,TSRYS5743665,D,S,T,2024-04-19,1000000.00,4.690955,92.953125
08:00:38,912810TX6,TSRYS5743665,D,S,T,2024-04-19,1000000.00,4.688893,92.984375
08:00:38,912810TX6,TSRYS5743665,D,S,T,2024-04-19,1000000.00,4.688893,92.984375
08:00:38,912810TX6,TSRYS5743665,D,S,T,2024-04-19,1000000.00,4.688893,92.984375
08:00:38,912810TX6,TSRYS5743665,D,S,T,2024-04-19,1000000.00,4.685803,93.03125
08:00:38,912810TX6,TSRYS5743665,D,S,T,2024-04-19,1000000.00,4.683744,93.0625
08:00:38,912810TX6,TSRYS5743665,D,S,T,2024-04-19,1000000.00,4.686833,93.015625
08:00:38,912810TX6,TSRYS5743665,D,S,T,2024-04-19,1000000.00,4.686833,93.015625
08:00:38,912810TX6,TSRYS5743665,D,S,T,2024-04-19,1000000.00,4.686833,93.015625
08:00:38,912810TX6,TSRYS5743665,D,S,T,2024-04-19,1000000.00,4.686833,93.015625
08:00:38,912810TX6,TSRYS5743665,D,S,T,2024-04-19,1000000.00,4.686833,93.015625
08:00:38,912810TX6,TSRYS5743665,D,S,T,2024-04-19,1000000.00,4.687863,93.0
08:00:38,912810TX6,TSRYS5743665,D,S,T,2024-04-19,1000000.00,4.685803,93.03125
08:00:38,912810TX6,TSRYS5743665,D,S,T,2024-04-19,1000000.00,4.685803,93.03125
08:00:38,912810TX6,TSRYS5743665,D,S,T,2024-04-19,1000000.00,4.685803,93.03125
08:00:38,912810TX6,TSRYS5743665,D,S,T,2024-04-19,1000000.00,4.686833,93.015625
08:00:38,912810TX6,TSRYS5743665,D,S,T,2024-04-19,1000000.00,4.685803,93.03125
08:00:38,912810TX6,TSRYS5743665,D,S,T,2024-04-19,1000000.00,4.685803,93.03125
08:00:38,912810TX6,TSRYS5743665,D,S,T,2024-04-19,1000000.00,4.682715,93.078125
08:00:38,912810TX6,TSRYS5743665,D,S,T,2024-04-19,1000000.00,4.683744,93.0625
08:00:38,912810TX6,TSRYS5743665,D,S,T,2024-04-19,1000000.00,4.683744,93.0625
08:00:38,912810TX6,TSRYS5743665,D,S,T,2024-04-19,1000000.00,4.683744,93.0625
08:00:38,912810TX6,TSRYS5743665,D,S,T,2024-04-19,1000000.00,4.683744,93.0625
08:00:38,912810TX6,TSRYS5743665,D,S,T,2024-04-19,1000000.00,4.683744,93.0625
08:00:38,912810TX6,TSRYS5743665,D,S,T,2024-04-19,1000000.00,4.683744,93.0625
08:00:38,912810TX6,TSRYS5743665,D,S,T,2024-04-19,1000000.00,4.683744,93.0625
08:00:38,912810TX6,TSRYS5743665,D,S,T,2024-04-19,1000000.00,4.683744,93.0625
08:00:38,912810TX6,TSRYS5743665,D,S,T,2024-04-19,1000000.00,4.683744,93.0625
08:00:38,912810TX6,TSRYS5743665,D,S,T,2024-04-19,1000000.00,4.684001,93.05859375
08:00:38,912810TX6,TSRYS5743665,D,S,T,2024-04-19,1000000.00,4.684001,93.05859375
08:00:38,912810TX6,TSRYS5743665,D,S,T,2024-04-19,1000000.00,4.683873,93.060546875
08:00:38,912810TX6,TSRYS5743665,D,S,T,2024-04-19,1000000.00,4.683744,93.0625
08:00:38,912810TX6,TSRYS5743665,D,S,T,2024-04-19,1000000.00,4.683744,93.0625
08:00:38,912810TX6,TSRYS5743665,D,S,T,2024-04-19,1000000.00,4.683744,93.0625
08:00:38,912810TX6,TSRYS5743665,D,S,T,2024-04-19,1000000.00,4.683744,93.0625
08:00:38,912810TX6,TSRYS5743665,D,S,T,2024-04-19,1000000.00,4.68413,93.056640625
08:00:38,912810TX6,TSRYS5743665,D,S,T,2024-04-19,1000000.00,4.684001,93.05859375
08:00:38,912810TX6,TSRYS5743665,D,S,T,2024-04-19,1000000.00,4.684773,93.046875
08:00:38,912810TX6,TSRYS5743665,D,S,T,2024-04-19,1000000.00,4.684773,93.046875
08:00:38,912810TX6,TSRYS5743665,D,S,T,2024-04-19,1000000.00,4.684773,93.046875
08:00:38,912810TX6,TSRYS5743665,D,S,T,2024-04-19,1000000.00,4.684773,93.046875
08:00:38,912810TX6,TSRYS5743665,D,S,T,2024-04-19,1000000.00,4.685803,93.03125
08:00:38,912810TX6,TSRYS5743665,D,S,T,2024-04-19,1000000.00,4.686833,93.015625
08:00:38,912810TX6,TSRYS5743665,D,S,T,2024-04-19,1000000.00,4.687863,93.0
08:00:38,912810TX6,TSRYS5743665,D,S,T,2024-04-19,1000000.00,4.687734,93.001953125
08:00:38,912810TX6,TSRYS5743665,D,S,T,2024-04-19,1000000.00,4.683744,93.0625
08:00:38,912810TX6,TSRYS5743665,D,S,T,2024-04-19,1000000.00,4.684773,93.046875
08:00:38,912810TX6,TSRYS5743665,D,S,T,2024-04-19,1000000.00,4.685803,93.03125
08:00:38,912810TX6,TSRYS5743665,D,S,T,2024-04-19,1000000.00,4.681686,93.09375
08:00:38,912810TX6,TSRYS5743665,D,S,T,2024-04-19,1000000.00,4.681686,93.09375
08:00:38,912810TX6,TSRYS5743665,D,S,T,2024-04-19,1000000.00,4.682715,93.078125
08:00:38,912810TX6,TSRYS5743665,D,S,T,2024-04-19,1000000.00,4.682715,93.078125
08:00:38,912810TX6,TSRYS5743665,D,S,T,2024-04-19,1000000.00,4.682715,93.078125
08:00:38,912810TX6,TSRYS5743665,D,S,T,2024-04-19,1000000.00,4.683744,93.0625
08:00:38,912810TX6,TSRYS5743665,D,S,T,2024-04-19,1000000.00,4.684773,93.046875
08:00:38,912810TX6,TSRYS5743665,D,S,T,2024-04-19,1000000.00,4.678601,93.140625
08:00:38,912810TX6,TSRYS5743665,D,S,T,2024-04-19,1000000.00,4.678601,93.140625
08:00:38,912810TX6,TSRYS5743665,D,S,T,2024-04-19,1000000.00,4.678601,93.140625
08:00:38,912810TX6,TSRYS5743665,D,S,T,2024-04-19,1000000.00,4.678601,93.140625
08:00:38,912810TX6,TSRYS5743665,D,S,T,2024-04-19,1000000.00,4.677573,93.15625
08:00:38,912810TX6,TSRYS5743665,D,S,T,2024-04-19,1000000.00,4.677573,93.15625
08:00:38,912810TX6,TSRYS5743665,D,S,T,2024-04-19,1000000.00,4.678601,93.140625
08:00:38,912810TX6,TSRYS5743665,D,S,T,2024-04-19,1000000.00,4.682715,93.078125
08:00:38,912810TX6,TSRYS5743665,D,S,T,2024-04-19,1000000.00,4.682715,93.078125
08:00:38,912810TX6,TSRYS5743665,D,S,T,2024-04-19,1000000.00,4.680657,93.109375
08:00:38,912810TX6,TSRYS5743665,D,S,T,2024-04-19,1000000.00,4.680657,93.109375
08:00:38,912810TX6,TSRYS5743665,D,S,T,2024-04-19,1000000.00,4.680657,93.109375
08:00:38,912810TX6,TSRYS5743665,D,S,T,2024-04-19,1000000.00,4.678986,93.134765625
08:00:38,912810TX6,TSRYS5743665,D,S,T,2024-04-19,1000000.00,4.678986,93.134765625
08:00:38,912810TX6,TSRYS5743665,D,S,T,2024-04-19,1000000.00,4.678986,93.134765625
08:00:38,912810TX6,TSRYS5743665,D,S,T,2024-04-19,1000000.00,4.678986,93.134765625
08:00:38,912810TX6,TSRYS5743665,D,S,T,2024-04-19,1000000.00,4.680529,93.111328125
08:00:38,912810TX6,TSRYS5743665,D,S,T,2024-04-19,1000000.00,4.680529,93.111328125
08:00:38,912810TX6,TSRYS5743665,D,S,T,2024-04-19,1000000.00,4.677573,93.15625
08:00:38,912810TX6,TSRYS5743665,D,S,T,2024-04-19,1000000.00,4.677445,93.158203125
08:00:38,912810TX6,TSRYS5743665,D,S,T,2024-04-19,2000000.00,4.677573,93.15625
08:00:38,912810TX6,TSRYS5743665,D,S,T,2024-04-19,1000000.00,4.677573,93.15625
08:00:38,912810TX6,TSRYS5743665,D,S,T,2024-04-19,1000000.00,4.677573,93.15625
08:00:38,912810TX6,TSRYS5743665,D,S,T,2024-04-19,1000000.00,4.677573,93.15625
08:00:38,912810TX6,TSRYS5743665,D,S,T,2024-04-19,1000000.00,4.674491,93.203125
08:00:38,912810TX6,TSRYS5743665,D,S,T,2024-04-19,1000000.00,4.673464,93.21875
08:00:38,912810TX6,TSRYS5743665,D,S,T,2024-04-19,1000000.00,4.673464,93.21875
08:00:38,912810TX6,TSRYS5743665,D,S,T,2024-04-19,1000000.00,4.673464,93.21875
08:00:38,912810TX6,TSRYS5743665,D,S,T,2024-04-19,1000000.00,4.674491,93.203125
08:00:38,912810TX6,TSRYS5743665,D,S,T,2024-04-19,1000000.00,4.675518,93.1875
08:00:38,912810TX6,TSRYS5743665,D,S,T,2024-04-19,1000000.00,4.675518,93.1875
08:00:38,912810TX6,TSRYS5743665,D,S,T,2024-04-19,1000000.00,4.675518,93.1875
08:00:38,912810TX6,TSRYS5743665,D,S,T,2024-04-19,1000000.00,4.675518,93.1875
08:00:38,912810TX6,TSRYS5743665,D,S,T,2024-04-19,1000000.00,4.676545,93.171875
08:00:38,912810TX6,TSRYS5743665,D,S,T,2024-04-19,1000000.00,4.676545,93.171875
08:00:38,912810TX6,TSRYS5743665,D,S,T,2024-04-19,1000000.00,4.676545,93.171875
08:00:38,912810TX6,TSRYS5743665,D,S,T,2024-04-19,1000000.00,4.678601,93.140625
08:00:38,912810TX6,TSRYS5743665,D,S,T,2024-04-19,1000000.00,4.679243,93.130859375
08:00:38,912810TX6,TSRYS5743665,D,S,T,2024-04-19,1000000.00,4.681686,93.09375
08:00:38,912810TX6,TSRYS5743665,D,S,T,2024-04-19,1000000.00,4.682715,93.078125
08:00:38,912810TX6,TSRYS5743665,D,S,T,2024-04-19,1000000.00,4.6795,93.126953125
08:00:38,912810TX6,TSRYS5743665,D,S,T,2024-04-19,1000000.00,4.681686,93.09375
08:00:38,912810TX6,TSRYS5743665,D,S,T,2024-04-19,1000000.00,4.681686,93.09375
08:00:38,912810TX6,TSRYS5743665,D,S,T,2024-04-19,1000000.00,4.681686,93.09375
08:00:38,912810TX6,TSRYS5743665,D,S,T,2024-04-19,1000000.00,4.681686,93.09375
08:00:38,912810TX6,TSRYS5743665,D,S,T,2024-04-19,1000000.00,4.686833,93.015625
08:00:38,912810TX6,TSRYS5743665,D,S,T,2024-04-19,1000000.00,4.686833,93.015625
08:00:38,912810TX6,TSRYS5743665,D,S,T,2024-04-19,1000000.00,4.690955,92.953125
08:00:38,912810TX6,TSRYS5743665,D,S,T,2024-04-19,1000000.00,4.690955,92.953125
08:00:38,912810TX6,TSRYS5743665,D,S,T,2024-04-19,1000000.00,4.690955,92.953125
08:00:38,912810TX6,TSRYS5743665,D,S,T,2024-04-19,1000000.00,4.689924,92.96875
08:00:38,912810TX6,TSRYS5743665,D,S,T,2024-04-19,1000000.00,4.690955,92.953125
08:00:38,912810TX6,TSRYS5743665,D,S,T,2024-04-19,1000000.00,4.690955,92.953125
08:00:38,912810TX6,TSRYS5743665,D,S,T,2024-04-19,1000000.00,4.688893,92.984375
08:00:38,912810TX6,TSRYS5743665,D,S,T,2024-04-19,1000000.00,4.689924,92.96875
08:00:38,912810TX6,TSRYS5743665,D,S,T,2024-04-19,1000000.00,4.690955,92.953125
08:00:38,912810TX6,TSRYS5743665,D,S,T,2024-04-19,1000000.00,4.690955,92.953125
08:00:38,912810TX6,TSRYS5743665,D,S,T,2024-04-19,1000000.00,4.688893,92.984375
08:00:38,912810TX6,TSRYS5743665,D,S,T,2024-04-19,3000000.00,4.688893,92.984375
08:00:38,912810TX6,TSRYS5743665,D,S,T,2024-04-19,1000000.00,4.694049,92.90625
08:00:38,912810TX6,TSRYS5743665,D,S,T,2024-04-19,1000000.00,4.694049,92.90625
08:00:38,912810TX6,TSRYS5743665,D,S,T,2024-04-19,1000000.00,4.694049,92.90625
08:00:38,912810TX6,TSRYS5743665,D,S,T,2024-04-19,1000000.00,4.697145,92.859375
08:00:38,912810TX6,TSRYS5743665,D,S,T,2024-04-19,1000000.00,4.697145,92.859375
08:00:38,912810TX6,TSRYS5743665,D,S,T,2024-04-19,1000000.00,4.694049,92.90625
08:00:38,912810TX6,TSRYS5743665,D,S,T,2024-04-19,1000000.00,4.694049,92.90625
08:00:38,912810TX6,TSRYS5743665,D,S,T,2024-04-19,1000000.00,4.694049,92.90625
08:00:38,912810TX6,TSRYS5743665,D,S,T,2024-04-19,1000000.00,4.695081,92.890625
08:00:38,912810TX6,TSRYS5743665,D,S,T,2024-04-19,1000000.00,4.693017,92.921875
08:00:38,912810TX6,TSRYS5743665,D,S,T,2024-04-19,1000000.00,4.696113,92.875
08:00:38,912810TX6,TSRYS5743665,D,S,T,2024-04-19,1000000.00,4.696113,92.875
08:00:38,912810TX6,TSRYS5743665,D,S,T,2024-04-19,1000000.00,4.696113,92.875
08:00:38,912810TX6,TSRYS5743665,D,S,T,2024-04-19,1000000.00,4.696113,92.875
08:00:38,912810TX6,TSRYS5743665,D,S,T,2024-04-19,1000000.00,4.691986,92.9375
08:00:38,912810TX6,TSRYS5743665,D,S,T,2024-04-19,1000000.00,4.693146,92.919921875
08:00:38,912810TX6,TSRYS5743665,D,S,T,2024-04-19,1000000.00,4.693146,92.919921875
08:00:38,912810TX6,TSRYS5743665,D,S,T,2024-04-19,1000000.00,4.692631,92.927734375
08:00:38,912810TX6,TSRYS5743665,D,S,T,2024-04-19,1000000.00,4.696113,92.875
08:00:38,912810TX6,TSRYS5743665,D,S,T,2024-04-19,1000000.00,4.696113,92.875
08:00:38,912810TX6,TSRYS5743665,D,S,T,2024-04-19,1000000.00,4.696113,92.875
08:00:38,912810TX6,TSRYS5743665,D,S,T,2024-04-19,1000000.00,4.695726,92.880859375
08:00:38,912810TX6,TSRYS5743665,D,S,T,2024-04-19,1000000.00,4.696113,92.875
08:00:38,912810TX6,TSRYS5743665,D,S,T,2024-04-19,1000000.00,4.696113,92.875
08:00:38,912810TX6,TSRYS5743665,D,S,T,2024-04-19,1000000.00,4.697145,92.859375
08:00:38,912810TX6,TSRYS5743665,D,S,T,2024-04-19,1000000.00,4.696113,92.875
08:00:38,912810TX6,TSRYS5743665,D,S,T,2024-04-19,1000000.00,4.695726,92.880859375
08:00:38,912810TX6,TSRYS5743665,D,S,T,2024-04-19,1000000.00,4.695726,92.880859375
08:00:38,912810TX6,TSRYS5743665,D,S,T,2024-04-19,1000000.00,4.697145,92.859375
08:00:38,912810TX6,TSRYS5743665,D,S,T,2024-04-19,1000000.00,4.697145,92.859375
08:00:38,912810TX6,TSRYS5743665,D,S,T,2024-04-19,1000000.00,4.698178,92.84375
08:00:38,912810TX6,TSRYS5743665,D,S,T,2024-04-19,1000000.00,4.698178,92.84375
08:00:38,912810TX6,TSRYS5743665,D,S,T,2024-04-19,1000000.00,4.698694,92.8359375
08:00:38,912810TX6,TSRYS5743665,D,S,T,2024-04-19,1000000.00,4.700115,92.814453125
08:00:38,912810TX6,TSRYS5743665,D,S,T,2024-04-19,1000000.00,4.700244,92.8125
08:00:38,912810TX6,TSRYS5743665,D,S,T,2024-04-19,1000000.00,4.701277,92.796875
08:00:38,912810TX6,TSRYS5743665,D,S,T,2024-04-19,1000000.00,4.703474,92.763671875
08:00:38,912810TX6,TSRYS5743665,D,S,T,2024-04-19,1000000.00,4.703345,92.765625
08:00:38,912810TX6,TSRYS5743665,D,S,T,2024-04-19,1000000.00,4.706448,92.71875
08:00:38,912810TX6,TSRYS5743665,D,S,T,2024-04-19,1000000.00,4.706448,92.71875
08:00:38,912810TX6,TSRYS5743665,D,S,T,2024-04-19,1000000.00,4.698178,92.84375
08:00:38,912810TX6,TSRYS5743665,D,S,T,2024-04-19,1000000.00,4.702828,92.7734375
08:00:38,912810TX6,TSRYS5743665,D,S,T,2024-04-19,1000000.00,4.697403,92.85546875
08:00:38,912810TX6,TSRYS5743665,D,S,T,2024-04-19,1000000.00,4.697274,92.857421875
08:00:38,912810TX6,TSRYS5743665,D,S,T,2024-04-19,1000000.00,4.698178,92.84375
08:00:38,912810TX6,TSRYS5743665,D,S,D,2024-04-19,1000000.00,4.732915,92.3203125
08:00:38,912810TX6,TSRYS5743665,D,S,D,2024-04-19,1000000.00,4.733175,92.31640625
08:00:38,912810TX6,TSRYS5743665,D,S,D,2024-04-19,1000000.00,4.71603,92.57421875
08:00:38,912810TX6,TSRYS5743665,D,S,D,2024-04-19,1000000.00,4.686318,93.0234375
08:00:38,912810TX6,TSRYS5743665,D,S,D,2024-04-19,1000000.00,4.677573,93.15625
08:00:38,912810TX6,TSRYS5743665,D,S,D,2024-04-19,1000000.00,4.675261,93.19140625
08:00:38,912810TX6,TSRYS5743665,D,S,D,2024-04-19,1000000.00,4.675775,93.18359375
08:00:38,912810TX6,TSRYS5743665,D,S,D,2024-04-19,1000000.00,4.686318,93.0234375
08:00:38,912810TX6,TSRYS5743665,D,S,D,2024-04-19,1000000.00,4.686575,93.01953125
08:00:38,912810TX6,TSRYS5743665,D,S,D,2024-04-19,1000000.00,4.685546,93.03515625
08:00:38,912810TX6,TSRYS5743665,D,S,D,2024-04-19,1000000.00,4.685288,93.0390625
08:00:38,912810TX6,TSRYS5743665,D,S,D,2024-04-19,1000000.00,4.684516,93.05078125
08:00:38,912810TX6,TSRYS5743665,D,S,D,2024-04-19,1000000.00,4.682715,93.078125
08:00:38,912810TX6,TSRYS5743665,D,S,D,2024-04-19,1000000.00,4.670898,93.2578125
08:00:38,912810TX6,TSRYS5743665,D,S,D,2024-04-19,1000000.00,4.670128,93.26953125
08:00:38,912810TX6,TSRYS5743665,D,S,D,2024-04-19,1000000.00,4.668333,93.296875
08:00:38,912810TX6,TSRYS5743665,D,S,D,2024-04-19,1000000.00,4.666539,93.32421875
08:00:38,912810TX6,TSRYS5743665,D,S,D,2024-04-19,1000000.00,4.663977,93.36328125
08:00:38,912810TX6,TSRYS5743665,D,S,D,2024-04-19,1000000.00,4.653744,93.51953125
08:00:38,912810TX6,TSRYS5743665,D,S,D,2024-04-19,1000000.00,4.657834,93.45703125
08:00:38,912810TX6,TSRYS5743665,D,S,D,2024-04-19,1000000.00,4.66116,93.40625
08:00:38,912810TX6,TSRYS5743665,D,S,D,2024-04-19,1000000.00,4.660904,93.41015625
08:00:38,912810TX6,TSRYS5743665,D,S,D,2024-04-19,1000000.00,4.656044,93.484375
08:00:38,912810TX6,TSRYS5743665,D,S,D,2024-04-19,1000000.00,4.652467,93.5390625
08:00:38,912810TX6,TSRYS5743665,D,S,D,2024-04-19,1000000.00,4.652211,93.54296875
08:00:38,912810TX6,TSRYS5743665,D,S,D,2024-04-19,1000000.00,4.651956,93.546875
08:00:38,912810TX6,TSRYS5743665,D,S,D,2024-04-19,1000000.00,4.649913,93.578125
08:00:38,912810TX6,TSRYS5743665,D,S,D,2024-04-19,1000000.00,4.648382,93.6015625
08:00:38,912810TX6,TSRYS5743665,D,S,D,2024-04-19,1000000.00,4.646851,93.625
08:00:38,912810TX6,TSRYS5743665,D,S,D,2024-04-19,1000000.00,4.643791,93.671875
08:00:38,912810TX6,TSRYS5743665,D,S,D,2024-04-19,1000000.00,4.639714,93.734375
08:00:38,912810TX6,TSRYS5743665,D,S,D,2024-04-19,1000000.00,4.632589,93.84375
08:00:38,912810TX6,TSRYS5743665,D,S,D,2024-04-19,1000000.00,4.641497,93.70703125
08:00:38,912810TX6,TSRYS5743665,D,S,D,2024-04-19,1000000.00,4.656811,93.47265625
08:00:38,912810TX6,TSRYS5743665,D,S,D,2024-04-19,1000000.00,4.656556,93.4765625
08:00:38,912810TX6,TSRYS5743665,D,S,D,2024-04-19,1000000.00,4.649913,93.578125
08:00:38,912810TX6,TSRYS5743665,D,S,D,2024-04-19,1000000.00,4.649658,93.58203125
08:00:38,912810TX6,TSRYS5743665,D,S,D,2024-04-19,1000000.00,4.658602,93.4453125
08:00:38,912810TX6,TSRYS5743665,D,S,D,2024-04-19,1000000.00,4.654,93.515625
08:00:38,912810TX6,TSRYS5743665,D,S,D,2024-04-19,1000000.00,4.655022,93.5
08:00:38,912810TX6,TSRYS5743665,D,S,D,2024-04-19,1000000.00,4.653489,93.5234375
08:00:38,912810TX6,TSRYS5743665,D,S,D,2024-04-19,1000000.00,4.653233,93.52734375
08:00:38,912810TX6,TSRYS5743665,D,S,D,2024-04-19,1000000.00,4.653744,93.51953125
08:00:38,912810TX6,TSRYS5743665,D,S,D,2024-04-19,1000000.00,4.644556,93.66015625
08:00:38,912810TX6,TSRYS5743665,D,S,D,2024-04-19,1000000.00,4.644301,93.6640625
08:00:38,912810TX6,TSRYS5743665,D,S,D,2024-04-19,1000000.00,4.642262,93.6953125
08:00:38,912810TX6,TSRYS5743665,D,S,D,2024-04-19,1000000.00,4.641752,93.703125
08:00:38,912810TX6,TSRYS5743665,D,S,D,2024-04-19,1000000.00,4.641243,93.7109375
08:00:38,912810TX6,TSRYS5743665,D,S,D,2024-04-19,1000000.00,4.640988,93.71484375
08:00:38,912810TX6,TSRYS5743665,D,S,D,2024-04-19,1000000.00,4.640733,93.71875
08:00:38,912810TX6,TSRYS5743665,D,S,D,2024-04-19,1000000.00,4.641497,93.70703125
08:00:38,912810TX6,TSRYS5743665,D,S,D,2024-04-19,1000000.00,4.63946,93.73828125
08:00:38,912810TX6,TSRYS5743665,D,S,D,2024-04-19,1000000.00,4.636914,93.77734375
08:00:38,912810TX6,TSRYS5743665,D,S,D,2024-04-19,1000000.00,4.635387,93.80078125
08:00:38,912810TX6,TSRYS5743665,D,S,D,2024-04-19,1000000.00,4.636659,93.78125
08:00:38,912810TX6,TSRYS5743665,D,S,D,2024-04-19,1000000.00,4.633861,93.82421875
08:00:38,912810TX6,TSRYS5743665,D,S,D,2024-04-19,1000000.00,4.630556,93.875
08:00:38,912810TX6,TSRYS5743665,D,S,D,2024-04-19,1000000.00,4.633606,93.828125
08:00:38,912810TX6,TSRYS5743665,D,S,D,2024-04-19,1000000.00,4.644556,93.66015625
08:00:38,912810TX6,TSRYS5743665,D,S,D,2024-04-19,1000000.00,4.644811,93.65625
08:00:38,912810TX6,TSRYS5743665,D,S,D,2024-04-19,1000000.00,4.643026,93.68359375
08:00:38,912810TX6,TSRYS5743665,D,S,D,2024-04-19,1000000.00,4.643281,93.6796875
08:00:38,912810TX6,TSRYS5743665,D,S,D,2024-04-19,1000000.00,4.643791,93.671875
08:00:38,912810TX6,TSRYS5743665,D,S,D,2024-04-19,1000000.00,4.643536,93.67578125
08:00:38,912810TX6,TSRYS5743665,D,S,D,2024-04-19,1000000.00,4.641752,93.703125
08:00:38,912810TX6,TSRYS5743665,D,S,D,2024-04-19,1000000.00,4.640733,93.71875
08:00:38,912810TX6,TSRYS5743665,D,S,D,2024-04-19,1000000.00,4.641243,93.7109375
08:00:38,912810TX6,TSRYS5743665,D,S,D,2024-04-19,1000000.00,4.640478,93.72265625
08:00:38,912810TX6,TSRYS5743665,D,S,D,2024-04-19,1000000.00,4.640988,93.71484375
08:00:38,912810TX6,TSRYS5743665,D,S,D,2024-04-19,1000000.00,4.641497,93.70703125
08:00:38,912810TX6,TSRYS5743665,D,S,D,2024-04-19,1000000.00,4.640224,93.7265625
08:00:38,912810TX6,TSRYS5743665,D,S,D,2024-04-19,1000000.00,4.639969,93.73046875
08:00:38,912810TX6,TSRYS5743665,D,S,D,2024-04-19,1000000.00,4.638696,93.75
08:00:38,912810TX6,TSRYS5743665,D,S,D,2024-04-19,1000000.00,4.637423,93.76953125
08:00:38,912810TX6,TSRYS5743665,D,S,D,2024-04-19,1000000.00,4.638186,93.7578125
08:00:38,912810TX6,TSRYS5743665,D,S,D,2024-04-19,1000000.00,4.637932,93.76171875
08:00:38,912810TX6,TSRYS5743665,D,S,D,2024-04-19,1000000.00,4.637677,93.765625
08:00:38,912810TX6,TSRYS5743665,D,S,D,2024-04-19,1000000.00,4.638441,93.75390625
08:00:38,912810TX6,TSRYS5743665,D,S,D,2024-04-19,1000000.00,4.636405,93.78515625
08:00:38,912810TX6,TSRYS5743665,D,S,D,2024-04-19,1000000.00,4.635896,93.79296875
08:00:38,912810TX6,TSRYS5743665,D,S,D,2024-04-19,1000000.00,4.636659,93.78125
08:00:38,912810TX6,TSRYS5743665,D,S,D,2024-04-19,1000000.00,4.635387,93.80078125
08:00:38,912810TX6,TSRYS5743665,D,S,D,2024-04-19,1000000.00,4.635641,93.796875
08:00:38,912810TX6,TSRYS5743665,D,S,D,2024-04-19,1000000.00,4.63615,93.7890625
08:00:38,912810TX6,TSRYS5743665,D,S,D,2024-04-19,1000000.00,4.635133,93.8046875
08:00:38,912810TX6,TSRYS5743665,D,S,D,2024-04-19,1000000.00,4.63615,93.7890625
08:00:38,912810TX6,TSRYS5743665,D,S,D,2024-04-19,1000000.00,4.635896,93.79296875
08:00:38,912810TX6,TSRYS5743665,D,S,D,2024-04-19,1000000.00,4.636405,93.78515625
08:00:38,912810TX6,TSRYS5743665,D,S,D,2024-04-19,1000000.00,4.636914,93.77734375
08:00:38,912810TX6,TSRYS5743665,D,S,D,2024-04-19,1000000.00,4.637168,93.7734375
08:00:38,912810TX6,TSRYS5743665,D,S,D,2024-04-19,1000000.00,4.637677,93.765625
08:00:38,912810TX6,TSRYS5743665,D,S,D,2024-04-19,1000000.00,4.637423,93.76953125
08:00:38,912810TX6,TSRYS5743665,D,S,D,2024-04-19,1000000.00,4.636659,93.78125
08:00:38,912810TX6,TSRYS5743665,D,S,D,2024-04-19,1000000.00,4.633606,93.828125
08:00:38,912810TX6,TSRYS5743665,D,S,D,2024-04-19,1000000.00,4.640224,93.7265625
08:00:38,912810TX6,TSRYS5743665,D,S,D,2024-04-19,1000000.00,4.640478,93.72265625
08:00:38,912810TX6,TSRYS5743665,D,S,D,2024-04-19,750000.00,4.638696,93.75
08:00:38,912810TX6,TSRYS5743665,D,S,D,2024-04-19,1000000.00,4.633098,93.8359375
08:00:38,912810TX6,TSRYS5743665,D,S,D,2024-04-19,1000000.00,4.632844,93.83984375
08:00:38,912810TX6,TSRYS5743665,D,S,D,2024-04-19,1000000.00,4.633352,93.83203125
08:00:38,912810TX6,TSRYS5743665,D,S,D,2024-04-19,1000000.00,4.632589,93.84375
08:00:38,912810TX6,TSRYS5743665,D,S,D,2024-04-19,1000000.00,4.633606,93.828125
08:00:38,912810TX6,TSRYS5743665,D,S,D,2024-04-19,1000000.00,4.631573,93.859375
08:00:38,912810TX6,TSRYS5743665,D,S,D,2024-04-19,1000000.00,4.630556,93.875
08:00:38,912810TX6,TSRYS5743665,D,S,D,2024-04-19,1000000.00,4.630556,93.875
08:00:38,912810TX6,TSRYS5743665,D,S,D,2024-04-19,1000000.00,4.629031,93.8984375
08:00:38,912810TX6,TSRYS5743665,D,S,D,2024-04-19,1000000.00,4.629285,93.89453125
08:00:38,912810TX6,TSRYS5743665,D,S,D,2024-04-19,1000000.00,4.618375,94.0625
08:00:38,912810TX6,TSRYS5743665,D,S,D,2024-04-19,1000000.00,4.62015,94.03515625
08:00:38,912810TX6,TSRYS5743665,D,S,D,2024-04-19,1000000.00,4.619643,94.04296875
08:00:38,912810TX6,TSRYS5743665,D,S,D,2024-04-19,1000000.00,4.619896,94.0390625
08:00:38,912810TX6,TSRYS5743665,D,S,D,2024-04-19,1000000.00,4.620657,94.02734375
08:00:38,912810TX6,TSRYS5743665,D,S,D,2024-04-19,1000000.00,4.621417,94.015625
08:00:38,912810TX6,TSRYS5743665,D,S,D,2024-04-19,750000.00,4.620657,94.02734375
08:00:38,912810TX6,TSRYS5743665,D,S,D,2024-04-19,1000000.00,4.621164,94.01953125
08:00:38,912810TX6,TSRYS5743665,D,S,D,2024-04-19,1000000.00,4.62091,94.0234375
08:00:38,912810TX6,TSRYS5743665,D,S,D,2024-04-19,1000000.00,4.616349,94.09375
08:00:38,912810TX6,TSRYS5743665,D,S,D,2024-04-19,1000000.00,4.616349,94.09375
08:00:38,912810TX6,TSRYS5743665,D,S,D,2024-04-19,1000000.00,4.614576,94.12109375
08:00:38,912810TX6,TSRYS5743665,D,S,D,2024-04-19,1000000.00,4.614829,94.1171875
08:00:38,912810TX6,TSRYS5743665,D,S,D,2024-04-19,1000000.00,4.615082,94.11328125
08:00:38,912810TX6,TSRYS5743665,D,S,D,2024-04-19,1000000.00,4.619389,94.046875
08:00:38,912810TX6,TSRYS5743665,D,S,D,2024-04-19,1000000.00,4.626492,93.9375
08:00:38,912810TX6,TSRYS5743665,D,S,D,2024-04-19,1000000.00,4.628523,93.90625
08:00:38,912810TX6,TSRYS5743665,D,S,D,2024-04-19,1000000.00,4.627,93.9296875
08:00:38,912810TX6,TSRYS5743665,D,S,D,2024-04-19,1000000.00,4.626746,93.93359375
08:00:38,912810TX6,TSRYS5743665,D,S,D,2024-04-19,1000000.00,4.63081,93.87109375
08:00:38,912810TX6,TSRYS5743665,D,S,D,2024-04-19,1000000.00,4.635641,93.796875
08:00:38,912810TX6,TSRYS5743665,D,S,D,2024-04-19,1000000.00,4.647616,93.61328125
08:00:38,912810TX6,TSRYS5743665,D,S,D,2024-04-19,1000000.00,4.647616,93.61328125
08:00:38,912810TX6,TSRYS5743665,D,S,D,2024-04-19,1000000.00,4.659113,93.4375
08:00:38,912810TX6,TSRYS5743665,D,S,D,2024-04-19,1000000.00,4.659113,93.4375
08:00:38,912810TX6,TSRYS5743665,D,S,D,2024-04-19,1000000.00,4.658602,93.4453125
08:00:38,912810TX6,TSRYS5743665,D,S,D,2024-04-19,1000000.00,4.659113,93.4375
08:00:38,912810TX6,TSRYS5743665,D,S,D,2024-04-19,1000000.00,4.659113,93.4375
08:00:38,912810TX6,TSRYS5743665,D,S,D,2024-04-19,1000000.00,4.659113,93.4375
08:00:38,912810TX6,TSRYS5743665,D,S,D,2024-04-19,1000000.00,4.675518,93.1875
08:00:38,912810TX6,TSRYS5743665,D,S,D,2024-04-19,1000000.00,4.665258,93.34375
08:00:38,912810TX6,TSRYS5743665,D,S,D,2024-04-19,1000000.00,4.665001,93.34765625
08:00:38,912810TX6,TSRYS5743665,D,S,D,2024-04-19,1000000.00,4.663721,93.3671875
08:00:38,912810TX6,TSRYS5743665,D,S,D,2024-04-19,1000000.00,4.663977,93.36328125
08:00:38,912810TX6,TSRYS5743665,D,S,D,2024-04-19,1000000.00,4.666026,93.33203125
08:00:38,912810TX6,TSRYS5743665,D,S,D,2024-04-19,1000000.00,4.664745,93.3515625
08:00:38,912810TX6,TSRYS5743665,D,S,D,2024-04-19,1000000.00,4.664489,93.35546875
08:00:38,912810TX6,TSRYS5743665,D,S,D,2024-04-19,1000000.00,4.670385,93.265625
08:00:38,912810TX6,TSRYS5743665,D,S,D,2024-04-19,1000000.00,4.663721,93.3671875
08:00:38,912810TX6,TSRYS5743665,D,S,D,2024-04-19,1000000.00,4.663465,93.37109375
08:00:38,912810TX6,TSRYS5743665,D,S,D,2024-04-19,1000000.00,4.672694,93.23046875
08:00:38,912810TX6,TSRYS5743665,D,S,D,2024-04-19,1000000.00,4.675518,93.1875
08:00:38,912810TX6,TSRYS5743665,D,S,D,2024-04-19,1000000.00,4.682458,93.08203125
08:00:38,912810TX6,TSRYS5743665,D,S,D,2024-04-19,1000000.00,4.6804,93.11328125
08:00:38,912810TX6,TSRYS5743665,D,S,D,2024-04-19,1000000.00,4.687605,93.00390625
08:00:38,912810TX6,TSRYS5743665,D,S,D,2024-04-19,1000000.00,4.682458,93.08203125
08:00:38,912810TX6,TSRYS5743665,D,S,D,2024-04-19,1000000.00,4.684516,93.05078125
08:00:38,912810TX6,TSRYS5743665,D,S,D,2024-04-19,1000000.00,4.686318,93.0234375
08:00:38,912810TX6,TSRYS5743665,D,S,D,2024-04-19,1000000.00,4.692244,92.93359375
08:00:38,912810TX6,TSRYS5743665,D,S,D,2024-04-19,1000000.00,4.691986,92.9375
08:00:38,912810TX6,TSRYS5743665,D,S,D,2024-04-19,1000000.00,4.697145,92.859375
08:00:38,912810TX6,TSRYS5743665,D,S,D,2024-04-19,1000000.00,4.685031,93.04296875
08:00:38,912810TX6,TSRYS5743665,D,S,D,2024-04-19,1000000.00,4.688636,92.98828125
08:00:38,912810TX6,TSRYS5743665,D,S,D,2024-04-19,1000000.00,4.687605,93.00390625
08:00:38,912810TX6,TSRYS5743665,D,S,D,2024-04-19,1000000.00,4.686318,93.0234375
08:00:38,912810TX6,TSRYS5743665,D,S,D,2024-04-19,1000000.00,4.687605,93.00390625
08:00:38,912810TX6,TSRYS5743665,D,S,D,2024-04-19,1000000.00,4.690439,92.9609375
08:00:38,912810TX6,TSRYS5743665,D,S,D,2024-04-19,1000000.00,4.683744,93.0625
08:00:38,912810TX6,TSRYS5743665,D,S,D,2024-04-19,1000000.00,4.673721,93.21484375
08:00:38,912810TX6,TSRYS5743665,D,S,D,2024-04-19,1000000.00,4.674234,93.20703125
08:00:38,912810TX6,TSRYS5743665,D,S,D,2024-04-19,1000000.00,4.694307,92.90234375
08:00:38,912810TX6,TSRYS5743665,D,S,D,2024-04-19,1000000.00,4.695339,92.88671875
08:00:38,912810TX6,TSRYS5743665,D,S,D,2024-04-19,1000000.00,4.699727,92.8203125
08:00:38,912810TX6,TSRYS5743665,D,S,D,2024-04-19,1000000.00,4.699211,92.828125
08:00:38,912810TX6,TSRYS5743665,D,S,D,2024-04-19,1000000.00,4.699727,92.8203125
08:00:38,912810TX6,TSRYS5743665,D,S,D,2024-04-19,1000000.00,4.699727,92.8203125
08:00:38,912810TX6,TSRYS5743665,D,S,D,2024-04-19,1000000.00,4.698952,92.83203125
08:00:38,912810TX6,TSRYS5743665,D,S,D,2024-04-19,1000000.00,4.700244,92.8125
08:00:38,912810TX6,TSRYS5743665,D,S,D,2024-04-19,1000000.00,4.704896,92.7421875
08:00:38,912810TX6,TSRYS5743665,D,S,D,2024-04-19,1000000.00,4.704896,92.7421875
08:00:38,912810TX6,TSRYS5743665,D,S,D,2024-04-19,1000000.00,4.704896,92.7421875
08:00:38,912810TX6,TSRYS5743665,D,S,D,2024-04-19,1000000.00,4.704637,92.74609375
08:00:38,912810TX6,TSRYS5743665,D,S,D,2024-04-19,1000000.00,4.704896,92.7421875
08:00:38,912810TX6,TSRYS5743665,D,S,D,2024-04-19,1000000.00,4.704896,92.7421875
08:00:38,912810TX6,TSRYS5743665,D,S,D,2024-04-19,1000000.00,4.704896,92.7421875
08:00:38,912810TX6,TSRYS5743665,D,S,D,2024-04-19,1000000.00,4.705672,92.73046875
08:00:38,912810TX6,TSRYS5743665,D,S,D,2024-04-19,1000000.00,4.697403,92.85546875
08:00:38,912810TX6,TSRYS5743665,D,S,D,2024-04-19,1000000.00,4.732915,92.3203125
08:00:38,912810TX6,TSRYS5743665,D,S,D,2024-04-19,1000000.00,4.732915,92.3203125
08:00:38,912810TX6,TSRYS5743665,D,S,D,2024-04-19,1000000.00,4.722776,92.47265625
08:00:38,912810TX6,TSRYS5743665,D,S,D,2024-04-19,1000000.00,4.719791,92.517578125
08:00:38,912810TX6,TSRYS5743665,D,S,D,2024-04-19,1000000.00,4.719401,92.5234375
08:00:38,912810TX6,TSRYS5743665,D,S,D,2024-04-19,1000000.00,4.71992,92.515625
08:00:38,912810TX6,TSRYS5743665,D,S,D,2024-04-19,1000000.00,4.71992,92.515625
08:00:38,912810TX6,TSRYS5743665,D,S,D,2024-04-19,1000000.00,4.698178,92.84375
08:00:38,912810TX6,TSRYS5743665,D,S,D,2024-04-19,1000000.00,4.697791,92.849609375
08:00:38,912810TX6,TSRYS5743665,D,S,D,2024-04-19,1000000.00,4.697791,92.849609375
08:00:38,912810TX6,TSRYS5743665,D,S,D,2024-04-19,1000000.00,4.697662,92.8515625
08:00:38,912810TX6,TSRYS5743665,D,S,D,2024-04-19,1000000.00,4.681686,93.09375
08:00:38,912810TX6,TSRYS5743665,D,S,D,2024-04-19,1000000.00,4.681686,93.09375
08:00:38,912810TX6,TSRYS5743665,D,S,D,2024-04-19,1000000.00,4.680015,93.119140625
08:00:38,912810TX6,TSRYS5743665,D,S,D,2024-04-19,1000000.00,4.677316,93.16015625
08:00:38,912810TX6,TSRYS5743665,D,S,D,2024-04-19,1000000.00,4.67616,93.177734375
08:00:38,912810TX6,TSRYS5743665,D,S,D,2024-04-19,1000000.00,4.675261,93.19140625
08:00:38,912810TX6,TSRYS5743665,D,S,D,2024-04-19,2000000.00,4.673464,93.21875
08:00:38,912810TX6,TSRYS5743665,D,S,D,2024-04-19,1000000.00,4.685803,93.03125
08:00:38,912810TX6,TSRYS5743665,D,S,D,2024-04-19,1000000.00,4.685674,93.033203125
08:00:38,912810TX6,TSRYS5743665,D,S,D,2024-04-19,1000000.00,4.68606,93.02734375
08:00:38,912810TX6,TSRYS5743665,D,S,D,2024-04-19,1000000.00,4.684516,93.05078125
08:00:38,912810TX6,TSRYS5743665,D,S,D,2024-04-19,1000000.00,4.684387,93.052734375
08:00:38,912810TX6,TSRYS5743665,D,S,D,2024-04-19,1000000.00,4.663721,93.3671875
08:00:38,912810TX6,TSRYS5743665,D,S,D,2024-04-19,1000000.00,4.663977,93.36328125
08:00:38,912810TX6,TSRYS5743665,D,S,D,2024-04-19,1000000.00,4.646851,93.625
08:00:38,912810TX6,TSRYS5743665,D,S,D,2024-04-19,1000000.00,4.646851,93.625
08:00:38,912810TX6,TSRYS5743665,D,S,D,2024-04-19,1000000.00,4.646851,93.625
08:00:38,912810TX6,TSRYS5743665,D,S,D,2024-04-19,1000000.00,4.646851,93.625
08:00:38,912810TX6,TSRYS5743665,D,S,D,2024-04-19,1000000.00,4.643791,93.671875
08:00:38,912810TX6,TSRYS5743665,D,S,D,2024-04-19,1000000.00,4.637041,93.775390625
08:00:38,912810TX6,TSRYS5743665,D,S,D,2024-04-19,1000000.00,4.634624,93.8125
08:00:38,912810TX6,TSRYS5743665,D,S,D,2024-04-19,1000000.00,4.634624,93.8125
08:00:38,912810TX6,TSRYS5743665,D,S,D,2024-04-19,1000000.00,4.653489,93.5234375
08:00:38,912810TX6,TSRYS5743665,D,S,D,2024-04-19,1000000.00,4.653361,93.525390625
08:00:38,912810TX6,TSRYS5743665,D,S,D,2024-04-19,1000000.00,4.647871,93.609375
08:00:38,912810TX6,TSRYS5743665,D,S,D,2024-04-19,1000000.00,4.653616,93.521484375
08:00:38,912810TX6,TSRYS5743665,D,S,D,2024-04-19,1000000.00,4.654,93.515625
08:00:38,912810TX6,TSRYS5743665,D,S,D,2024-04-19,1000000.00,4.644556,93.66015625
08:00:38,912810TX6,TSRYS5743665,D,S,D,2024-04-19,1000000.00,4.644556,93.66015625
08:00:38,912810TX6,TSRYS5743665,D,S,D,2024-04-19,1000000.00,4.642262,93.6953125
08:00:38,912810TX6,TSRYS5743665,D,S,D,2024-04-19,1000000.00,4.640478,93.72265625
08:00:38,912810TX6,TSRYS5743665,D,S,D,2024-04-19,1000000.00,4.636914,93.77734375
08:00:38,912810TX6,TSRYS5743665,D,S,D,2024-04-19,1000000.00,4.636023,93.791015625
08:00:38,912810TX6,TSRYS5743665,D,S,D,2024-04-19,1000000.00,4.635896,93.79296875
08:00:38,912810TX6,TSRYS5743665,D,S,D,2024-04-19,1000000.00,4.636659,93.78125
08:00:38,912810TX6,TSRYS5743665,D,S,D,2024-04-19,1000000.00,4.635387,93.80078125
08:00:38,912810TX6,TSRYS5743665,D,S,D,2024-04-19,1000000.00,4.63526,93.802734375
08:00:38,912810TX6,TSRYS5743665,D,S,D,2024-04-19,1000000.00,4.632589,93.84375
08:00:38,912810TX6,TSRYS5743665,D,S,D,2024-04-19,1000000.00,4.640606,93.720703125
08:00:38,912810TX6,TSRYS5743665,D,S,D,2024-04-19,1000000.00,4.638696,93.75
08:00:38,912810TX6,TSRYS5743665,D,S,D,2024-04-19,1000000.00,4.628904,93.900390625
08:00:38,912810TX6,TSRYS5743665,D,S,D,2024-04-19,1000000.00,4.620783,94.025390625
08:00:39,912810TX6,TSRYS5743665,D,S,D,2024-04-19,1000000.00,4.621417,94.015625
08:00:39,912810TX6,TSRYS5743665,D,S,D,2024-04-19,1000000.00,4.621417,94.015625
08:00:39,912810TX6,TSRYS5743665,D,S,D,2024-04-19,1000000.00,4.621417,94.015625
08:00:39,912810TX6,TSRYS5743665,D,S,D,2024-04-19,1000000.00,4.621417,94.015625
08:00:39,912810TX6,TSRYS5743665,D,S,D,2024-04-19,1000000.00,4.621417,94.015625
08:00:39,912810TX6,TSRYS5743665,D,S,D,2024-04-19,1000000.00,4.627508,93.921875
08:00:39,912810TX6,TSRYS5743665,D,S,D,2024-04-19,1000000.00,4.626746,93.93359375
08:00:39,912810TX6,TSRYS5743665,D,S,D,2024-04-19,1000000.00,4.649147,93.58984375
08:00:39,912810TX6,TSRYS5743665,D,S,D,2024-04-19,1000000.00,4.649786,93.580078125
08:00:39,912810TX6,TSRYS5743665,D,S,D,2024-04-19,1000000.00,4.649658,93.58203125
08:00:39,912810TX6,TSRYS5743665,D,S,D,2024-04-19,1000000.00,4.644683,93.658203125
08:00:39,912810TX6,TSRYS5743665,D,S,D,2024-04-19,1000000.00,4.644683,93.658203125
08:00:39,912810TX6,TSRYS5743665,D,S,D,2024-04-19,1000000.00,4.651956,93.546875
08:00:39,912810TX6,TSRYS5743665,D,S,D,2024-04-19,1000000.00,4.651956,93.546875
08:00:39,912810TX6,TSRYS5743665,D,S,D,2024-04-19,1000000.00,4.651062,93.560546875
08:00:39,912810TX6,TSRYS5743665,D,S,D,2024-04-19,1000000.00,4.651062,93.560546875
08:00:39,912810TX6,TSRYS5743665,D,S,D,2024-04-19,1000000.00,4.651062,93.560546875
08:00:39,912810TX6,TSRYS5743665,D,S,D,2024-04-19,1000000.00,4.649913,93.578125
08:00:39,912810TX6,TSRYS5743665,D,S,D,2024-04-19,1000000.00,4.654766,93.50390625
08:00:39,912810TX6,TSRYS5743665,D,S,D,2024-04-19,1000000.00,4.654766,93.50390625
08:00:39,912810TX6,TSRYS5743665,D,S,D,2024-04-19,1000000.00,4.654766,93.50390625
08:00:39,912810TX6,TSRYS5743665,D,S,D,2024-04-19,1000000.00,4.654766,93.50390625
08:00:39,912810TX6,TSRYS5743665,D,S,D,2024-04-19,1000000.00,4.657067,93.46875
08:00:39,912810TX6,TSRYS5743665,D,S,D,2024-04-19,1000000.00,4.659241,93.435546875
08:00:39,912810TX6,TSRYS5743665,D,S,D,2024-04-19,1000000.00,4.658346,93.44921875
08:00:39,912810TX6,TSRYS5743665,D,S,D,2024-04-19,1000000.00,4.658218,93.451171875
08:00:39,912810TX6,TSRYS5743665,D,S,D,2024-04-19,1000000.00,4.661928,93.39453125
08:00:39,912810TX6,TSRYS5743665,D,S,D,2024-04-19,1000000.00,4.666026,93.33203125
08:00:39,912810TX6,TSRYS5743665,D,S,D,2024-04-19,1000000.00,4.664489,93.35546875
08:00:39,912810TX6,TSRYS5743665,D,S,D,2024-04-19,1000000.00,4.666026,93.33203125
08:00:39,912810TX6,TSRYS5743665,D,S,D,2024-04-19,1000000.00,4.660393,93.41796875
08:00:39,912810TX6,TSRYS5743665,D,S,D,2024-04-19,1000000.00,4.663721,93.3671875
08:00:39,912810TX6,TSRYS5743665,D,S,D,2024-04-19,1000000.00,4.663465,93.37109375
08:00:39,912810TX6,TSRYS5743665,D,S,D,2024-04-19,1000000.00,4.663337,93.373046875
08:00:39,912810TX6,TSRYS5743665,D,S,D,2024-04-19,1000000.00,4.692244,92.93359375
08:00:39,912810TX6,TSRYS5743665,D,S,D,2024-04-19,1000000.00,4.692244,92.93359375
08:00:39,912810TX6,TSRYS5743665,D,S,D,2024-04-19,1000000.00,4.692244,92.93359375
08:00:39,912810TX6,TSRYS5743665,D,S,D,2024-04-19,1000000.00,4.692244,92.93359375
08:00:39,912810TX6,TSRYS5743665,D,S,D,2024-04-19,1000000.00,4.692244,92.93359375
08:00:39,912810TX6,TSRYS5743665,D,S,D,2024-04-19,1000000.00,4.692888,92.923828125
08:00:39,912810TX6,TSRYS5743665,D,S,D,2024-04-19,1000000.00,4.692888,92.923828125
08:00:39,912810TX6,TSRYS5743665,D,S,D,2024-04-19,1000000.00,4.686189,93.025390625
08:00:39,912810TX6,TSRYS5743665,D,S,D,2024-04-19,1000000.00,4.693662,92.912109375
08:00:39,912810TX6,TSRYS5743665,D,S,D,2024-04-19,1000000.00,4.687605,93.00390625
08:00:39,912810TX6,TSRYS5743665,D,S,D,2024-04-19,1000000.00,4.687348,93.0078125
08:00:39,912810TX6,TSRYS5743665,D,S,D,2024-04-19,1000000.00,4.689151,92.98046875
08:00:39,912810TX6,TSRYS5743665,D,S,D,2024-04-19,1000000.00,4.688893,92.984375
08:00:39,912810TX6,TSRYS5743665,D,S,D,2024-04-19,1000000.00,4.690182,92.96484375
08:00:39,912810TX6,TSRYS5743665,D,S,D,2024-04-19,1000000.00,4.694952,92.892578125
08:00:39,912810TX6,TSRYS5743665,D,S,D,2024-04-19,1000000.00,4.695855,92.87890625
08:00:39,912810TX6,TSRYS5743665,D,S,D,2024-04-19,1000000.00,4.698178,92.84375
08:00:39,912810TX6,TSRYS5743665,D,S,D,2024-04-19,1000000.00,4.695855,92.87890625
08:00:39,912810TX6,TSRYS5743665,D,S,D,2024-04-19,1000000.00,4.693017,92.921875
08:00:39,912810TX6,TSRYS5743665,D,S,D,2024-04-19,1000000.00,4.691986,92.9375
08:00:39,912810TX6,TSRYS5743665,D,S,D,2024-04-19,1000000.00,4.70593,92.7265625
08:00:39,912810TX6,TSRYS5743665,D,S,T,2024-04-19,1000000.00,4.731874,92.3359375
08:00:39,912810TX6,TSRYS5743665,D,S,T,2024-04-19,1000000.00,4.731874,92.3359375
08:00:39,912810TX6,TSRYS5743665,D,S,T,2024-04-19,1000000.00,4.731093,92.34765625
08:00:39,912810TX6,TSRYS5743665,D,S,T,2024-04-19,1000000.00,4.730963,92.349609375
08:00:39,912810TX6,TSRYS5743665,D,S,T,2024-04-19,1000000.00,4.697791,92.849609375
08:00:39,912810TX6,TSRYS5743665,D,S,T,2024-04-19,1000000.00,4.680915,93.10546875
08:00:39,912810TX6,TSRYS5743665,D,S,T,2024-04-19,1000000.00,4.681686,93.09375
08:00:39,912810TX6,TSRYS5743665,D,S,T,2024-04-19,1000000.00,4.680015,93.119140625
08:00:39,912810TX6,TSRYS5743665,D,S,T,2024-04-19,1000000.00,4.675261,93.19140625
08:00:39,912810TX6,TSRYS5743665,D,S,T,2024-04-19,1000000.00,4.676032,93.1796875
08:00:39,912810TX6,TSRYS5743665,D,S,T,2024-04-19,1000000.00,4.676032,93.1796875
08:00:39,912810TX6,TSRYS5743665,D,S,T,2024-04-19,1000000.00,4.675903,93.181640625
08:00:39,912810TX6,TSRYS5743665,D,S,T,2024-04-19,1000000.00,4.675133,93.193359375
08:00:39,912810TX6,TSRYS5743665,D,S,T,2024-04-19,1000000.00,4.673464,93.21875
08:00:39,912810TX6,TSRYS5743665,D,S,T,2024-04-19,1000000.00,4.686318,93.0234375
08:00:39,912810TX6,TSRYS5743665,D,S,T,2024-04-19,1000000.00,4.683358,93.068359375
08:00:39,912810TX6,TSRYS5743665,D,S,T,2024-04-19,1000000.00,4.685803,93.03125
08:00:39,912810TX6,TSRYS5743665,D,S,T,2024-04-19,1000000.00,4.685674,93.033203125
08:00:39,912810TX6,TSRYS5743665,D,S,T,2024-04-19,1000000.00,4.687734,93.001953125
08:00:39,912810TX6,TSRYS5743665,D,S,T,2024-04-19,1000000.00,4.684516,93.05078125
08:00:39,912810TX6,TSRYS5743665,D,S,T,2024-04-19,1000000.00,4.682715,93.078125
08:00:39,912810TX6,TSRYS5743665,D,S,T,2024-04-19,1000000.00,4.671026,93.255859375
08:00:39,912810TX6,TSRYS5743665,D,S,T,2024-04-19,1000000.00,4.669743,93.275390625
08:00:39,912810TX6,TSRYS5743665,D,S,T,2024-04-19,1000000.00,4.663721,93.3671875
08:00:39,912810TX6,TSRYS5743665,D,S,T,2024-04-19,1000000.00,4.664105,93.361328125
08:00:39,912810TX6,TSRYS5743665,D,S,T,2024-04-19,1000000.00,4.657834,93.45703125
08:00:39,912810TX6,TSRYS5743665,D,S,T,2024-04-19,1000000.00,4.641879,93.701171875
08:00:39,912810TX6,TSRYS5743665,D,S,T,2024-04-19,1000000.00,4.642134,93.697265625
08:00:39,912810TX6,TSRYS5743665,D,S,T,2024-04-19,1000000.00,4.642007,93.69921875
08:00:39,912810TX6,TSRYS5743665,D,S,T,2024-04-19,1000000.00,4.641497,93.70703125
08:00:39,912810TX6,TSRYS5743665,D,S,T,2024-04-19,1000000.00,4.644811,93.65625
08:00:39,912810TX6,TSRYS5743665,D,S,T,2024-04-19,1000000.00,4.644173,93.666015625
08:00:39,912810TX6,TSRYS5743665,D,S,T,2024-04-19,1000000.00,4.644811,93.65625
08:00:39,912810TX6,TSRYS5743665,D,S,T,2024-04-19,1000000.00,4.648892,93.59375
08:00:39,912810TX6,TSRYS5743665,D,S,T,2024-04-19,1000000.00,4.650934,93.5625
08:00:39,912810TX6,TSRYS5743665,D,S,T,2024-04-19,1000000.00,4.650934,93.5625
08:00:39,912810TX6,TSRYS5743665,D,S,T,2024-04-19,1000000.00,4.650934,93.5625
08:00:39,912810TX6,TSRYS5743665,D,S,T,2024-04-19,1000000.00,4.64953,93.583984375
08:00:39,912810TX6,TSRYS5743665,D,S,T,2024-04-19,1000000.00,4.649913,93.578125
08:00:39,912810TX6,TSRYS5743665,D,S,T,2024-04-19,1000000.00,4.649786,93.580078125
08:00:39,912810TX6,TSRYS5743665,D,S,T,2024-04-19,1000000.00,4.649403,93.5859375
08:00:39,912810TX6,TSRYS5743665,D,S,T,2024-04-19,1000000.00,4.646851,93.625
08:00:39,912810TX6,TSRYS5743665,D,S,T,2024-04-19,1000000.00,4.646851,93.625
08:00:39,912810TX6,TSRYS5743665,D,S,T,2024-04-19,1000000.00,4.646851,93.625
08:00:39,912810TX6,TSRYS5743665,D,S,T,2024-04-19,1000000.00,4.643791,93.671875
08:00:39,912810TX6,TSRYS5743665,D,S,T,2024-04-19,1000000.00,4.643536,93.67578125
08:00:39,912810TX6,TSRYS5743665,D,S,T,2024-04-19,1000000.00,4.643409,93.677734375
08:00:39,912810TX6,TSRYS5743665,D,S,T,2024-04-19,1000000.00,4.637168,93.7734375
08:00:39,912810TX6,TSRYS5743665,D,S,T,2024-04-19,1000000.00,4.637041,93.775390625
08:00:39,912810TX6,TSRYS5743665,D,S,T,2024-04-19,2000000.00,4.650679,93.56640625
08:00:39,912810TX6,TSRYS5743665,D,S,T,2024-04-19,1000000.00,4.657067,93.46875
08:00:39,912810TX6,TSRYS5743665,D,S,T,2024-04-19,1000000.00,4.656939,93.470703125
08:00:39,912810TX6,TSRYS5743665,D,S,T,2024-04-19,1000000.00,4.656811,93.47265625
08:00:39,912810TX6,TSRYS5743665,D,S,T,2024-04-19,1000000.00,4.656684,93.474609375
08:00:39,912810TX6,TSRYS5743665,D,S,T,2024-04-19,1000000.00,4.652467,93.5390625
08:00:39,912810TX6,TSRYS5743665,D,S,T,2024-04-19,1000000.00,4.651445,93.5546875
08:00:39,912810TX6,TSRYS5743665,D,S,T,2024-04-19,3000000.00,4.651318,93.556640625
08:00:39,912810TX6,TSRYS5743665,D,S,T,2024-04-19,2000000.00,4.651318,93.556640625
08:00:39,912810TX6,TSRYS5743665,D,S,T,2024-04-19,1000000.00,4.651318,93.556640625
08:00:39,912810TX6,TSRYS5743665,D,S,T,2024-04-19,1000000.00,4.653489,93.5234375
08:00:39,912810TX6,TSRYS5743665,D,S,T,2024-04-19,1000000.00,4.653361,93.525390625
08:00:39,912810TX6,TSRYS5743665,D,S,T,2024-04-19,1000000.00,4.652978,93.53125
08:00:39,912810TX6,TSRYS5743665,D,S,T,2024-04-19,1000000.00,4.652978,93.53125
08:00:39,912810TX6,TSRYS5743665,D,S,T,2024-04-19,1000000.00,4.653616,93.521484375
08:00:39,912810TX6,TSRYS5743665,D,S,T,2024-04-19,1000000.00,4.654511,93.5078125
08:00:39,912810TX6,TSRYS5743665,D,S,T,2024-04-19,1000000.00,4.655533,93.4921875
08:00:39,912810TX6,TSRYS5743665,D,S,T,2024-04-19,1000000.00,4.657067,93.46875
08:00:39,912810TX6,TSRYS5743665,D,S,T,2024-04-19,1000000.00,4.645831,93.640625
08:00:39,912810TX6,TSRYS5743665,D,S,T,2024-04-19,1000000.00,4.644556,93.66015625
08:00:39,912810TX6,TSRYS5743665,D,S,T,2024-04-19,1000000.00,4.644556,93.66015625
08:00:39,912810TX6,TSRYS5743665,D,S,T,2024-04-19,1000000.00,4.644811,93.65625
08:00:39,912810TX6,TSRYS5743665,D,S,T,2024-04-19,1000000.00,4.644811,93.65625
08:00:39,912810TX6,TSRYS5743665,D,S,T,2024-04-19,1000000.00,4.643791,93.671875
08:00:39,912810TX6,TSRYS5743665,D,S,T,2024-04-19,1000000.00,4.643663,93.673828125
08:00:39,912810TX6,TSRYS5743665,D,S,T,2024-04-19,1000000.00,4.642771,93.6875
08:00:39,912810TX6,TSRYS5743665,D,S,T,2024-04-19,1000000.00,4.642771,93.6875
08:00:39,912810TX6,TSRYS5743665,D,S,T,2024-04-19,1000000.00,4.642771,93.6875
08:00:39,912810TX6,TSRYS5743665,D,S,T,2024-04-19,1000000.00,4.642262,93.6953125
08:00:39,912810TX6,TSRYS5743665,D,S,T,2024-04-19,1000000.00,4.641752,93.703125
08:00:39,912810TX6,TSRYS5743665,D,S,T,2024-04-19,1000000.00,4.641625,93.705078125
08:00:39,912810TX6,TSRYS5743665,D,S,T,2024-04-19,1000000.00,4.641497,93.70703125
08:00:39,912810TX6,TSRYS5743665,D,S,T,2024-04-19,1000000.00,4.64137,93.708984375
08:00:39,912810TX6,TSRYS5743665,D,S,T,2024-04-19,1000000.00,4.641243,93.7109375
08:00:39,912810TX6,TSRYS5743665,D,S,T,2024-04-19,1000000.00,4.64137,93.708984375
08:00:39,912810TX6,TSRYS5743665,D,S,T,2024-04-19,1000000.00,4.643791,93.671875
08:00:39,912810TX6,TSRYS5743665,D,S,T,2024-04-19,1000000.00,4.640096,93.728515625
08:00:39,912810TX6,TSRYS5743665,D,S,T,2024-04-19,1000000.00,4.636023,93.791015625
08:00:39,912810TX6,TSRYS5743665,D,S,T,2024-04-19,1000000.00,4.635641,93.796875
08:00:39,912810TX6,TSRYS5743665,D,S,T,2024-04-19,2000000.00,4.636023,93.791015625
08:00:39,912810TX6,TSRYS5743665,D,S,T,2024-04-19,1000000.00,4.620783,94.025390625
08:00:39,912810TX6,TSRYS5743665,D,S,T,2024-04-19,1000000.00,4.621417,94.015625
08:00:39,912810TX6,TSRYS5743665,D,S,T,2024-04-19,1000000.00,4.616222,94.095703125
08:00:39,912810TX6,TSRYS5743665,D,S,T,2024-04-19,1000000.00,4.626619,93.935546875
08:00:39,912810TX6,TSRYS5743665,D,S,T,2024-04-19,1000000.00,4.645576,93.64453125
08:00:39,912810TX6,TSRYS5743665,D,S,T,2024-04-19,1000000.00,4.649786,93.580078125
08:00:39,912810TX6,TSRYS5743665,D,S,T,2024-04-19,1000000.00,4.649658,93.58203125
08:00:39,912810TX6,TSRYS5743665,D,S,T,2024-04-19,1000000.00,4.653872,93.517578125
08:00:39,912810TX6,TSRYS5743665,D,S,T,2024-04-19,1000000.00,4.664105,93.361328125
08:00:39,912810TX6,TSRYS5743665,D,S,D,2024-04-19,1000000.00,4.659113,93.4375
08:00:39,912810TX6,TSRYS5743665,D,S,D,2024-04-19,1000000.00,4.66116,93.40625
08:00:39,912810TX6,TSRYS5743665,D,S,D,2024-04-19,1000000.00,4.66116,93.40625
08:00:39,912810TX6,TSRYS5743665,D,S,D,2024-04-19,1000000.00,4.659113,93.4375
08:00:39,912810TX6,TSRYS5743665,D,S,D,2024-04-19,1000000.00,4.659113,93.4375
08:00:39,912810TX6,TSRYS5743665,D,S,D,2024-04-19,1000000.00,4.659113,93.4375
08:00:39,912810TX6,TSRYS5743665,D,S,D,2024-04-19,1000000.00,4.659113,93.4375
08:00:39,912810TX6,TSRYS5743665,D,S,D,2024-04-19,1000000.00,4.658857,93.44140625
08:00:39,912810TX6,TSRYS5743665,D,S,D,2024-04-19,1000000.00,4.658857,93.44140625
08:00:39,912810TX6,TSRYS5743665,D,S,D,2024-04-19,1000000.00,4.659113,93.4375
08:00:39,912810TX6,TSRYS5743665,D,S,D,2024-04-19,1000000.00,4.659113,93.4375
08:00:39,912810TX6,TSRYS5743665,D,S,T,2024-04-19,1000000.00,4.659241,93.435546875
08:00:39,912810TX6,TSRYS5743665,D,S,T,2024-04-19,1000000.00,4.659113,93.4375
08:00:39,912810TX6,TSRYS5743665,D,S,T,2024-04-19,1000000.00,4.659241,93.435546875
08:00:39,912810TX6,TSRYS5743665,D,S,T,2024-04-19,1000000.00,4.659241,93.435546875
08:00:39,912810TX6,TSRYS5743665,D,S,T,2024-04-19,1000000.00,4.659241,93.435546875
08:00:39,912810TX6,TSRYS5743665,D,S,T,2024-04-19,1000000.00,4.659241,93.435546875
08:00:39,912810TX6,TSRYS5743665,D,S,D,2024-04-19,1000000.00,4.66116,93.40625
08:00:39,912810TX6,TSRYS5743665,D,S,T,2024-04-19,1000000.00,4.665258,93.34375
08:00:39,912810TX6,TSRYS5743665,D,S,T,2024-04-19,1000000.00,4.66513,93.345703125
08:00:39,912810TX6,TSRYS5743665,D,S,T,2024-04-19,1000000.00,4.665001,93.34765625
08:00:39,912810TX6,TSRYS5743665,D,S,T,2024-04-19,1000000.00,4.664873,93.349609375
08:00:39,912810TX6,TSRYS5743665,D,S,T,2024-04-19,1000000.00,4.664233,93.359375
08:00:39,912810TX6,TSRYS5743665,D,S,T,2024-04-19,1000000.00,4.664105,93.361328125
08:00:39,912810TX6,TSRYS5743665,D,S,T,2024-04-19,1000000.00,4.663977,93.36328125
08:00:39,912810TX6,TSRYS5743665,D,S,T,2024-04-19,1000000.00,4.663849,93.365234375
08:00:39,912810TX6,TSRYS5743665,D,S,T,2024-04-19,1000000.00,4.663721,93.3671875
08:00:39,912810TX6,TSRYS5743665,D,S,T,2024-04-19,1000000.00,4.666283,93.328125
08:00:39,912810TX6,TSRYS5743665,D,S,T,2024-04-19,1000000.00,4.664489,93.35546875
08:00:39,912810TX6,TSRYS5743665,D,S,T,2024-04-19,1000000.00,4.664489,93.35546875
08:00:39,912810TX6,TSRYS5743665,D,S,T,2024-04-19,1000000.00,4.666283,93.328125
08:00:39,912810TX6,TSRYS5743665,D,S,T,2024-04-19,1000000.00,4.662184,93.390625
08:00:39,912810TX6,TSRYS5743665,D,S,T,2024-04-19,1000000.00,4.669359,93.28125
08:00:39,912810TX6,TSRYS5743665,D,S,T,2024-04-19,1000000.00,4.663593,93.369140625
08:00:39,912810TX6,TSRYS5743665,D,S,T,2024-04-19,2000000.00,4.675775,93.18359375
08:00:39,912810TX6,TSRYS5743665,D,S,T,2024-04-19,1000000.00,4.675261,93.19140625
08:00:39,912810TX6,TSRYS5743665,D,S,T,2024-04-19,1000000.00,4.675646,93.185546875
08:00:39,912810TX6,TSRYS5743665,D,S,T,2024-04-19,1000000.00,4.67616,93.177734375
08:00:39,912810TX6,TSRYS5743665,D,S,T,2024-04-19,1000000.00,4.675518,93.1875
08:00:39,912810TX6,TSRYS5743665,D,S,T,2024-04-19,1000000.00,4.679758,93.123046875
08:00:39,912810TX6,TSRYS5743665,D,S,T,2024-04-19,1000000.00,4.679629,93.125
08:00:39,912810TX6,TSRYS5743665,D,S,T,2024-04-19,1000000.00,4.683615,93.064453125
08:00:39,912810TX6,TSRYS5743665,D,S,T,2024-04-19,1000000.00,4.68413,93.056640625
08:00:39,912810TX6,TSRYS5743665,D,S,T,2024-04-19,1000000.00,4.68413,93.056640625
08:00:39,912810TX6,TSRYS5743665,D,S,T,2024-04-19,1000000.00,4.68413,93.056640625
08:00:39,912810TX6,TSRYS5743665,D,S,T,2024-04-19,1000000.00,4.68413,93.056640625
08:00:39,912810TX6,TSRYS5743665,D,S,T,2024-04-19,1000000.00,4.684645,93.048828125
08:00:39,912810TX6,TSRYS5743665,D,S,T,2024-04-19,1000000.00,4.684516,93.05078125
08:00:39,912810TX6,TSRYS5743665,D,S,T,2024-04-19,1000000.00,4.685288,93.0390625
08:00:39,912810TX6,TSRYS5743665,D,S,T,2024-04-19,1000000.00,4.686318,93.0234375
08:00:39,912810TX6,TSRYS5743665,D,S,T,2024-04-19,1000000.00,4.686318,93.0234375
08:00:39,912810TX6,TSRYS5743665,D,S,T,2024-04-19,1000000.00,4.686704,93.017578125
08:00:39,912810TX6,TSRYS5743665,D,S,T,2024-04-19,1000000.00,4.692244,92.93359375
08:00:39,912810TX6,TSRYS5743665,D,S,T,2024-04-19,1000000.00,4.692244,92.93359375
08:00:39,912810TX6,TSRYS5743665,D,S,T,2024-04-19,1000000.00,4.697145,92.859375
08:00:39,912810TX6,TSRYS5743665,D,S,T,2024-04-19,1000000.00,4.695597,92.8828125
08:00:39,912810TX6,TSRYS5743665,D,S,T,2024-04-19,1000000.00,4.688636,92.98828125
08:00:39,912810TX6,TSRYS5743665,D,S,T,2024-04-19,1000000.00,4.688507,92.990234375
08:00:39,912810TX6,TSRYS5743665,D,S,T,2024-04-19,1000000.00,4.684387,93.052734375
08:00:39,912810TX6,TSRYS5743665,D,S,T,2024-04-19,1000000.00,4.68413,93.056640625
08:00:39,912810TX6,TSRYS5743665,D,S,T,2024-04-19,1000000.00,4.684516,93.05078125
08:00:39,912810TX6,TSRYS5743665,D,S,T,2024-04-19,1000000.00,4.68413,93.056640625
08:00:39,912810TX6,TSRYS5743665,D,S,T,2024-04-19,1000000.00,4.683744,93.0625
08:00:39,912810TX6,TSRYS5743665,D,S,T,2024-04-19,1000000.00,4.683744,93.0625
08:00:39,912810TX6,TSRYS5743665,D,S,T,2024-04-19,1000000.00,4.684773,93.046875
08:00:39,912810TX6,TSRYS5743665,D,S,T,2024-04-19,1000000.00,4.687477,93.005859375
08:00:39,912810TX6,TSRYS5743665,D,S,T,2024-04-19,1000000.00,4.688249,92.994140625
08:00:39,912810TX6,TSRYS5743665,D,S,T,2024-04-19,1000000.00,4.688249,92.994140625
08:00:39,912810TX6,TSRYS5743665,D,S,T,2024-04-19,1000000.00,4.688249,92.994140625
08:00:39,912810TX6,TSRYS5743665,D,S,T,2024-04-19,1000000.00,4.686833,93.015625
08:00:39,912810TX6,TSRYS5743665,D,S,T,2024-04-19,1000000.00,4.683744,93.0625
08:00:39,912810TX6,TSRYS5743665,D,S,T,2024-04-19,1000000.00,4.683744,93.0625
08:00:39,912810TX6,TSRYS5743665,D,S,T,2024-04-19,1000000.00,4.68413,93.056640625
08:00:39,912810TX6,TSRYS5743665,D,S,T,2024-04-19,1000000.00,4.687734,93.001953125
08:00:39,912810TX6,TSRYS5743665,D,S,T,2024-04-19,1000000.00,4.687605,93.00390625
08:00:39,912810TX6,TSRYS5743665,D,S,T,2024-04-19,1000000.00,4.674362,93.205078125
08:00:39,912810TX6,TSRYS5743665,D,S,T,2024-04-19,1000000.00,4.674362,93.205078125
08:00:39,912810TX6,TSRYS5743665,D,S,T,2024-04-19,1000000.00,4.674362,93.205078125
08:00:39,912810TX6,TSRYS5743665,D,S,T,2024-04-19,1000000.00,4.674362,93.205078125
08:00:39,912810TX6,TSRYS5743665,D,S,T,2024-04-19,1000000.00,4.680786,93.107421875
08:00:39,912810TX6,TSRYS5743665,D,S,T,2024-04-19,1000000.00,4.6813,93.099609375
08:00:39,912810TX6,TSRYS5743665,D,S,T,2024-04-19,1000000.00,4.677316,93.16015625
08:00:39,912810TX6,TSRYS5743665,D,S,T,2024-04-19,1000000.00,4.677316,93.16015625
08:00:39,912810TX6,TSRYS5743665,D,S,T,2024-04-19,1000000.00,4.676032,93.1796875
08:00:39,912810TX6,TSRYS5743665,D,S,T,2024-04-19,1000000.00,4.675133,93.193359375
08:00:39,912810TX6,TSRYS5743665,D,S,T,2024-04-19,1000000.00,4.679243,93.130859375
08:00:39,912810TX6,TSRYS5743665,D,S,T,2024-04-19,1000000.00,4.678986,93.134765625
08:00:39,912810TX6,TSRYS5743665,D,S,T,2024-04-19,1000000.00,4.686318,93.0234375
08:00:39,912810TX6,TSRYS5743665,D,S,T,2024-04-19,1000000.00,4.693017,92.921875
08:00:39,912810TX6,TSRYS5743665,D,S,T,2024-04-19,1000000.00,4.701406,92.794921875
08:00:39,912810TX6,TSRYS5743665,D,S,T,2024-04-19,1000000.00,4.703474,92.763671875
08:00:39,912810TX6,TSRYS5743665,D,S,T,2024-04-19,1000000.00,4.703345,92.765625
08:00:39,912810TX6,TSRYS5743665,D,S,T,2024-04-19,1000000.00,4.698694,92.8359375
08:00:39,912810TX6,TSRYS5743665,D,S,T,2024-04-19,1000000.00,4.698565,92.837890625
08:00:39,912810TX6,TSRYS5743665,D,S,T,2024-04-19,1000000.00,4.699856,92.818359375
08:00:39,912810TX6,TSRYS5743665,D,S,T,2024-04-19,1000000.00,4.70606,92.724609375
08:00:39,912810TX6,TSRYS5743665,D,S,T,2024-04-19,1000000.00,4.698436,92.83984375
08:00:39,912810TX6,TSRYS5743665,D,S,T,2024-04-19,1000000.00,4.698436,92.83984375
08:00:39,912810TX6,TSRYS5743665,D,S,T,2024-04-19,1000000.00,4.697274,92.857421875
08:00:39,912810TX6,TSRYS5743665,D,S,T,2024-04-19,1000000.00,4.697662,92.8515625
08:00:39,912810TX6,TSRYS5743665,D,S,T,2024-04-19,1000000.00,4.698178,92.84375
08:00:39,912810TX6,TSRYS5743665,D,S,T,2024-04-19,1000000.00,4.697791,92.849609375
08:00:39,912810TX6,TSRYS5743665,D,S,T,2024-04-19,1000000.00,4.698307,92.841796875
08:00:39,912810TX6,TSRYS5743665,D,S,T,2024-04-19,1000000.00,4.697274,92.857421875
08:00:39,912810TX6,TSRYS5743665,D,B,A,2024-04-19,2000000.00,4.734998,92.2890625
08:00:39,912810TX6,TSRYS5743665,D,S,T,2024-04-19,2000000.00,4.734737,92.29296875
08:00:39,912810TX6,TSRYS5743665,D,B,C,2024-04-19,8000000.00,4.617109,94.08203125
08:00:39,912810TX6,TSRYS5743665,D,S,A,2024-04-19,2000000.00,4.733175,92.31640625
08:00:39,912810TX6,TSRYS5743665,D,S,T,2024-04-19,1000000.00,4.669359,93.28125
08:00:39,912810TX6,TSRYS5743665,D,S,A,2024-04-19,5000000.00,4.703345,92.765625
08:00:39,912810TX6,TSRYS5743665,D,S,A,2024-04-19,1500000.00,4.703086,92.769531
08:00:39,912810TX6,TSRYS5743665,D,S,T,2024-04-19,1000000.00,4.65809,93.453125
08:00:39,912810TX6,TSRYS5743665,D,S,T,2024-04-19,1000000.00,4.655022,93.5
08:00:39,912810TX6,TSRYS5743665,D,S,T,2024-04-19,1000000.00,4.697403,92.85546875
08:00:39,912810TX6,TSRYS5743665,D,S,D,2024-04-19,1000000.00,4.697403,92.85546875
08:00:39,912810TX6,TSRYS5743665,D,S,T,2024-04-19,1000000.00,4.729273,92.375
08:00:39,912810TX6,TSRYS5743665,D,S,T,2024-04-19,1000000.00,4.656044,93.484375
