tradeTime,cusip,issueSymbolIdentifier,priceType,reportingSideCode,contraPartyTypeCode,tradeDate,reportedTradeVolume,lastSaleYield,lastSalePrice
08:00:06,912810TX6,TSRYS5743665,D,S,D,2024-04-05,1000000.00,4.472802,96.34375
08:00:06,912810TX6,TSRYS5743665,D,S,T,2024-04-05,1000000.00,4.493532,96.013671875
08:00:06,912810TX6,TSRYS5743665,D,S,D,2024-04-05,1000000.00,4.497838,95.9453125
08:00:06,912810TX6,TSRYS5743665,D,S,D,2024-04-05,1000000.00,4.492917,96.0234375
08:00:06,912810TX6,TSRYS5743665,D,S,D,2024-04-05,1000000.00,4.492425,96.03125
08:00:06,912810TX6,TSRYS5743665,D,S,C,2024-04-05,1575000.00,4.489476,96.078125
08:00:06,912810TX6,TSRYS5743665,D,B,C,2024-04-05,1000000.00,4.488371,96.095703125
08:00:06,912810TX6,TSRYS5743665,D,B,C,2024-04-05,1000000.00,4.488371,96.095703125
08:00:06,912810TX6,TSRYS5743665,D,B,C,2024-04-05,1000000.00,4.488371,96.095703125
08:00:06,912810TX6,TSRYS5743665,D,B,C,2024-04-05,1000000.00,4.488371,96.095703125
08:00:06,912810TX6,TSRYS5743665,D,B,C,2024-04-05,1132800.00,4.488002,96.1015625
08:00:06,912810TX6,TSRYS5743665,D,B,C,2024-04-05,1000000.00,4.489599,96.076171875
08:00:06,912810TX6,TSRYS5743665,D,S,D,2024-04-05,1000000.00,4.491442,96.046875
08:00:06,912810TX6,TSRYS5743665,D,S,D,2024-04-05,1000000.00,4.491442,96.046875
08:00:06,912810TX6,TSRYS5743665,D,S,D,2024-04-05,1000000.00,4.491442,96.046875
08:00:06,912810TX6,TSRYS5743665,D,S,D,2024-04-05,1000000.00,4.491073,96.052734375
08:00:06,912810TX6,TSRYS5743665,D,S,D,2024-04-05,1000000.00,4.491442,96.046875
08:00:06,912810TX6,TSRYS5743665,D,B,C,2024-04-05,1000000.00,4.490828,96.056640625
08:00:06,912810TX6,TSRYS5743665,D,B,C,2024-04-05,1000000.00,4.490828,96.056640625
08:00:06,912810TX6,TSRYS5743665,D,S,T,2024-04-05,1000000.00,4.489108,96.083984375
08:00:06,912810TX6,TSRYS5743665,D,S,C,2024-04-05,1575000.00,4.490213,96.06640625
08:00:08,912810TX6,TSRYS5743665,D,S,A,2024-04-05,265000.00,4.469377,96.3984375
08:00:15,912810TX6,TSRYS5743665,D,S,C,2024-04-05,1000000.00,4.467666,96.42578125
08:00:15,912810TX6,TSRYS5743665,D,B,C,2024-04-05,1000000.00,4.476964,96.27734375
08:00:15,912810TX6,TSRYS5743665,D,B,A,2024-04-05,2500000.00,4.475984,96.292969
08:00:15,912810TX6,TSRYS5743665,D,B,A,2024-04-05,650000.00,4.472312,96.351563
08:00:18,912810TX6,TSRYS5743665,D,S,A,2024-04-05,250000.00,4.477699,96.265625
08:00:18,912810TX6,TSRYS5743665,D,S,D,2024-04-05,1000000.00,4.493901,96.0078125
08:00:18,912810TX6,TSRYS5743665,D,S,D,2024-04-05,1000000.00,4.493409,96.015625
08:00:18,912810TX6,TSRYS5743665,D,S,D,2024-04-05,1000000.00,4.493778,96.009765625
08:00:19,912810TX6,TSRYS5743665,D,S,D,2024-04-05,1000000.00,4.493901,96.0078125
08:00:19,912810TX6,TSRYS5743665,D,S,D,2024-04-05,1000000.00,4.493778,96.009765625
08:00:19,912810TX6,TSRYS5743665,D,S,C,2024-04-05,1000000.00,4.472802,96.34375
08:00:19,912810TX6,TSRYS5743665,D,S,C,2024-04-05,1000000.00,4.472802,96.34375
08:00:19,912810TX6,TSRYS5743665,D,S,C,2024-04-05,1000000.00,4.472802,96.34375
08:00:19,912810TX6,TSRYS5743665,D,S,D,2024-04-05,1000000.00,4.493901,96.0078125
08:00:19,912810TX6,TSRYS5743665,D,S,D,2024-04-05,1000000.00,4.493778,96.009765625
08:00:19,912810TX6,TSRYS5743665,D,S,D,2024-04-05,1000000.00,4.493901,96.0078125
08:00:19,912810TX6,TSRYS5743665,D,S,D,2024-04-05,1000000.00,4.493901,96.0078125
08:00:19,912810TX6,TSRYS5743665,D,S,D,2024-04-05,1000000.00,4.493901,96.0078125
08:00:19,912810TX6,TSRYS5743665,D,S,D,2024-04-05,1000000.00,4.493901,96.0078125
08:00:19,912810TX6,TSRYS5743665,D,S,D,2024-04-05,1000000.00,4.493901,96.0078125
08:00:19,912810TX6,TSRYS5743665,D,S,D,2024-04-05,1000000.00,4.493901,96.0078125
08:00:19,912810TX6,TSRYS5743665,D,S,D,2024-04-05,1000000.00,4.493901,96.0078125
08:00:19,912810TX6,TSRYS5743665,D,S,D,2024-04-05,1000000.00,4.493901,96.0078125
08:00:19,912810TX6,TSRYS5743665,D,S,D,2024-04-05,1000000.00,4.492425,96.03125
08:00:19,912810TX6,TSRYS5743665,D,S,D,2024-04-05,1000000.00,4.492425,96.03125
08:00:19,912810TX6,TSRYS5743665,D,S,D,2024-04-05,1000000.00,4.492425,96.03125
08:00:19,912810TX6,TSRYS5743665,D,S,D,2024-04-05,1000000.00,4.49218,96.03515625
08:00:19,912810TX6,TSRYS5743665,D,S,D,2024-04-05,1000000.00,4.491934,96.0390625
08:00:19,912810TX6,TSRYS5743665,D,S,D,2024-04-05,1000000.00,4.49218,96.03515625
08:00:19,912810TX6,TSRYS5743665,D,S,D,2024-04-05,1000000.00,4.49218,96.03515625
08:00:19,912810TX6,TSRYS5743665,D,S,D,2024-04-05,1000000.00,4.49218,96.03515625
08:00:19,912810TX6,TSRYS5743665,D,S,D,2024-04-05,1000000.00,4.49218,96.03515625
08:00:20,912810TX6,TSRYS5743665,D,S,D,2024-04-05,1000000.00,4.49218,96.03515625
08:00:20,912810TX6,TSRYS5743665,D,S,T,2024-04-05,1000000.00,4.467891,96.421875
08:00:20,912810TX6,TSRYS5743665,D,S,T,2024-04-05,1000000.00,4.467891,96.421875
08:00:20,912810TX6,TSRYS5743665,D,S,D,2024-04-05,1000000.00,4.489722,96.07421875
08:00:21,912810TX6,TSRYS5743665,D,S,D,2024-04-05,1000000.00,4.473781,96.328125
08:00:21,912810TX6,TSRYS5743665,D,S,D,2024-04-05,1000000.00,4.473781,96.328125
08:00:21,912810TX6,TSRYS5743665,D,S,D,2024-04-05,1000000.00,4.473781,96.328125
08:00:21,912810TX6,TSRYS5743665,D,S,D,2024-04-05,1000000.00,4.473781,96.328125
08:00:21,912810TX6,TSRYS5743665,D,S,D,2024-04-05,1000000.00,4.47525,96.3046875
08:00:21,912810TX6,TSRYS5743665,D,S,D,2024-04-05,1000000.00,4.48015,96.2265625
08:00:21,912810TX6,TSRYS5743665,D,S,D,2024-04-05,1000000.00,4.47966,96.234375
08:00:21,912810TX6,TSRYS5743665,D,S,D,2024-04-05,2000000.00,4.47966,96.234375
08:00:22,912810TX6,TSRYS5743665,D,S,D,2024-04-05,1000000.00,4.466913,96.4375
08:00:22,912810TX6,TSRYS5743665,D,S,T,2024-04-05,1000000.00,4.466913,96.4375
08:00:23,912810TX6,TSRYS5743665,D,S,T,2024-04-05,1000000.00,4.466913,96.4375
08:00:23,912810TX6,TSRYS5743665,D,S,D,2024-04-05,1000000.00,4.482848,96.18359375
08:00:23,912810TX6,TSRYS5743665,D,S,D,2024-04-05,1000000.00,4.482112,96.1953125
08:00:23,912810TX6,TSRYS5743665,D,S,D,2024-04-05,1000000.00,4.482602,96.1875
08:00:24,912810TX6,TSRYS5743665,D,S,T,2024-04-05,1000000.00,4.467647,96.42578125
08:00:24,912810TX6,TSRYS5743665,D,S,D,2024-04-05,1000000.00,4.473781,96.328125
08:00:24,912810TX6,TSRYS5743665,D,S,D,2024-04-05,1000000.00,4.474026,96.32421875
08:00:24,912810TX6,TSRYS5743665,D,S,T,2024-04-05,1000000.00,4.478679,96.25
08:00:24,912810TX6,TSRYS5743665,D,S,T,2024-04-05,1000000.00,4.478679,96.25
08:00:24,912810TX6,TSRYS5743665,D,S,D,2024-04-05,1000000.00,4.482602,96.1875
08:00:24,912810TX6,TSRYS5743665,D,S,D,2024-04-05,1000000.00,4.48481,96.15234375
08:00:24,912810TX6,TSRYS5743665,D,S,D,2024-04-05,1000000.00,4.48481,96.15234375
08:00:24,912810TX6,TSRYS5743665,D,S,D,2024-04-05,1000000.00,4.473781,96.328125
08:00:24,912810TX6,TSRYS5743665,D,S,T,2024-04-05,1000000.00,4.47476,96.3125
08:00:24,912810TX6,TSRYS5743665,D,S,T,2024-04-05,1000000.00,4.47476,96.3125
08:00:24,912810TX6,TSRYS5743665,D,S,T,2024-04-05,1000000.00,4.47476,96.3125
08:00:24,912810TX6,TSRYS5743665,D,S,T,2024-04-05,1000000.00,4.47476,96.3125
08:00:24,912810TX6,TSRYS5743665,D,S,T,2024-04-05,1000000.00,4.47476,96.3125
08:00:24,912810TX6,TSRYS5743665,D,S,T,2024-04-05,1000000.00,4.491319,96.048828125
08:00:24,912810TX6,TSRYS5743665,D,S,C,2024-04-05,1000000.00,4.487511,96.109375
08:00:25,912810TX6,TSRYS5743665,D,S,T,2024-04-05,1000000.00,4.467647,96.42578125
08:00:25,912810TX6,TSRYS5743665,D,S,D,2024-04-05,50MM+,4.491442,96.046875
08:00:25,912810TX6,TSRYS5743665,D,S,D,2024-04-05,28000000.00,4.492425,96.03125
08:00:25,912810TX6,TSRYS5743665,D,S,D,2024-04-05,1000000.00,4.491442,96.046875
08:00:25,912810TX6,TSRYS5743665,D,S,D,2024-04-05,1000000.00,4.494639,95.99609375
08:00:25,912810TX6,TSRYS5743665,D,S,D,2024-04-05,1000000.00,4.494639,95.99609375
08:00:26,912810TX6,TSRYS5743665,D,S,D,2024-04-05,1000000.00,4.494639,95.99609375
08:00:26,912810TX6,TSRYS5743665,D,S,D,2024-04-05,1000000.00,4.494639,95.99609375
08:00:26,912810TX6,TSRYS5743665,D,S,D,2024-04-05,1000000.00,4.48923,96.08203125
08:00:26,912810TX6,TSRYS5743665,D,S,D,2024-04-05,1000000.00,4.48923,96.08203125
08:00:26,912810TX6,TSRYS5743665,D,S,D,2024-04-05,1000000.00,4.492917,96.0234375
08:00:26,912810TX6,TSRYS5743665,D,S,D,2024-04-05,1000000.00,4.492917,96.0234375
08:00:28,912810TX6,TSRYS5743665,D,S,D,2024-04-05,1000000.00,4.483584,96.171875
08:00:28,912810TX6,TSRYS5743665,D,S,D,2024-04-05,1000000.00,4.483584,96.171875
08:00:28,912810TX6,TSRYS5743665,D,S,D,2024-04-05,1000000.00,4.483584,96.171875
08:00:28,912810TX6,TSRYS5743665,D,S,D,2024-04-05,1000000.00,4.483584,96.171875
08:00:28,912810TX6,TSRYS5743665,D,S,D,2024-04-05,1000000.00,4.483584,96.171875
08:00:29,912810TX6,TSRYS5743665,D,S,D,2024-04-05,2000000.00,4.479415,96.23828125
08:00:29,912810TX6,TSRYS5743665,D,S,D,2024-04-05,14000000.00,4.47917,96.2421875
08:00:29,912810TX6,TSRYS5743665,D,S,D,2024-04-05,1000000.00,4.476597,96.283203125
08:00:29,912810TX6,TSRYS5743665,D,S,D,2024-04-05,1000000.00,4.490213,96.06640625
08:00:29,912810TX6,TSRYS5743665,D,S,D,2024-04-05,1000000.00,4.489967,96.0703125
08:00:29,912810TX6,TSRYS5743665,D,S,D,2024-04-05,1000000.00,4.49218,96.03515625
08:00:30,912810TX6,TSRYS5743665,D,S,D,2024-04-05,1000000.00,4.468888,96.40625
08:00:30,912810TX6,TSRYS5743665,D,S,D,2024-04-05,1000000.00,4.477699,96.265625
08:00:30,912810TX6,TSRYS5743665,D,S,D,2024-04-05,1000000.00,4.472802,96.34375
08:00:30,912810TX6,TSRYS5743665,D,S,D,2024-04-05,1000000.00,4.468888,96.40625
08:00:30,912810TX6,TSRYS5743665,D,S,D,2024-04-05,1000000.00,4.473781,96.328125
08:00:30,912810TX6,TSRYS5743665,D,S,D,2024-04-05,1000000.00,4.493655,96.01171875
08:00:30,912810TX6,TSRYS5743665,D,S,D,2024-04-05,1000000.00,4.494393,96.0
08:00:30,912810TX6,TSRYS5743665,D,S,D,2024-04-05,1000000.00,4.494885,95.9921875
08:00:30,912810TX6,TSRYS5743665,D,S,D,2024-04-05,1000000.00,4.494147,96.00390625
08:00:30,912810TX6,TSRYS5743665,D,S,D,2024-04-05,1000000.00,4.493901,96.0078125
08:00:34,912810TX6,TSRYS5743665,D,S,D,2024-04-05,1000000.00,4.491196,96.05078125
08:00:34,912810TX6,TSRYS5743665,D,S,D,2024-04-05,1000000.00,4.491196,96.05078125
08:00:34,912810TX6,TSRYS5743665,D,S,D,2024-04-05,1000000.00,4.488248,96.09765625
08:00:34,912810TX6,TSRYS5743665,D,S,D,2024-04-05,1000000.00,4.489722,96.07421875
08:00:34,912810TX6,TSRYS5743665,D,S,D,2024-04-05,1000000.00,4.490213,96.06640625
08:00:34,912810TX6,TSRYS5743665,D,S,D,2024-04-05,1000000.00,4.49095,96.0546875
08:00:34,912810TX6,TSRYS5743665,D,S,D,2024-04-05,1000000.00,4.49218,96.03515625
08:00:34,912810TX6,TSRYS5743665,D,S,D,2024-04-05,1000000.00,4.48064,96.21875
08:00:34,912810TX6,TSRYS5743665,D,S,D,2024-04-05,1000000.00,4.478189,96.2578125
08:00:34,912810TX6,TSRYS5743665,D,S,D,2024-04-05,1000000.00,4.480273,96.224609375
08:00:34,912810TX6,TSRYS5743665,D,S,D,2024-04-05,1000000.00,4.480273,96.224609375
08:00:34,912810TX6,TSRYS5743665,D,S,D,2024-04-05,1000000.00,4.48015,96.2265625
08:00:34,912810TX6,TSRYS5743665,D,S,D,2024-04-05,1000000.00,4.477454,96.26953125
08:00:34,912810TX6,TSRYS5743665,D,S,D,2024-04-05,1000000.00,4.477577,96.267578125
08:00:34,912810TX6,TSRYS5743665,D,S,D,2024-04-05,1000000.00,4.476842,96.279296875
08:00:34,912810TX6,TSRYS5743665,D,S,D,2024-04-05,1000000.00,4.478189,96.2578125
08:00:34,912810TX6,TSRYS5743665,D,S,D,2024-04-05,1000000.00,4.478557,96.251953125
08:00:34,912810TX6,TSRYS5743665,D,S,D,2024-04-05,1000000.00,4.47574,96.296875
08:00:34,912810TX6,TSRYS5743665,D,S,D,2024-04-05,1000000.00,4.47574,96.296875
08:00:34,912810TX6,TSRYS5743665,D,S,D,2024-04-05,1000000.00,4.47574,96.296875
08:00:34,912810TX6,TSRYS5743665,D,S,D,2024-04-05,1000000.00,4.472924,96.341796875
08:00:34,912810TX6,TSRYS5743665,D,S,D,2024-04-05,1000000.00,4.474393,96.318359375
08:00:34,912810TX6,TSRYS5743665,D,S,D,2024-04-05,1000000.00,4.493655,96.01171875
08:00:34,912810TX6,TSRYS5743665,D,S,D,2024-04-05,1000000.00,4.495008,95.990234375
08:00:34,912810TX6,TSRYS5743665,D,S,D,2024-04-05,1000000.00,4.493532,96.013671875
08:00:34,912810TX6,TSRYS5743665,D,S,D,2024-04-05,1000000.00,4.493532,96.013671875
08:00:34,912810TX6,TSRYS5743665,D,S,D,2024-04-05,1000000.00,4.493532,96.013671875
08:00:34,912810TX6,TSRYS5743665,D,S,D,2024-04-05,1000000.00,4.494639,95.99609375
08:00:34,912810TX6,TSRYS5743665,D,S,D,2024-04-05,1000000.00,4.495008,95.990234375
08:00:34,912810TX6,TSRYS5743665,D,S,D,2024-04-05,1000000.00,4.495008,95.990234375
08:00:34,912810TX6,TSRYS5743665,D,S,D,2024-04-05,1000000.00,4.495254,95.986328125
08:00:34,912810TX6,TSRYS5743665,D,S,D,2024-04-05,1000000.00,4.496361,95.96875
08:00:34,912810TX6,TSRYS5743665,D,S,D,2024-04-05,1000000.00,4.495254,95.986328125
08:00:34,912810TX6,TSRYS5743665,D,S,D,2024-04-05,1000000.00,4.495254,95.986328125
08:00:34,912810TX6,TSRYS5743665,D,S,D,2024-04-05,1000000.00,4.495254,95.986328125
08:00:34,912810TX6,TSRYS5743665,D,S,D,2024-04-05,1000000.00,4.495377,95.984375
08:00:34,912810TX6,TSRYS5743665,D,S,D,2024-04-05,1000000.00,4.495008,95.990234375
08:00:34,912810TX6,TSRYS5743665,D,S,D,2024-04-05,1000000.00,4.495008,95.990234375
08:00:34,912810TX6,TSRYS5743665,D,S,D,2024-04-05,1000000.00,4.495008,95.990234375
08:00:34,912810TX6,TSRYS5743665,D,S,D,2024-04-05,1000000.00,4.495008,95.990234375
08:00:34,912810TX6,TSRYS5743665,D,S,D,2024-04-05,1000000.00,4.492057,96.037109375
08:00:34,912810TX6,TSRYS5743665,D,S,D,2024-04-05,1000000.00,4.49218,96.03515625
08:00:34,912810TX6,TSRYS5743665,D,S,D,2024-04-05,1000000.00,4.49218,96.03515625
08:00:34,912810TX6,TSRYS5743665,D,S,D,2024-04-05,1000000.00,4.492057,96.037109375
08:00:34,912810TX6,TSRYS5743665,D,S,D,2024-04-05,1000000.00,4.492057,96.037109375
08:00:34,912810TX6,TSRYS5743665,D,S,D,2024-04-05,1000000.00,4.49218,96.03515625
08:00:34,912810TX6,TSRYS5743665,D,S,D,2024-04-05,1000000.00,4.49218,96.03515625
08:00:34,912810TX6,TSRYS5743665,D,S,D,2024-04-05,1000000.00,4.48923,96.08203125
08:00:34,912810TX6,TSRYS5743665,D,S,D,2024-04-05,1000000.00,4.48923,96.08203125
08:00:34,912810TX6,TSRYS5743665,D,S,D,2024-04-05,1000000.00,4.48923,96.08203125
08:00:34,912810TX6,TSRYS5743665,D,S,D,2024-04-05,1000000.00,4.48923,96.08203125
08:00:34,912810TX6,TSRYS5743665,D,S,D,2024-04-05,1000000.00,4.490459,96.0625
08:00:34,912810TX6,TSRYS5743665,D,S,D,2024-04-05,1000000.00,4.489722,96.07421875
08:00:34,912810TX6,TSRYS5743665,D,S,D,2024-04-05,1000000.00,4.492548,96.029296875
08:00:34,912810TX6,TSRYS5743665,D,S,D,2024-04-05,2000000.00,4.492917,96.0234375
08:00:34,912810TX6,TSRYS5743665,D,S,D,2024-04-05,1000000.00,4.492425,96.03125
08:00:34,912810TX6,TSRYS5743665,D,S,D,2024-04-05,1000000.00,4.493409,96.015625
08:00:34,912810TX6,TSRYS5743665,D,S,D,2024-04-05,1000000.00,4.492917,96.0234375
08:00:34,912810TX6,TSRYS5743665,D,S,D,2024-04-05,1000000.00,4.493163,96.01953125
08:00:34,912810TX6,TSRYS5743665,D,S,D,2024-04-05,1000000.00,4.49009,96.068359375
08:00:34,912810TX6,TSRYS5743665,D,S,D,2024-04-05,1000000.00,4.492794,96.025390625
08:00:34,912810TX6,TSRYS5743665,D,S,D,2024-04-05,1000000.00,4.491073,96.052734375
08:00:34,912810TX6,TSRYS5743665,D,S,D,2024-04-05,1000000.00,4.490213,96.06640625
08:00:34,912810TX6,TSRYS5743665,D,S,D,2024-04-05,1000000.00,4.488248,96.09765625
08:00:34,912810TX6,TSRYS5743665,D,S,D,2024-04-05,1000000.00,4.487879,96.103515625
08:00:34,912810TX6,TSRYS5743665,D,S,D,2024-04-05,1000000.00,4.487757,96.10546875
08:00:34,912810TX6,TSRYS5743665,D,S,D,2024-04-05,1000000.00,4.491073,96.052734375
08:00:34,912810TX6,TSRYS5743665,D,S,D,2024-04-05,1000000.00,4.491196,96.05078125
08:00:34,912810TX6,TSRYS5743665,D,S,D,2024-04-05,1000000.00,4.491442,96.046875
08:00:34,912810TX6,TSRYS5743665,D,S,D,2024-04-05,1000000.00,4.491442,96.046875
08:00:34,912810TX6,TSRYS5743665,D,S,D,2024-04-05,1000000.00,4.491196,96.05078125
08:00:34,912810TX6,TSRYS5743665,D,S,D,2024-04-05,1000000.00,4.491073,96.052734375
08:00:34,912810TX6,TSRYS5743665,D,S,D,2024-04-05,1000000.00,4.490582,96.060546875
08:00:34,912810TX6,TSRYS5743665,D,S,D,2024-04-05,1000000.00,4.490582,96.060546875
08:00:34,912810TX6,TSRYS5743665,D,S,T,2024-04-05,1000000.00,4.477699,96.265625
08:00:34,912810TX6,TSRYS5743665,D,S,T,2024-04-05,1000000.00,4.468888,96.40625
08:00:34,912810TX6,TSRYS5743665,D,S,T,2024-04-05,1000000.00,4.476352,96.287109375
08:00:34,912810TX6,TSRYS5743665,D,S,T,2024-04-05,1000000.00,4.475495,96.30078125
08:00:34,912810TX6,TSRYS5743665,D,S,T,2024-04-05,1000000.00,4.48616,96.130859375
08:00:34,912810TX6,TSRYS5743665,D,S,T,2024-04-05,1000000.00,4.485547,96.140625
08:00:34,912810TX6,TSRYS5743665,D,S,T,2024-04-05,1000000.00,4.478189,96.2578125
08:00:34,912810TX6,TSRYS5743665,D,S,T,2024-04-05,1000000.00,4.47966,96.234375
08:00:34,912810TX6,TSRYS5743665,D,S,T,2024-04-05,1000000.00,4.47917,96.2421875
08:00:34,912810TX6,TSRYS5743665,D,S,T,2024-04-05,1000000.00,4.477822,96.263671875
08:00:34,912810TX6,TSRYS5743665,D,S,T,2024-04-05,1000000.00,4.477699,96.265625
08:00:34,912810TX6,TSRYS5743665,D,S,T,2024-04-05,1000000.00,4.476842,96.279296875
08:00:34,912810TX6,TSRYS5743665,D,S,T,2024-04-05,1000000.00,4.478067,96.259765625
08:00:34,912810TX6,TSRYS5743665,D,S,T,2024-04-05,1000000.00,4.478434,96.25390625
08:00:34,912810TX6,TSRYS5743665,D,S,T,2024-04-05,1000000.00,4.478312,96.255859375
08:00:34,912810TX6,TSRYS5743665,D,S,T,2024-04-05,1000000.00,4.478557,96.251953125
08:00:34,912810TX6,TSRYS5743665,D,S,T,2024-04-05,1000000.00,4.478189,96.2578125
08:00:34,912810TX6,TSRYS5743665,D,S,T,2024-04-05,1000000.00,4.478189,96.2578125
08:00:34,912810TX6,TSRYS5743665,D,S,T,2024-04-05,1000000.00,4.478434,96.25390625
08:00:34,912810TX6,TSRYS5743665,D,S,T,2024-04-05,1000000.00,4.477699,96.265625
08:00:34,912810TX6,TSRYS5743665,D,S,T,2024-04-05,1000000.00,4.479292,96.240234375
08:00:34,912810TX6,TSRYS5743665,D,S,T,2024-04-05,1000000.00,4.48064,96.21875
08:00:34,912810TX6,TSRYS5743665,D,S,T,2024-04-05,1000000.00,4.483829,96.16796875
08:00:34,912810TX6,TSRYS5743665,D,S,T,2024-04-05,1000000.00,4.48064,96.21875
08:00:34,912810TX6,TSRYS5743665,D,S,T,2024-04-05,1000000.00,4.476474,96.28515625
08:00:34,912810TX6,TSRYS5743665,D,S,T,2024-04-05,1000000.00,4.476229,96.2890625
08:00:34,912810TX6,TSRYS5743665,D,S,T,2024-04-05,1000000.00,4.476107,96.291015625
08:00:34,912810TX6,TSRYS5743665,D,S,T,2024-04-05,1000000.00,4.486038,96.1328125
08:00:34,912810TX6,TSRYS5743665,D,S,T,2024-04-05,1000000.00,4.490336,96.064453125
08:00:34,912810TX6,TSRYS5743665,D,S,T,2024-04-05,1000000.00,4.493532,96.013671875
08:00:34,912810TX6,TSRYS5743665,D,S,T,2024-04-05,1000000.00,4.493409,96.015625
08:00:34,912810TX6,TSRYS5743665,D,S,T,2024-04-05,1000000.00,4.490459,96.0625
08:00:34,912810TX6,TSRYS5743665,D,S,T,2024-04-05,1000000.00,4.486652,96.123046875
08:00:34,912810TX6,TSRYS5743665,D,S,T,2024-04-05,1000000.00,4.488985,96.0859375
08:00:34,912810TX6,TSRYS5743665,D,S,T,2024-04-05,1000000.00,4.488862,96.087890625
08:00:34,912810TX6,TSRYS5743665,D,S,T,2024-04-05,1000000.00,4.488739,96.08984375
08:00:34,912810TX6,TSRYS5743665,D,S,T,2024-04-05,1000000.00,4.488616,96.091796875
08:00:34,912810TX6,TSRYS5743665,D,S,T,2024-04-05,1000000.00,4.488493,96.09375
08:00:34,912810TX6,TSRYS5743665,D,S,T,2024-04-05,1000000.00,4.495008,95.990234375
08:00:34,912810TX6,TSRYS5743665,D,S,T,2024-04-05,1000000.00,4.493778,96.009765625
08:00:34,912810TX6,TSRYS5743665,D,S,T,2024-04-05,1000000.00,4.493532,96.013671875
08:00:34,912810TX6,TSRYS5743665,D,S,T,2024-04-05,1000000.00,4.493532,96.013671875
08:00:34,912810TX6,TSRYS5743665,D,S,T,2024-04-05,1000000.00,4.492302,96.033203125
08:00:34,912810TX6,TSRYS5743665,D,S,T,2024-04-05,1000000.00,4.495869,95.9765625
08:00:34,912810TX6,TSRYS5743665,D,S,T,2024-04-05,1000000.00,4.494393,96.0
08:00:34,912810TX6,TSRYS5743665,D,S,T,2024-04-05,1000000.00,4.494885,95.9921875
08:00:34,912810TX6,TSRYS5743665,D,S,T,2024-04-05,1000000.00,4.494147,96.00390625
08:00:34,912810TX6,TSRYS5743665,D,S,T,2024-04-05,1000000.00,4.494024,96.005859375
08:00:34,912810TX6,TSRYS5743665,D,S,T,2024-04-05,1000000.00,4.494393,96.0
08:00:34,912810TX6,TSRYS5743665,D,S,T,2024-04-05,1000000.00,4.489353,96.080078125
08:00:34,912810TX6,TSRYS5743665,D,S,T,2024-04-05,1000000.00,4.49427,96.001953125
08:00:34,912810TX6,TSRYS5743665,D,S,T,2024-04-05,1000000.00,4.49427,96.001953125
08:00:34,912810TX6,TSRYS5743665,D,S,T,2024-04-05,1000000.00,4.49427,96.001953125
08:00:34,912810TX6,TSRYS5743665,D,S,T,2024-04-05,1000000.00,4.492917,96.0234375
08:00:34,912810TX6,TSRYS5743665,D,S,T,2024-04-05,1000000.00,4.492794,96.025390625
08:00:34,912810TX6,TSRYS5743665,D,S,T,2024-04-05,1000000.00,4.492671,96.02734375
08:00:34,912810TX6,TSRYS5743665,D,S,T,2024-04-05,1000000.00,4.492548,96.029296875
08:00:34,912810TX6,TSRYS5743665,D,S,T,2024-04-05,1000000.00,4.492425,96.03125
08:00:34,912810TX6,TSRYS5743665,D,S,T,2024-04-05,1000000.00,4.492548,96.029296875
08:00:34,912810TX6,TSRYS5743665,D,S,T,2024-04-05,1000000.00,4.492548,96.029296875
08:00:34,912810TX6,TSRYS5743665,D,S,T,2024-04-05,1000000.00,4.492794,96.025390625
08:00:34,912810TX6,TSRYS5743665,D,S,T,2024-04-05,1000000.00,4.491073,96.052734375
08:00:34,912810TX6,TSRYS5743665,D,S,T,2024-04-05,1000000.00,4.489722,96.07421875
08:00:34,912810TX6,TSRYS5743665,D,S,T,2024-04-05,1000000.00,4.487879,96.103515625
08:00:34,912810TX6,TSRYS5743665,D,S,T,2024-04-05,1000000.00,4.491442,96.046875
08:00:34,912810TX6,TSRYS5743665,D,S,T,2024-04-05,1000000.00,4.489353,96.080078125
08:00:34,912810TX6,TSRYS5743665,D,S,T,2024-04-05,1000000.00,4.48923,96.08203125
08:00:34,912810TX6,TSRYS5743665,D,S,T,2024-04-05,1000000.00,4.490213,96.06640625
08:00:34,912810TX6,TSRYS5743665,D,S,T,2024-04-05,2000000.00,4.490213,96.06640625
08:00:34,912810TX6,TSRYS5743665,D,S,T,2024-04-05,1000000.00,4.491196,96.05078125
08:00:34,912810TX6,TSRYS5743665,D,S,T,2024-04-05,1000000.00,4.491073,96.052734375
08:00:34,912810TX6,TSRYS5743665,D,S,T,2024-04-05,1000000.00,4.491196,96.05078125
08:00:34,912810TX6,TSRYS5743665,D,S,T,2024-04-05,1000000.00,4.49218,96.03515625
08:00:34,912810TX6,TSRYS5743665,D,S,T,2024-04-05,1000000.00,4.49218,96.03515625
08:00:34,912810TX6,TSRYS5743665,D,S,T,2024-04-05,1000000.00,4.492302,96.033203125
08:00:34,912810TX6,TSRYS5743665,D,S,T,2024-04-05,1000000.00,4.49218,96.03515625
08:00:34,912810TX6,TSRYS5743665,D,S,T,2024-04-05,1000000.00,4.493163,96.01953125
08:00:34,912810TX6,TSRYS5743665,D,S,T,2024-04-05,1000000.00,4.492917,96.0234375
08:00:34,912810TX6,TSRYS5743665,D,S,T,2024-04-05,1000000.00,4.48923,96.08203125
08:00:34,912810TX6,TSRYS5743665,D,S,T,2024-04-05,2000000.00,4.489353,96.080078125
08:00:34,912810TX6,TSRYS5743665,D,S,T,2024-04-05,1000000.00,4.489353,96.080078125
08:00:34,912810TX6,TSRYS5743665,D,S,T,2024-04-05,1000000.00,4.473781,96.328125
08:00:34,912810TX6,TSRYS5743665,D,S,T,2024-04-05,1000000.00,4.473781,96.328125
08:00:34,912810TX6,TSRYS5743665,D,S,T,2024-04-05,1000000.00,4.473781,96.328125
08:00:34,912810TX6,TSRYS5743665,D,S,T,2024-04-05,1000000.00,4.468888,96.40625
08:00:34,912810TX6,TSRYS5743665,D,S,D,2024-04-05,1000000.00,4.46791,96.421875
08:00:34,912810TX6,TSRYS5743665,D,S,D,2024-04-05,1000000.00,4.46791,96.421875
08:00:34,912810TX6,TSRYS5743665,D,S,T,2024-04-05,1000000.00,4.471823,96.359375
08:00:34,912810TX6,TSRYS5743665,D,S,T,2024-04-05,1000000.00,4.47476,96.3125
08:00:34,912810TX6,TSRYS5743665,D,S,T,2024-04-05,1000000.00,4.477699,96.265625
08:00:34,912810TX6,TSRYS5743665,D,S,T,2024-04-05,1000000.00,4.471823,96.359375
08:00:34,912810TX6,TSRYS5743665,D,S,T,2024-04-05,1000000.00,4.471823,96.359375
08:00:34,912810TX6,TSRYS5743665,D,S,T,2024-04-05,1000000.00,4.48064,96.21875
08:00:34,912810TX6,TSRYS5743665,D,S,T,2024-04-05,1000000.00,4.47917,96.2421875
08:00:34,912810TX6,TSRYS5743665,D,S,T,2024-04-05,1000000.00,4.479292,96.240234375
08:00:34,912810TX6,TSRYS5743665,D,S,T,2024-04-05,1000000.00,4.479292,96.240234375
08:00:34,912810TX6,TSRYS5743665,D,S,T,2024-04-05,1000000.00,4.48064,96.21875
08:00:34,912810TX6,TSRYS5743665,D,S,T,2024-04-05,1000000.00,4.470844,96.375
08:00:34,912810TX6,TSRYS5743665,D,S,T,2024-04-05,1000000.00,4.470967,96.373046875
08:00:34,912810TX6,TSRYS5743665,D,S,T,2024-04-05,1000000.00,4.469377,96.3984375
08:00:34,912810TX6,TSRYS5743665,D,S,T,2024-04-05,1000000.00,4.471823,96.359375
08:00:34,912810TX6,TSRYS5743665,D,S,T,2024-04-05,1000000.00,4.471823,96.359375
08:00:34,912810TX6,TSRYS5743665,D,S,T,2024-04-05,1000000.00,4.471823,96.359375
08:00:34,912810TX6,TSRYS5743665,D,S,T,2024-04-05,1000000.00,4.471823,96.359375
08:00:34,912810TX6,TSRYS5743665,D,S,D,2024-04-05,1000000.00,4.472802,96.34375
08:00:34,912810TX6,TSRYS5743665,D,S,T,2024-04-05,1000000.00,4.472557,96.34765625
08:00:34,912810TX6,TSRYS5743665,D,S,T,2024-04-05,1000000.00,4.468888,96.40625
08:00:34,912810TX6,TSRYS5743665,D,S,T,2024-04-05,1000000.00,4.468888,96.40625
08:00:34,912810TX6,TSRYS5743665,D,S,D,2024-04-05,1000000.00,4.468888,96.40625
08:00:34,912810TX6,TSRYS5743665,D,S,D,2024-04-05,1000000.00,4.469866,96.390625
08:00:34,912810TX6,TSRYS5743665,D,S,T,2024-04-05,1000000.00,4.468888,96.40625
08:00:34,912810TX6,TSRYS5743665,D,S,T,2024-04-05,1000000.00,4.470844,96.375
08:00:34,912810TX6,TSRYS5743665,D,S,D,2024-04-05,1000000.00,4.470844,96.375
08:00:34,912810TX6,TSRYS5743665,D,S,D,2024-04-05,1000000.00,4.47427,96.3203125
08:00:34,912810TX6,TSRYS5743665,D,S,D,2024-04-05,1000000.00,4.47525,96.3046875
08:00:34,912810TX6,TSRYS5743665,D,S,T,2024-04-05,1000000.00,4.47574,96.296875
08:00:34,912810TX6,TSRYS5743665,D,S,T,2024-04-05,1000000.00,4.47574,96.296875
08:00:34,912810TX6,TSRYS5743665,D,S,T,2024-04-05,1000000.00,4.47574,96.296875
08:00:34,912810TX6,TSRYS5743665,D,S,T,2024-04-05,1000000.00,4.47574,96.296875
08:00:34,912810TX6,TSRYS5743665,D,S,T,2024-04-05,1000000.00,4.47476,96.3125
08:00:34,912810TX6,TSRYS5743665,D,S,T,2024-04-05,1000000.00,4.47476,96.3125
08:00:34,912810TX6,TSRYS5743665,D,S,T,2024-04-05,1000000.00,4.473047,96.33984375
08:00:34,912810TX6,TSRYS5743665,D,S,D,2024-04-05,1000000.00,4.47476,96.3125
08:00:34,912810TX6,TSRYS5743665,D,S,T,2024-04-05,1000000.00,4.469866,96.390625
08:00:34,912810TX6,TSRYS5743665,D,S,T,2024-04-05,1000000.00,4.471823,96.359375
08:00:34,912810TX6,TSRYS5743665,D,S,D,2024-04-05,1000000.00,4.471823,96.359375
08:00:34,912810TX6,TSRYS5743665,D,S,T,2024-04-05,1000000.00,4.47476,96.3125
08:00:34,912810TX6,TSRYS5743665,D,S,T,2024-04-05,1000000.00,4.47476,96.3125
08:00:34,912810TX6,TSRYS5743665,D,S,D,2024-04-05,1000000.00,4.47476,96.3125
08:00:34,912810TX6,TSRYS5743665,D,S,T,2024-04-05,1000000.00,4.47476,96.3125
08:00:34,912810TX6,TSRYS5743665,D,S,T,2024-04-05,1000000.00,4.47966,96.234375
08:00:34,912810TX6,TSRYS5743665,D,S,T,2024-04-05,1000000.00,4.482602,96.1875
08:00:34,912810TX6,TSRYS5743665,D,S,T,2024-04-05,1000000.00,4.482602,96.1875
08:00:34,912810TX6,TSRYS5743665,D,S,T,2024-04-05,1000000.00,4.48248,96.189453125
08:00:34,912810TX6,TSRYS5743665,D,S,T,2024-04-05,1000000.00,4.482357,96.19140625
08:00:34,912810TX6,TSRYS5743665,D,S,T,2024-04-05,1000000.00,4.486529,96.125
08:00:34,912810TX6,TSRYS5743665,D,S,T,2024-04-05,1000000.00,4.486529,96.125
08:00:34,912810TX6,TSRYS5743665,D,S,T,2024-04-05,1000000.00,4.486529,96.125
08:00:34,912810TX6,TSRYS5743665,D,S,T,2024-04-05,1000000.00,4.48064,96.21875
08:00:34,912810TX6,TSRYS5743665,D,S,T,2024-04-05,1000000.00,4.481621,96.203125
08:00:34,912810TX6,TSRYS5743665,D,S,T,2024-04-05,1000000.00,4.481621,96.203125
08:00:34,912810TX6,TSRYS5743665,D,S,T,2024-04-05,1000000.00,4.48064,96.21875
08:00:34,912810TX6,TSRYS5743665,D,S,T,2024-04-05,1000000.00,4.48064,96.21875
08:00:34,912810TX6,TSRYS5743665,D,S,T,2024-04-05,1000000.00,4.481621,96.203125
08:00:34,912810TX6,TSRYS5743665,D,S,T,2024-04-05,1000000.00,4.48064,96.21875
08:00:34,912810TX6,TSRYS5743665,D,S,T,2024-04-05,1000000.00,4.479905,96.23046875
08:00:34,912810TX6,TSRYS5743665,D,S,T,2024-04-05,1000000.00,4.48064,96.21875
08:00:34,912810TX6,TSRYS5743665,D,S,T,2024-04-05,1000000.00,4.47574,96.296875
08:00:34,912810TX6,TSRYS5743665,D,S,T,2024-04-05,1000000.00,4.47574,96.296875
08:00:34,912810TX6,TSRYS5743665,D,S,T,2024-04-05,1000000.00,4.47966,96.234375
08:00:34,912810TX6,TSRYS5743665,D,S,T,2024-04-05,1000000.00,4.47966,96.234375
08:00:34,912810TX6,TSRYS5743665,D,S,T,2024-04-05,1000000.00,4.48064,96.21875
08:00:34,912810TX6,TSRYS5743665,D,S,T,2024-04-05,1000000.00,4.47966,96.234375
08:00:34,912810TX6,TSRYS5743665,D,S,T,2024-04-05,1000000.00,4.47966,96.234375
08:00:34,912810TX6,TSRYS5743665,D,S,T,2024-04-05,1000000.00,4.47966,96.234375
08:00:34,912810TX6,TSRYS5743665,D,S,T,2024-04-05,1000000.00,4.48064,96.21875
08:00:34,912810TX6,TSRYS5743665,D,S,T,2024-04-05,1000000.00,4.477699,96.265625
08:00:34,912810TX6,TSRYS5743665,D,S,T,2024-04-05,1000000.00,4.477699,96.265625
08:00:34,912810TX6,TSRYS5743665,D,S,T,2024-04-05,1000000.00,4.477699,96.265625
08:00:34,912810TX6,TSRYS5743665,D,S,T,2024-04-05,1000000.00,4.477699,96.265625
08:00:34,912810TX6,TSRYS5743665,D,S,T,2024-04-05,1000000.00,4.477699,96.265625
08:00:34,912810TX6,TSRYS5743665,D,S,T,2024-04-05,1000000.00,4.47574,96.296875
08:00:34,912810TX6,TSRYS5743665,D,S,T,2024-04-05,1000000.00,4.476719,96.28125
08:00:34,912810TX6,TSRYS5743665,D,S,T,2024-04-05,1000000.00,4.478679,96.25
08:00:34,912810TX6,TSRYS5743665,D,S,T,2024-04-05,1000000.00,4.478679,96.25
08:00:34,912810TX6,TSRYS5743665,D,S,D,2024-04-05,1000000.00,4.478679,96.25
08:00:34,912810TX6,TSRYS5743665,D,S,T,2024-04-05,1000000.00,4.478557,96.251953125
08:00:34,912810TX6,TSRYS5743665,D,S,T,2024-04-05,1000000.00,4.478679,96.25
08:00:34,912810TX6,TSRYS5743665,D,S,T,2024-04-05,1000000.00,4.478679,96.25
08:00:34,912810TX6,TSRYS5743665,D,S,T,2024-04-05,1000000.00,4.478679,96.25
08:00:34,912810TX6,TSRYS5743665,D,S,T,2024-04-05,1000000.00,4.478679,96.25
08:00:34,912810TX6,TSRYS5743665,D,S,T,2024-04-05,1000000.00,4.478434,96.25390625
08:00:34,912810TX6,TSRYS5743665,D,S,T,2024-04-05,1000000.00,4.477699,96.265625
08:00:34,912810TX6,TSRYS5743665,D,S,T,2024-04-05,1000000.00,4.477699,96.265625
08:00:34,912810TX6,TSRYS5743665,D,S,T,2024-04-05,1000000.00,4.477699,96.265625
08:00:34,912810TX6,TSRYS5743665,D,S,T,2024-04-05,1000000.00,4.478679,96.25
08:00:34,912810TX6,TSRYS5743665,D,S,T,2024-04-05,1000000.00,4.478679,96.25
08:00:34,912810TX6,TSRYS5743665,D,S,T,2024-04-05,1000000.00,4.478679,96.25
08:00:34,912810TX6,TSRYS5743665,D,S,T,2024-04-05,1000000.00,4.478802,96.248046875
08:00:34,912810TX6,TSRYS5743665,D,S,T,2024-04-05,1000000.00,4.47966,96.234375
08:00:34,912810TX6,TSRYS5743665,D,S,T,2024-04-05,1000000.00,4.47966,96.234375
08:00:34,912810TX6,TSRYS5743665,D,S,T,2024-04-05,1000000.00,4.47966,96.234375
08:00:34,912810TX6,TSRYS5743665,D,S,T,2024-04-05,1000000.00,4.47966,96.234375
08:00:34,912810TX6,TSRYS5743665,D,S,D,2024-04-05,1000000.00,4.480395,96.22265625
08:00:34,912810TX6,TSRYS5743665,D,S,T,2024-04-05,1000000.00,4.47917,96.2421875
08:00:34,912810TX6,TSRYS5743665,D,S,T,2024-04-05,1000000.00,4.479047,96.244140625
08:00:34,912810TX6,TSRYS5743665,D,S,T,2024-04-05,1000000.00,4.478924,96.24609375
08:00:34,912810TX6,TSRYS5743665,D,S,T,2024-04-05,1000000.00,4.478802,96.248046875
08:00:34,912810TX6,TSRYS5743665,D,S,T,2024-04-05,1000000.00,4.478679,96.25
08:00:34,912810TX6,TSRYS5743665,D,S,T,2024-04-05,1000000.00,4.478679,96.25
08:00:34,912810TX6,TSRYS5743665,D,S,T,2024-04-05,1000000.00,4.478679,96.25
08:00:34,912810TX6,TSRYS5743665,D,S,T,2024-04-05,1000000.00,4.478679,96.25
08:00:34,912810TX6,TSRYS5743665,D,S,T,2024-04-05,1000000.00,4.478679,96.25
08:00:34,912810TX6,TSRYS5743665,D,S,T,2024-04-05,1000000.00,4.478679,96.25
08:00:34,912810TX6,TSRYS5743665,D,S,T,2024-04-05,1000000.00,4.478679,96.25
08:00:34,912810TX6,TSRYS5743665,D,S,T,2024-04-05,1000000.00,4.478679,96.25
08:00:34,912810TX6,TSRYS5743665,D,S,T,2024-04-05,1000000.00,4.478679,96.25
08:00:34,912810TX6,TSRYS5743665,D,S,T,2024-04-05,1000000.00,4.478679,96.25
08:00:34,912810TX6,TSRYS5743665,D,S,T,2024-04-05,1000000.00,4.478679,96.25
08:00:34,912810TX6,TSRYS5743665,D,S,T,2024-04-05,2000000.00,4.48064,96.21875
08:00:34,912810TX6,TSRYS5743665,D,S,T,2024-04-05,1000000.00,4.48064,96.21875
08:00:34,912810TX6,TSRYS5743665,D,S,T,2024-04-05,1000000.00,4.481621,96.203125
08:00:34,912810TX6,TSRYS5743665,D,S,T,2024-04-05,1000000.00,4.481621,96.203125
08:00:34,912810TX6,TSRYS5743665,D,S,T,2024-04-05,1000000.00,4.481621,96.203125
08:00:34,912810TX6,TSRYS5743665,D,S,T,2024-04-05,1000000.00,4.483093,96.1796875
08:00:34,912810TX6,TSRYS5743665,D,S,T,2024-04-05,1000000.00,4.483584,96.171875
08:00:34,912810TX6,TSRYS5743665,D,S,T,2024-04-05,1000000.00,4.484197,96.162109375
08:00:34,912810TX6,TSRYS5743665,D,S,T,2024-04-05,1000000.00,4.481376,96.20703125
08:00:34,912810TX6,TSRYS5743665,D,S,T,2024-04-05,1000000.00,4.481253,96.208984375
08:00:34,912810TX6,TSRYS5743665,D,S,T,2024-04-05,1000000.00,4.48064,96.21875
08:00:34,912810TX6,TSRYS5743665,D,S,T,2024-04-05,1000000.00,4.48064,96.21875
08:00:34,912810TX6,TSRYS5743665,D,S,T,2024-04-05,1000000.00,4.48064,96.21875
08:00:34,912810TX6,TSRYS5743665,D,S,T,2024-04-05,1000000.00,4.48064,96.21875
08:00:34,912810TX6,TSRYS5743665,D,S,T,2024-04-05,1000000.00,4.47966,96.234375
08:00:34,912810TX6,TSRYS5743665,D,S,T,2024-04-05,1000000.00,4.47574,96.296875
08:00:34,912810TX6,TSRYS5743665,D,S,T,2024-04-05,1000000.00,4.47574,96.296875
08:00:34,912810TX6,TSRYS5743665,D,S,T,2024-04-05,1000000.00,4.47476,96.3125
08:00:34,912810TX6,TSRYS5743665,D,S,T,2024-04-05,1000000.00,4.47476,96.3125
08:00:34,912810TX6,TSRYS5743665,D,S,T,2024-04-05,1000000.00,4.47476,96.3125
08:00:34,912810TX6,TSRYS5743665,D,S,T,2024-04-05,1000000.00,4.47476,96.3125
08:00:34,912810TX6,TSRYS5743665,D,S,T,2024-04-05,1000000.00,4.47525,96.3046875
08:00:34,912810TX6,TSRYS5743665,D,S,T,2024-04-05,1000000.00,4.478679,96.25
08:00:34,912810TX6,TSRYS5743665,D,S,T,2024-04-05,1000000.00,4.47966,96.234375
08:00:34,912810TX6,TSRYS5743665,D,S,T,2024-04-05,1000000.00,4.486529,96.125
08:00:34,912810TX6,TSRYS5743665,D,S,T,2024-04-05,1000000.00,4.486529,96.125
08:00:34,912810TX6,TSRYS5743665,D,S,T,2024-04-05,1000000.00,4.486038,96.1328125
08:00:34,912810TX6,TSRYS5743665,D,S,T,2024-04-05,1000000.00,4.487511,96.109375
08:00:34,912810TX6,TSRYS5743665,D,S,T,2024-04-05,1000000.00,4.491442,96.046875
08:00:34,912810TX6,TSRYS5743665,D,S,T,2024-04-05,1000000.00,4.491934,96.0390625
08:00:34,912810TX6,TSRYS5743665,D,S,T,2024-04-05,1000000.00,4.491811,96.041015625
08:00:34,912810TX6,TSRYS5743665,D,S,T,2024-04-05,1000000.00,4.493409,96.015625
08:00:34,912810TX6,TSRYS5743665,D,S,T,2024-04-05,1000000.00,4.490459,96.0625
08:00:34,912810TX6,TSRYS5743665,D,S,T,2024-04-05,1000000.00,4.489476,96.078125
08:00:34,912810TX6,TSRYS5743665,D,S,T,2024-04-05,1000000.00,4.487511,96.109375
08:00:34,912810TX6,TSRYS5743665,D,S,T,2024-04-05,1000000.00,4.488493,96.09375
08:00:34,912810TX6,TSRYS5743665,D,S,T,2024-04-05,1000000.00,4.488493,96.09375
08:00:34,912810TX6,TSRYS5743665,D,S,T,2024-04-05,1000000.00,4.491442,96.046875
08:00:34,912810TX6,TSRYS5743665,D,S,T,2024-04-05,1000000.00,4.491442,96.046875
08:00:34,912810TX6,TSRYS5743665,D,S,T,2024-04-05,1000000.00,4.492425,96.03125
08:00:34,912810TX6,TSRYS5743665,D,S,T,2024-04-05,1000000.00,4.492425,96.03125
08:00:34,912810TX6,TSRYS5743665,D,S,T,2024-04-05,1000000.00,4.494393,96.0
08:00:34,912810TX6,TSRYS5743665,D,S,T,2024-04-05,1000000.00,4.494393,96.0
08:00:34,912810TX6,TSRYS5743665,D,S,T,2024-04-05,1000000.00,4.495377,95.984375
08:00:34,912810TX6,TSRYS5743665,D,S,T,2024-04-05,1000000.00,4.493409,96.015625
08:00:34,912810TX6,TSRYS5743665,D,S,T,2024-04-05,1000000.00,4.494393,96.0
08:00:34,912810TX6,TSRYS5743665,D,S,T,2024-04-05,1000000.00,4.491442,96.046875
08:00:34,912810TX6,TSRYS5743665,D,S,T,2024-04-05,1000000.00,4.496361,95.96875
08:00:34,912810TX6,TSRYS5743665,D,S,T,2024-04-05,1000000.00,4.495869,95.9765625
08:00:34,912810TX6,TSRYS5743665,D,S,T,2024-04-05,1000000.00,4.495869,95.9765625
08:00:34,912810TX6,TSRYS5743665,D,S,D,2024-04-05,1000000.00,4.495869,95.9765625
08:00:34,912810TX6,TSRYS5743665,D,S,T,2024-04-05,1000000.00,4.495377,95.984375
08:00:34,912810TX6,TSRYS5743665,D,S,D,2024-04-05,1000000.00,4.494885,95.9921875
08:00:34,912810TX6,TSRYS5743665,D,S,D,2024-04-05,1000000.00,4.494885,95.9921875
08:00:34,912810TX6,TSRYS5743665,D,S,D,2024-04-05,1000000.00,4.494885,95.9921875
08:00:34,912810TX6,TSRYS5743665,D,S,T,2024-04-05,1000000.00,4.493901,96.0078125
08:00:34,912810TX6,TSRYS5743665,D,S,T,2024-04-05,1000000.00,4.493901,96.0078125
08:00:34,912810TX6,TSRYS5743665,D,S,T,2024-04-05,1000000.00,4.494393,96.0
08:00:34,912810TX6,TSRYS5743665,D,S,T,2024-04-05,1000000.00,4.494885,95.9921875
08:00:34,912810TX6,TSRYS5743665,D,S,D,2024-04-05,1000000.00,4.49218,96.03515625
08:00:34,912810TX6,TSRYS5743665,D,S,T,2024-04-05,1000000.00,4.492425,96.03125
08:00:34,912810TX6,TSRYS5743665,D,S,T,2024-04-05,1000000.00,4.490459,96.0625
08:00:34,912810TX6,TSRYS5743665,D,S,T,2024-04-05,1000000.00,4.490459,96.0625
08:00:34,912810TX6,TSRYS5743665,D,S,T,2024-04-05,1000000.00,4.490459,96.0625
08:00:34,912810TX6,TSRYS5743665,D,S,T,2024-04-05,1000000.00,4.491442,96.046875
08:00:34,912810TX6,TSRYS5743665,D,S,T,2024-04-05,1000000.00,4.496361,95.96875
08:00:34,912810TX6,TSRYS5743665,D,S,T,2024-04-05,1000000.00,4.495254,95.986328125
08:00:34,912810TX6,TSRYS5743665,D,S,T,2024-04-05,1000000.00,4.495254,95.986328125
08:00:34,912810TX6,TSRYS5743665,D,S,T,2024-04-05,1000000.00,4.492794,96.025390625
08:00:34,912810TX6,TSRYS5743665,D,S,T,2024-04-05,1000000.00,4.492425,96.03125
08:00:34,912810TX6,TSRYS5743665,D,S,T,2024-04-05,1000000.00,4.492425,96.03125
08:00:34,912810TX6,TSRYS5743665,D,S,T,2024-04-05,1000000.00,4.490459,96.0625
08:00:34,912810TX6,TSRYS5743665,D,S,T,2024-04-05,1000000.00,4.492425,96.03125
08:00:34,912810TX6,TSRYS5743665,D,S,T,2024-04-05,1000000.00,4.492425,96.03125
08:00:34,912810TX6,TSRYS5743665,D,S,T,2024-04-05,1000000.00,4.492425,96.03125
08:00:34,912810TX6,TSRYS5743665,D,S,T,2024-04-05,1000000.00,4.492425,96.03125
08:00:34,912810TX6,TSRYS5743665,D,S,T,2024-04-05,1000000.00,4.490459,96.0625
08:00:34,912810TX6,TSRYS5743665,D,S,T,2024-04-05,1000000.00,4.487879,96.103515625
08:00:34,912810TX6,TSRYS5743665,D,S,T,2024-04-05,1000000.00,4.488493,96.09375
08:00:34,912810TX6,TSRYS5743665,D,S,T,2024-04-05,1000000.00,4.490459,96.0625
08:00:34,912810TX6,TSRYS5743665,D,S,T,2024-04-05,1000000.00,4.490459,96.0625
08:00:34,912810TX6,TSRYS5743665,D,S,T,2024-04-05,1000000.00,4.491073,96.052734375
08:00:34,912810TX6,TSRYS5743665,D,S,T,2024-04-05,1000000.00,4.490582,96.060546875
08:00:34,912810TX6,TSRYS5743665,D,S,T,2024-04-05,1000000.00,4.490828,96.056640625
08:00:34,912810TX6,TSRYS5743665,D,S,T,2024-04-05,1000000.00,4.488248,96.09765625
08:00:34,912810TX6,TSRYS5743665,D,S,T,2024-04-05,2000000.00,4.488248,96.09765625
08:00:34,912810TX6,TSRYS5743665,D,S,T,2024-04-05,1000000.00,4.488493,96.09375
08:00:34,912810TX6,TSRYS5743665,D,S,T,2024-04-05,2000000.00,4.491442,96.046875
08:00:34,912810TX6,TSRYS5743665,D,S,T,2024-04-05,1000000.00,4.491442,96.046875
08:00:34,912810TX6,TSRYS5743665,D,S,T,2024-04-05,2000000.00,4.491442,96.046875
08:00:34,912810TX6,TSRYS5743665,D,S,D,2024-04-05,1000000.00,4.491196,96.05078125
08:00:34,912810TX6,TSRYS5743665,D,S,T,2024-04-05,1000000.00,4.490459,96.0625
08:00:34,912810TX6,TSRYS5743665,D,S,T,2024-04-05,2000000.00,4.491442,96.046875
08:00:34,912810TX6,TSRYS5743665,D,S,T,2024-04-05,1000000.00,4.491442,96.046875
08:00:34,912810TX6,TSRYS5743665,D,S,T,2024-04-05,1000000.00,4.491442,96.046875
08:00:34,912810TX6,TSRYS5743665,D,S,T,2024-04-05,1000000.00,4.492425,96.03125
08:00:34,912810TX6,TSRYS5743665,D,S,T,2024-04-05,1000000.00,4.492425,96.03125
08:00:34,912810TX6,TSRYS5743665,D,S,T,2024-04-05,1000000.00,4.492425,96.03125
08:00:34,912810TX6,TSRYS5743665,D,S,T,2024-04-05,1000000.00,4.492425,96.03125
08:00:34,912810TX6,TSRYS5743665,D,S,T,2024-04-05,1000000.00,4.491442,96.046875
08:00:34,912810TX6,TSRYS5743665,D,S,T,2024-04-05,1000000.00,4.491442,96.046875
08:00:34,912810TX6,TSRYS5743665,D,S,T,2024-04-05,3000000.00,4.491442,96.046875
08:00:34,912810TX6,TSRYS5743665,D,S,T,2024-04-05,1000000.00,4.491442,96.046875
08:00:34,912810TX6,TSRYS5743665,D,S,T,2024-04-05,1000000.00,4.491688,96.04296875
08:00:34,912810TX6,TSRYS5743665,D,S,T,2024-04-05,1000000.00,4.491442,96.046875
08:00:34,912810TX6,TSRYS5743665,D,S,T,2024-04-05,1000000.00,4.491442,96.046875
08:00:34,912810TX6,TSRYS5743665,D,S,T,2024-04-05,1000000.00,4.491442,96.046875
08:00:34,912810TX6,TSRYS5743665,D,S,T,2024-04-05,1000000.00,4.491442,96.046875
08:00:34,912810TX6,TSRYS5743665,D,S,T,2024-04-05,1000000.00,4.491442,96.046875
08:00:34,912810TX6,TSRYS5743665,D,S,T,2024-04-05,1000000.00,4.490705,96.05859375
08:00:34,912810TX6,TSRYS5743665,D,S,T,2024-04-05,1000000.00,4.491442,96.046875
08:00:34,912810TX6,TSRYS5743665,D,S,T,2024-04-05,1000000.00,4.491442,96.046875
08:00:34,912810TX6,TSRYS5743665,D,S,T,2024-04-05,1000000.00,4.492548,96.029296875
08:00:34,912810TX6,TSRYS5743665,D,S,T,2024-04-05,1000000.00,4.493409,96.015625
08:00:34,912810TX6,TSRYS5743665,D,S,T,2024-04-05,1000000.00,4.489476,96.078125
08:00:34,912810TX6,TSRYS5743665,D,S,D,2024-04-05,14000000.00,4.472802,96.34375
08:00:34,912810TX6,TSRYS5743665,D,S,T,2024-04-05,1000000.00,4.47966,96.234375
08:00:34,912810TX6,TSRYS5743665,D,S,T,2024-04-05,1000000.00,4.479415,96.23828125
08:00:34,912810TX6,TSRYS5743665,D,S,T,2024-04-05,1000000.00,4.481621,96.203125
08:00:34,912810TX6,TSRYS5743665,D,B,C,2024-04-05,3000000.00,4.480294,96.2242604167
08:00:34,912810TX6,TSRYS5743665,D,S,T,2024-04-05,1000000.00,4.47966,96.234375
08:00:34,912810TX6,TSRYS5743665,D,B,C,2024-04-05,3000000.00,4.479069,96.2437916667
08:00:34,912810TX6,TSRYS5743665,D,B,A,2024-04-05,2000000.00,4.477699,96.265625
08:00:34,912810TX6,TSRYS5743665,D,S,D,2024-04-05,2000000.00,4.47574,96.296875
08:00:34,912810TX6,TSRYS5743665,D,S,D,2024-04-05,2000000.00,4.47574,96.296875
08:00:34,912810TX6,TSRYS5743665,D,S,D,2024-04-05,2000000.00,4.47574,96.296875
08:00:34,912810TX6,TSRYS5743665,D,S,D,2024-04-05,2000000.00,4.47574,96.296875
08:00:34,912810TX6,TSRYS5743665,D,S,D,2024-04-05,1000000.00,4.47574,96.296875
08:00:34,912810TX6,TSRYS5743665,D,S,A,2024-04-05,10900.00,4.470844,96.375
08:00:34,912810TX6,TSRYS5743665,D,S,A,2024-04-05,2000000.00,4.46791,96.421875
08:00:34,912810TX6,TSRYS5743665,D,S,D,2024-04-05,1000000.00,4.47476,96.3125
08:00:34,912810TX6,TSRYS5743665,D,S,D,2024-04-05,3000000.00,4.47476,96.3125
08:00:34,912810TX6,TSRYS5743665,D,S,C,2024-04-05,100000.00,4.473932,96.32571875
08:00:34,912810TX6,TSRYS5743665,D,S,T,2024-04-05,1000000.00,4.476719,96.28125
08:00:34,912810TX6,TSRYS5743665,D,S,C,2024-04-05,1000000.00,4.479566,96.235875
08:00:34,912810TX6,TSRYS5743665,D,B,A,2024-04-05,3000000.00,4.48015,96.2265625
08:00:34,912810TX6,TSRYS5743665,D,S,D,2024-04-05,1000000.00,4.481621,96.203125
08:00:34,912810TX6,TSRYS5743665,D,S,T,2024-04-05,1000000.00,4.481621,96.203125
08:00:34,912810TX6,TSRYS5743665,D,S,T,2024-04-05,1000000.00,4.481621,96.203125
08:00:34,912810TX6,TSRYS5743665,D,S,D,2024-04-05,1000000.00,4.481621,96.203125
08:00:34,912810TX6,TSRYS5743665,D,S,D,2024-04-05,1000000.00,4.481621,96.203125
08:00:34,912810TX6,TSRYS5743665,D,S,D,2024-04-05,1000000.00,4.481621,96.203125
08:00:34,912810TX6,TSRYS5743665,D,S,D,2024-04-05,1000000.00,4.481621,96.203125
08:00:34,912810TX6,TSRYS5743665,D,S,D,2024-04-05,1000000.00,4.478679,96.25
08:00:34,912810TX6,TSRYS5743665,D,S,T,2024-04-05,1000000.00,4.477699,96.265625
08:00:34,912810TX6,TSRYS5743665,D,S,T,2024-04-05,1000000.00,4.483584,96.171875
08:00:34,912810TX6,TSRYS5743665,D,S,T,2024-04-05,1000000.00,4.483584,96.171875
08:00:34,912810TX6,TSRYS5743665,D,S,T,2024-04-05,1000000.00,4.484565,96.15625
08:00:34,912810TX6,TSRYS5743665,D,S,T,2024-04-05,1000000.00,4.484688,96.154296875
08:00:34,912810TX6,TSRYS5743665,D,S,T,2024-04-05,1000000.00,4.483829,96.16796875
08:00:34,912810TX6,TSRYS5743665,D,S,T,2024-04-05,1000000.00,4.483952,96.166015625
08:00:34,912810TX6,TSRYS5743665,D,S,T,2024-04-05,1000000.00,4.483952,96.166015625
08:00:34,912810TX6,TSRYS5743665,D,S,T,2024-04-05,1000000.00,4.48432,96.16015625
08:00:34,912810TX6,TSRYS5743665,D,S,T,2024-04-05,1000000.00,4.48432,96.16015625
08:00:34,912810TX6,TSRYS5743665,D,S,T,2024-04-05,1000000.00,4.475984,96.29296875
08:00:34,912810TX6,TSRYS5743665,D,S,T,2024-04-05,1000000.00,4.475984,96.29296875
08:00:34,912810TX6,TSRYS5743665,D,S,T,2024-04-05,1000000.00,4.48481,96.15234375
08:00:34,912810TX6,TSRYS5743665,D,S,D,2024-04-05,1000000.00,4.48481,96.15234375
08:00:34,912810TX6,TSRYS5743665,D,S,D,2024-04-05,1000000.00,4.48481,96.15234375
08:00:34,912810TX6,TSRYS5743665,D,S,T,2024-04-05,1000000.00,4.48481,96.15234375
08:00:34,912810TX6,TSRYS5743665,D,S,A,2024-04-05,3000000.00,4.486529,96.125
08:00:34,912810TX6,TSRYS5743665,D,S,T,2024-04-05,1000000.00,4.490459,96.0625
08:00:34,912810TX6,TSRYS5743665,D,S,A,2024-04-05,260000.00,4.490213,96.06640625
08:00:34,912810TX6,TSRYS5743665,D,S,C,2024-04-05,31470000.00,4.492917,96.0234375
08:00:34,912810TX6,TSRYS5743665,D,B,A,2024-04-05,6000000.00,4.486774,96.12109375
08:00:34,912810TX6,TSRYS5743665,D,B,C,2024-04-05,3500000.00,4.493901,96.0078125
08:00:34,912810TX6,TSRYS5743665,D,B,A,2024-04-05,1000000.00,4.494408,96.0
08:00:34,912810TX6,TSRYS5743665,D,S,A,2024-04-05,1000000.00,4.490712,96.05859375
08:00:34,912810TX6,TSRYS5743665,D,S,D,2024-04-05,1000000.00,4.491442,96.046875
08:00:34,912810TX6,TSRYS5743665,D,S,T,2024-04-05,1000000.00,4.496238,95.970703125
08:00:34,912810TX6,TSRYS5743665,D,S,T,2024-04-05,1000000.00,4.496361,95.96875
08:00:34,912810TX6,TSRYS5743665,D,S,T,2024-04-05,1000000.00,4.496361,95.96875
08:00:34,912810TX6,TSRYS5743665,D,S,T,2024-04-05,1000000.00,4.496361,95.96875
08:00:34,912810TX6,TSRYS5743665,D,S,D,2024-04-05,1000000.00,4.496361,95.96875
08:00:34,912810TX6,TSRYS5743665,D,S,D,2024-04-05,1000000.00,4.496361,95.96875
08:00:34,912810TX6,TSRYS5743665,D,S,D,2024-04-05,1000000.00,4.496361,95.96875
08:00:34,912810TX6,TSRYS5743665,D,S,D,2024-04-05,1000000.00,4.495377,95.984375
08:00:34,912810TX6,TSRYS5743665,D,S,T,2024-04-05,1000000.00,4.495377,95.984375
08:00:34,912810TX6,TSRYS5743665,D,S,T,2024-04-05,1000000.00,4.495377,95.984375
08:00:34,912810TX6,TSRYS5743665,D,S,T,2024-04-05,1000000.00,4.4955,95.982421875
08:00:34,912810TX6,TSRYS5743665,D,S,D,2024-04-05,1000000.00,4.495377,95.984375
08:00:34,912810TX6,TSRYS5743665,D,S,D,2024-04-05,1000000.00,4.495677,95.9796112805
08:00:34,912810TX6,TSRYS5743665,D,S,D,2024-04-05,1000000.00,4.495623,95.98046875
08:00:34,912810TX6,TSRYS5743665,D,B,C,2024-04-05,10000000.00,4.494147,96.00390625
08:00:34,912810TX6,TSRYS5743665,D,S,D,2024-04-05,1000000.00,4.492917,96.0234375
08:00:34,912810TX6,TSRYS5743665,D,S,D,2024-04-05,1000000.00,4.492917,96.0234375
08:00:34,912810TX6,TSRYS5743665,D,S,T,2024-04-05,1000000.00,4.492917,96.0234375
08:00:34,912810TX6,TSRYS5743665,D,S,T,2024-04-05,1000000.00,4.492548,96.029296875
08:00:34,912810TX6,TSRYS5743665,D,S,T,2024-04-05,1000000.00,4.492917,96.0234375
08:00:34,912810TX6,TSRYS5743665,D,S,T,2024-04-05,1000000.00,4.493532,96.013671875
08:00:34,912810TX6,TSRYS5743665,D,S,T,2024-04-05,1000000.00,4.493532,96.013671875
08:00:34,912810TX6,TSRYS5743665,D,S,A,2024-04-05,130000.00,4.491204,96.05078125
08:00:34,912810TX6,TSRYS5743665,D,S,T,2024-04-05,1000000.00,4.490459,96.0625
08:00:34,912810TX6,TSRYS5743665,D,S,D,2024-04-05,1000000.00,4.490459,96.0625
08:00:34,912810TX6,TSRYS5743665,D,S,D,2024-04-05,1000000.00,4.490459,96.0625
08:00:34,912810TX6,TSRYS5743665,D,S,T,2024-04-05,1000000.00,4.490459,96.0625
08:00:34,912810TX6,TSRYS5743665,D,S,T,2024-04-05,1000000.00,4.491442,96.046875
08:00:34,912810TX6,TSRYS5743665,D,S,D,2024-04-05,1000000.00,4.491442,96.046875
08:00:34,912810TX6,TSRYS5743665,D,S,D,2024-04-05,1000000.00,4.490459,96.0625
08:00:34,912810TX6,TSRYS5743665,D,S,T,2024-04-05,1000000.00,4.490459,96.0625
08:00:34,912810TX6,TSRYS5743665,D,S,T,2024-04-05,1000000.00,4.490459,96.0625
08:00:34,912810TX6,TSRYS5743665,D,S,T,2024-04-05,1000000.00,4.490459,96.0625
08:00:34,912810TX6,TSRYS5743665,D,S,T,2024-04-05,1000000.00,4.490459,96.0625
08:00:34,912810TX6,TSRYS5743665,D,S,T,2024-04-05,1000000.00,4.490459,96.0625
08:00:34,912810TX6,TSRYS5743665,D,S,D,2024-04-05,1000000.00,4.490459,96.0625
08:00:34,912810TX6,TSRYS5743665,D,S,D,2024-04-05,1000000.00,4.490459,96.0625
08:00:34,912810TX6,TSRYS5743665,D,S,D,2024-04-05,1000000.00,4.490459,96.0625
08:00:34,912810TX6,TSRYS5743665,D,S,D,2024-04-05,1000000.00,4.490459,96.0625
08:00:34,912810TX6,TSRYS5743665,D,S,T,2024-04-05,1000000.00,4.490459,96.0625
08:00:34,912810TX6,TSRYS5743665,D,S,T,2024-04-05,1000000.00,4.490459,96.0625
08:00:34,912810TX6,TSRYS5743665,D,S,D,2024-04-05,1000000.00,4.490459,96.0625
08:00:34,912810TX6,TSRYS5743665,D,S,D,2024-04-05,1000000.00,4.490459,96.0625
08:00:34,912810TX6,TSRYS5743665,D,S,D,2024-04-05,1000000.00,4.490459,96.0625
08:00:34,912810TX6,TSRYS5743665,D,S,T,2024-04-05,1000000.00,4.490459,96.0625
08:00:34,912810TX6,TSRYS5743665,D,S,T,2024-04-05,1000000.00,4.490459,96.0625
08:00:34,912810TX6,TSRYS5743665,D,S,T,2024-04-05,1000000.00,4.490459,96.0625
08:00:34,912810TX6,TSRYS5743665,D,S,T,2024-04-05,1000000.00,4.490459,96.0625
08:00:34,912810TX6,TSRYS5743665,D,S,T,2024-04-05,1000000.00,4.490459,96.0625
08:00:34,912810TX6,TSRYS5743665,D,S,T,2024-04-05,1000000.00,4.490459,96.0625
08:00:34,912810TX6,TSRYS5743665,D,S,D,2024-04-05,1000000.00,4.490459,96.0625
08:00:34,912810TX6,TSRYS5743665,D,S,D,2024-04-05,1000000.00,4.490459,96.0625
08:00:34,912810TX6,TSRYS5743665,D,S,D,2024-04-05,3000000.00,4.490459,96.0625
08:00:34,912810TX6,TSRYS5743665,D,S,D,2024-04-05,1000000.00,4.492425,96.03125
08:00:34,912810TX6,TSRYS5743665,D,S,D,2024-04-05,1000000.00,4.493409,96.015625
08:00:34,912810TX6,TSRYS5743665,D,S,D,2024-04-05,1000000.00,4.493409,96.015625
08:00:34,912810TX6,TSRYS5743665,D,S,D,2024-04-05,1000000.00,4.491442,96.046875
08:00:34,912810TX6,TSRYS5743665,D,S,T,2024-04-05,1000000.00,4.47966,96.234375
08:00:34,912810TX6,TSRYS5743665,D,S,D,2024-04-05,1000000.00,4.476474,96.28515625
08:00:34,912810TX6,TSRYS5743665,D,S,D,2024-04-05,1000000.00,4.476229,96.2890625
08:00:34,912810TX6,TSRYS5743665,D,S,D,2024-04-05,1000000.00,4.476107,96.291015625
08:00:34,912810TX6,TSRYS5743665,D,S,D,2024-04-05,1000000.00,4.476107,96.291015625
08:00:34,912810TX6,TSRYS5743665,D,S,D,2024-04-05,1000000.00,4.47966,96.234375
08:00:34,912810TX6,TSRYS5743665,D,S,T,2024-04-05,1000000.00,4.48064,96.21875
08:00:38,912810TX6,TSRYS5743665,D,S,T,2024-04-05,1000000.00,4.48064,96.21875
08:00:38,912810TX6,TSRYS5743665,D,S,D,2024-04-05,2000000.00,4.47966,96.234375
08:00:38,912810TX6,TSRYS5743665,D,B,A,2024-04-05,11000000.00,4.471803,96.359375
08:00:39,912810TX6,TSRYS5743665,D,S,C,2024-04-05,3868400.00,4.471089,96.37109375
08:00:41,912810TX6,TSRYS5743665,D,S,C,2024-04-05,22500000.00,4.480886,96.21484375
08:00:41,912810TX6,TSRYS5743665,D,S,D,2024-04-05,1000000.00,4.474026,96.32421875
08:00:41,912810TX6,TSRYS5743665,D,S,D,2024-04-05,15000000.00,4.468888,96.40625
08:00:41,912810TX6,TSRYS5743665,D,S,T,2024-04-05,1000000.00,4.473781,96.328125
08:00:41,912810TX6,TSRYS5743665,D,S,T,2024-04-05,1000000.00,4.472802,96.34375
08:00:41,912810TX6,TSRYS5743665,D,S,D,2024-04-05,2000000.00,4.47525,96.3046875
08:00:41,912810TX6,TSRYS5743665,D,S,D,2024-04-05,1000000.00,4.470844,96.375
08:00:41,912810TX6,TSRYS5743665,D,S,T,2024-04-05,1000000.00,4.470478,96.380859375
08:00:41,912810TX6,TSRYS5743665,D,S,T,2024-04-05,1000000.00,4.476719,96.28125
08:00:42,912810TX6,TSRYS5743665,D,S,T,2024-04-05,1000000.00,4.48015,96.2265625
08:00:42,912810TX6,TSRYS5743665,D,S,T,2024-04-05,1000000.00,4.470844,96.375
08:00:42,912810TX6,TSRYS5743665,D,S,T,2024-04-05,1000000.00,4.476719,96.28125
08:00:42,912810TX6,TSRYS5743665,D,S,T,2024-04-05,1000000.00,4.476719,96.28125
08:00:42,912810TX6,TSRYS5743665,D,S,T,2024-04-05,1000000.00,4.469866,96.390625
08:00:42,912810TX6,TSRYS5743665,D,S,D,2024-04-05,1000000.00,4.472802,96.34375
08:00:42,912810TX6,TSRYS5743665,D,S,D,2024-04-05,1000000.00,4.473781,96.328125
08:00:42,912810TX6,TSRYS5743665,D,S,T,2024-04-05,1000000.00,4.47574,96.296875
08:00:42,912810TX6,TSRYS5743665,D,S,T,2024-04-05,1000000.00,4.47476,96.3125
08:00:42,912810TX6,TSRYS5743665,D,S,T,2024-04-05,1000000.00,4.47476,96.3125
08:00:42,912810TX6,TSRYS5743665,D,S,T,2024-04-05,1000000.00,4.474026,96.32421875
08:00:42,912810TX6,TSRYS5743665,D,S,T,2024-04-05,1000000.00,4.46791,96.421875
08:00:42,912810TX6,TSRYS5743665,D,S,T,2024-04-05,1000000.00,4.47476,96.3125
08:00:42,912810TX6,TSRYS5743665,D,S,T,2024-04-05,1000000.00,4.47525,96.3046875
08:00:42,912810TX6,TSRYS5743665,D,S,T,2024-04-05,1000000.00,4.473781,96.328125
08:00:42,912810TX6,TSRYS5743665,D,S,T,2024-04-05,1000000.00,4.483584,96.171875
08:00:42,912810TX6,TSRYS5743665,D,S,T,2024-04-05,1000000.00,4.483584,96.171875
08:00:42,912810TX6,TSRYS5743665,D,S,T,2024-04-05,1000000.00,4.483584,96.171875
08:00:42,912810TX6,TSRYS5743665,D,S,T,2024-04-05,1000000.00,4.46791,96.421875
08:00:42,912810TX6,TSRYS5743665,D,S,T,2024-04-05,1000000.00,4.46791,96.421875
08:00:42,912810TX6,TSRYS5743665,D,S,D,2024-04-05,4000000.00,4.46791,96.421875
08:00:42,912810TX6,TSRYS5743665,D,S,T,2024-04-05,1000000.00,4.478189,96.2578125
08:00:42,912810TX6,TSRYS5743665,D,S,T,2024-04-05,1000000.00,4.478312,96.255859375
08:00:42,912810TX6,TSRYS5743665,D,S,T,2024-04-05,1000000.00,4.477332,96.271484375
08:00:42,912810TX6,TSRYS5743665,D,S,T,2024-04-05,1000000.00,4.46791,96.421875
08:00:42,912810TX6,TSRYS5743665,D,S,T,2024-04-05,1000000.00,4.46791,96.421875
08:00:42,912810TX6,TSRYS5743665,D,S,T,2024-04-05,1000000.00,4.478679,96.25
08:00:42,912810TX6,TSRYS5743665,D,S,T,2024-04-05,1000000.00,4.478679,96.25
08:00:42,912810TX6,TSRYS5743665,D,S,T,2024-04-05,1000000.00,4.481131,96.2109375
08:00:42,912810TX6,TSRYS5743665,D,S,T,2024-04-05,1000000.00,4.481131,96.2109375
08:00:42,912810TX6,TSRYS5743665,D,S,T,2024-04-05,1000000.00,4.468888,96.40625
08:00:42,912810TX6,TSRYS5743665,D,S,T,2024-04-05,1000000.00,4.468643,96.41015625
08:00:42,912810TX6,TSRYS5743665,D,S,T,2024-04-05,1000000.00,4.478924,96.24609375
08:00:42,912810TX6,TSRYS5743665,D,S,T,2024-04-05,1000000.00,4.478679,96.25
08:00:42,912810TX6,TSRYS5743665,D,S,T,2024-04-05,1000000.00,4.47966,96.234375
08:00:42,912810TX6,TSRYS5743665,D,S,T,2024-04-05,1000000.00,4.48064,96.21875
08:00:42,912810TX6,TSRYS5743665,D,S,T,2024-04-05,1000000.00,4.470111,96.38671875
08:00:42,912810TX6,TSRYS5743665,D,S,D,2024-04-05,3000000.00,4.471334,96.3671875
08:00:42,912810TX6,TSRYS5743665,D,S,T,2024-04-05,1000000.00,4.489476,96.078125
08:00:42,912810TX6,TSRYS5743665,D,S,T,2024-04-05,1000000.00,4.489476,96.078125
08:00:42,912810TX6,TSRYS5743665,D,S,T,2024-04-05,1000000.00,4.474026,96.32421875
08:00:42,912810TX6,TSRYS5743665,D,S,T,2024-04-05,1000000.00,4.491442,96.046875
08:00:42,912810TX6,TSRYS5743665,D,S,T,2024-04-05,1000000.00,4.491442,96.046875
08:00:42,912810TX6,TSRYS5743665,D,S,T,2024-04-05,1000000.00,4.488862,96.087890625
08:00:42,912810TX6,TSRYS5743665,D,S,T,2024-04-05,1000000.00,4.488862,96.087890625
08:00:42,912810TX6,TSRYS5743665,D,S,T,2024-04-05,1000000.00,4.494885,95.9921875
08:00:42,912810TX6,TSRYS5743665,D,S,T,2024-04-05,1000000.00,4.474026,96.32421875
08:00:43,912810TX6,TSRYS5743665,D,S,T,2024-04-05,1000000.00,4.473781,96.328125
08:00:43,912810TX6,TSRYS5743665,D,S,T,2024-04-05,1000000.00,4.492794,96.025390625
08:00:43,912810TX6,TSRYS5743665,D,S,T,2024-04-05,1000000.00,4.492794,96.025390625
08:00:43,912810TX6,TSRYS5743665,D,S,T,2024-04-05,1000000.00,4.490828,96.056640625
08:00:43,912810TX6,TSRYS5743665,D,S,T,2024-04-05,1000000.00,4.490459,96.0625
08:00:43,912810TX6,TSRYS5743665,D,S,D,2024-04-05,1000000.00,4.489967,96.0703125
08:00:43,912810TX6,TSRYS5743665,D,S,T,2024-04-05,1000000.00,4.489967,96.0703125
08:00:43,912810TX6,TSRYS5743665,D,S,T,2024-04-05,1000000.00,4.473781,96.328125
08:00:43,912810TX6,TSRYS5743665,D,B,C,2024-04-05,5000000.00,4.493901,96.0078125
08:00:43,912810TX6,TSRYS5743665,D,S,D,2024-04-05,21000000.00,4.474504,96.31659
08:00:43,912810TX6,TSRYS5743665,D,S,D,2024-04-05,1000000.00,4.490336,96.064453125
08:00:43,912810TX6,TSRYS5743665,D,S,D,2024-04-05,1000000.00,4.490336,96.064453125
08:00:43,912810TX6,TSRYS5743665,D,S,D,2024-04-05,1000000.00,4.490459,96.0625
08:00:43,912810TX6,TSRYS5743665,D,S,D,2024-04-05,1000000.00,4.490459,96.0625
08:00:43,912810TX6,TSRYS5743665,D,S,T,2024-04-05,1000000.00,4.474026,96.32421875
08:00:43,912810TX6,TSRYS5743665,D,S,D,2024-04-05,1000000.00,4.490459,96.0625
08:00:43,912810TX6,TSRYS5743665,D,S,D,2024-04-05,1200000.00,4.49095,96.0546875
08:00:43,912810TX6,TSRYS5743665,D,B,C,2024-04-05,1200000.00,4.49095,96.0546875
08:00:43,912810TX6,TSRYS5743665,D,B,C,2024-04-05,45000.00,4.490213,96.06640625
08:00:43,912810TX6,TSRYS5743665,D,S,T,2024-04-05,1000000.00,4.474026,96.32421875
08:00:44,912810TX6,TSRYS5743665,D,S,D,2024-04-05,1000000.00,4.473781,96.328125
08:00:44,912810TX6,TSRYS5743665,D,S,D,2024-04-05,1000000.00,4.480395,96.22265625
08:00:44,912810TX6,TSRYS5743665,D,S,D,2024-04-05,1000000.00,4.493532,96.013671875
08:00:44,912810TX6,TSRYS5743665,D,S,D,2024-04-05,1000000.00,4.480395,96.22265625
08:00:44,912810TX6,TSRYS5743665,D,S,D,2024-04-05,1000000.00,4.493409,96.015625
08:00:44,912810TX6,TSRYS5743665,D,S,D,2024-04-05,1000000.00,4.493286,96.017578125
08:00:44,912810TX6,TSRYS5743665,D,S,T,2024-04-05,1000000.00,4.473903,96.326171875
08:00:44,912810TX6,TSRYS5743665,D,S,D,2024-04-05,1000000.00,4.48064,96.21875
08:00:44,912810TX6,TSRYS5743665,D,S,D,2024-04-05,1000000.00,4.48064,96.21875
08:00:44,912810TX6,TSRYS5743665,D,S,D,2024-04-05,1000000.00,4.48064,96.21875
08:00:44,912810TX6,TSRYS5743665,D,S,D,2024-04-05,1000000.00,4.48064,96.21875
08:00:44,912810TX6,TSRYS5743665,D,S,D,2024-04-05,1000000.00,4.48064,96.21875
08:00:44,912810TX6,TSRYS5743665,D,S,A,2024-04-05,5000000.00,4.477699,96.265625
08:00:44,912810TX6,TSRYS5743665,D,S,T,2024-04-05,1000000.00,4.47966,96.234375
08:00:44,912810TX6,TSRYS5743665,D,S,T,2024-04-05,1000000.00,4.47966,96.234375
08:00:44,912810TX6,TSRYS5743665,D,S,T,2024-04-05,1000000.00,4.47966,96.234375
08:00:44,912810TX6,TSRYS5743665,D,S,T,2024-04-05,1000000.00,4.48064,96.21875
08:00:44,912810TX6,TSRYS5743665,D,S,T,2024-04-05,1000000.00,4.48064,96.21875
08:00:44,912810TX6,TSRYS5743665,D,S,T,2024-04-05,1000000.00,4.48064,96.21875
08:00:45,912810TX6,TSRYS5743665,D,S,C,2024-04-05,21200000.00,4.483313,96.17618125
08:00:45,912810TX6,TSRYS5743665,D,S,D,2024-04-05,5000000.00,4.493901,96.0078125
08:00:46,912810TX6,TSRYS5743665,D,S,D,2024-04-05,45000.00,4.490213,96.06640625
08:00:46,912810TX6,TSRYS5743665,D,S,D,2024-04-05,1000000.00,4.487757,96.10546875
08:00:46,912810TX6,TSRYS5743665,D,S,T,2024-04-05,1000000.00,4.488493,96.09375
08:00:46,912810TX6,TSRYS5743665,D,S,D,2024-04-05,1000000.00,4.48923,96.08203125
08:00:46,912810TX6,TSRYS5743665,D,S,T,2024-04-05,1000000.00,4.489476,96.078125
08:00:46,912810TX6,TSRYS5743665,D,S,T,2024-04-05,3000000.00,4.489476,96.078125
08:00:46,912810TX6,TSRYS5743665,D,S,T,2024-04-05,1000000.00,4.489476,96.078125
08:00:47,912810TX6,TSRYS5743665,D,S,D,2024-04-05,1000000.00,4.495131,95.98828125
08:00:47,912810TX6,TSRYS5743665,D,S,T,2024-04-05,1000000.00,4.495377,95.984375
08:00:47,912810TX6,TSRYS5743665,D,S,D,2024-04-05,1000000.00,4.495377,95.984375
08:00:47,912810TX6,TSRYS5743665,D,B,A,2024-04-05,5000000.00,4.496361,95.96875
08:00:47,912810TX6,TSRYS5743665,D,S,D,2024-04-05,1000000.00,4.493901,96.0078125
08:00:47,912810TX6,TSRYS5743665,D,S,T,2024-04-05,1000000.00,4.493409,96.015625
08:00:47,912810TX6,TSRYS5743665,D,S,T,2024-04-05,1000000.00,4.493409,96.015625
08:00:47,912810TX6,TSRYS5743665,D,S,D,2024-04-05,1000000.00,4.494393,96.0
08:00:47,912810TX6,TSRYS5743665,D,S,T,2024-04-05,1000000.00,4.495254,95.986328125
08:00:48,912810TX6,TSRYS5743665,D,S,T,2024-04-05,1000000.00,4.493409,96.015625
08:00:48,912810TX6,TSRYS5743665,D,S,D,2024-04-05,1000000.00,4.493655,96.01171875
08:00:48,912810TX6,TSRYS5743665,D,S,T,2024-04-05,1000000.00,4.492794,96.025390625
08:00:49,912810TX6,TSRYS5743665,D,S,A,2024-04-05,6900000.00,4.489476,96.078125
08:00:49,912810TX6,TSRYS5743665,D,S,C,2024-04-05,3471100.00,4.48064,96.21875
08:00:49,912810TX6,TSRYS5743665,D,S,D,2024-04-05,1000000.00,4.491073,96.052734375
08:00:50,912810TX6,TSRYS5743665,D,S,D,2024-04-05,1000000.00,4.492403,96.03125
08:00:50,912810TX6,TSRYS5743665,D,S,D,2024-04-05,1000000.00,4.489476,96.078125
08:00:50,912810TX6,TSRYS5743665,D,S,T,2024-04-05,1000000.00,4.473781,96.328125
08:00:50,912810TX6,TSRYS5743665,D,S,D,2024-04-05,1000000.00,4.473536,96.33203125
08:00:50,912810TX6,TSRYS5743665,D,S,T,2024-04-05,1000000.00,4.473658,96.330078125
08:00:50,912810TX6,TSRYS5743665,D,S,D,2024-04-05,1000000.00,4.472802,96.34375
08:00:50,912810TX6,TSRYS5743665,D,S,D,2024-04-05,1000000.00,4.47525,96.3046875
08:00:50,912810TX6,TSRYS5743665,D,S,D,2024-04-05,1000000.00,4.476229,96.2890625
08:00:50,912810TX6,TSRYS5743665,D,S,T,2024-04-05,1000000.00,4.470967,96.373046875
08:00:50,912810TX6,TSRYS5743665,D,S,T,2024-04-05,1000000.00,4.469866,96.390625
08:00:50,912810TX6,TSRYS5743665,D,B,A,2024-04-05,4000000.00,4.47427,96.3203125
08:00:50,912810TX6,TSRYS5743665,D,S,T,2024-04-05,1000000.00,4.47427,96.3203125
08:00:50,912810TX6,TSRYS5743665,D,S,D,2024-04-05,1000000.00,4.480395,96.22265625
08:00:50,912810TX6,TSRYS5743665,D,S,T,2024-04-05,1000000.00,4.480395,96.22265625
08:00:50,912810TX6,TSRYS5743665,D,S,T,2024-04-05,1000000.00,4.495131,95.98828125
08:00:51,912810TX6,TSRYS5743665,D,S,T,2024-04-05,1000000.00,4.491442,96.046875
08:00:51,912810TX6,TSRYS5743665,D,S,T,2024-04-05,1000000.00,4.492671,96.02734375
08:00:51,912810TX6,TSRYS5743665,D,S,T,2024-04-05,1000000.00,4.492671,96.02734375
08:00:51,912810TX6,TSRYS5743665,D,S,T,2024-04-05,1000000.00,4.492432,96.03115
08:00:51,912810TX6,TSRYS5743665,D,B,A,2024-04-05,20000000.00,4.468406,96.4140625
08:00:51,912810TX6,TSRYS5743665,D,S,T,2024-04-05,1000000.00,4.46791,96.421875
08:00:51,912810TX6,TSRYS5743665,D,S,T,2024-04-05,1000000.00,4.46791,96.421875
08:00:51,912810TX6,TSRYS5743665,D,S,T,2024-04-05,1000000.00,4.46791,96.421875
08:00:51,912810TX6,TSRYS5743665,D,S,T,2024-04-05,2000000.00,4.46791,96.421875
08:00:51,912810TX6,TSRYS5743665,D,S,T,2024-04-05,1000000.00,4.46791,96.421875
08:00:51,912810TX6,TSRYS5743665,D,S,T,2024-04-05,1000000.00,4.491448,96.046775
08:00:51,912810TX6,TSRYS5743665,D,S,T,2024-04-05,1000000.00,4.491448,96.046775
08:00:51,912810TX6,TSRYS5743665,D,S,T,2024-04-05,1000000.00,4.491325,96.048728125
08:00:51,912810TX6,TSRYS5743665,D,S,A,2024-04-05,4000000.00,4.47476,96.3125
08:00:52,912810TX6,TSRYS5743665,D,S,D,2024-04-05,1000000.00,4.480395,96.22265625
08:00:52,912810TX6,TSRYS5743665,D,S,D,2024-04-05,3000000.00,4.478679,96.25
08:00:52,912810TX6,TSRYS5743665,D,S,D,2024-04-05,1000000.00,4.48064,96.21875
08:00:52,912810TX6,TSRYS5743665,D,S,D,2024-04-05,1000000.00,4.48064,96.21875
08:00:52,912810TX6,TSRYS5743665,D,S,D,2024-04-05,1000000.00,4.48064,96.21875
08:00:53,912810TX6,TSRYS5743665,D,S,T,2024-04-05,1000000.00,4.47966,96.234375
08:00:53,912810TX6,TSRYS5743665,D,S,T,2024-04-05,1000000.00,4.47966,96.234375
08:00:53,912810TX6,TSRYS5743665,D,S,T,2024-04-05,1000000.00,4.47966,96.234375
08:00:53,912810TX6,TSRYS5743665,D,S,T,2024-04-05,1000000.00,4.47966,96.234375
08:00:53,912810TX6,TSRYS5743665,D,S,T,2024-04-05,1000000.00,4.48064,96.21875
08:00:53,912810TX6,TSRYS5743665,D,S,T,2024-04-05,1000000.00,4.48064,96.21875
08:00:53,912810TX6,TSRYS5743665,D,S,D,2024-04-05,1000000.00,4.482602,96.1875
08:00:53,912810TX6,TSRYS5743665,D,S,D,2024-04-05,21200000.00,4.483313,96.17618125
08:00:53,912810TX6,TSRYS5743665,D,B,A,2024-04-05,4000000.00,4.490705,96.058594
08:00:53,912810TX6,TSRYS5743665,D,B,A,2024-04-05,1000000.00,4.492425,96.03125
08:00:54,912810TX6,TSRYS5743665,D,B,C,2024-04-05,31470000.00,4.492942,96.0230375
08:00:54,912810TX6,TSRYS5743665,D,S,T,2024-04-05,2000000.00,4.492425,96.03125
08:00:54,912810TX6,TSRYS5743665,D,S,T,2024-04-05,1000000.00,4.493409,96.015625
08:00:54,912810TX6,TSRYS5743665,D,S,T,2024-04-05,1000000.00,4.493409,96.015625
08:00:54,912810TX6,TSRYS5743665,D,S,T,2024-04-05,1000000.00,4.494393,96.0
08:00:54,912810TX6,TSRYS5743665,D,S,A,2024-04-05,111000.00,4.472802,96.34375
08:00:55,912810TX6,TSRYS5743665,D,B,A,2024-04-05,6289000.00,4.48923,96.08203125
08:00:55,912810TX6,TSRYS5743665,D,S,T,2024-04-05,1000000.00,4.488616,96.091796875
08:00:55,912810TX6,TSRYS5743665,D,S,T,2024-04-05,1000000.00,4.487511,96.109375
08:00:55,912810TX6,TSRYS5743665,D,S,T,2024-04-05,1000000.00,4.488493,96.09375
08:00:55,912810TX6,TSRYS5743665,D,S,T,2024-04-05,1000000.00,4.488493,96.09375
08:00:55,912810TX6,TSRYS5743665,D,S,T,2024-04-05,1000000.00,4.488493,96.09375
08:00:55,912810TX6,TSRYS5743665,D,S,T,2024-04-05,1000000.00,4.489476,96.078125
08:00:55,912810TX6,TSRYS5743665,D,S,T,2024-04-05,1000000.00,4.489476,96.078125
08:00:55,912810TX6,TSRYS5743665,D,S,T,2024-04-05,1000000.00,4.489476,96.078125
08:00:55,912810TX6,TSRYS5743665,D,B,A,2024-04-05,4100000.00,4.497112,95.95683125
08:00:55,912810TX6,TSRYS5743665,D,S,T,2024-04-05,1000000.00,4.495377,95.984375
08:00:56,912810TX6,TSRYS5743665,D,S,D,2024-04-05,1000000.00,4.493409,96.015625
08:00:56,912810TX6,TSRYS5743665,D,S,A,2024-04-05,5000000.00,4.496123,95.97265625
08:00:56,912810TX6,TSRYS5743665,D,S,D,2024-04-05,1000000.00,4.494639,95.99609375
08:00:56,912810TX6,TSRYS5743665,D,S,T,2024-04-05,1000000.00,4.494885,95.9921875
08:00:56,912810TX6,TSRYS5743665,D,S,T,2024-04-05,1000000.00,4.494885,95.9921875
08:00:56,912810TX6,TSRYS5743665,D,S,D,2024-04-05,1000000.00,4.495131,95.98828125
08:00:56,912810TX6,TSRYS5743665,D,S,T,2024-04-05,1000000.00,4.493286,96.017578125
08:00:57,912810TX6,TSRYS5743665,D,S,D,2024-04-05,1000000.00,4.492671,96.02734375
08:00:57,912810TX6,TSRYS5743665,D,S,T,2024-04-05,1000000.00,4.485553,96.140523
08:00:57,912810TX6,TSRYS5743665,D,S,D,2024-04-05,7000000.00,4.48792,96.102864583
08:00:58,912810TX6,TSRYS5743665,D,S,C,2024-04-05,1575000.00,4.491442,96.046875
08:00:58,912810TX6,TSRYS5743665,D,S,A,2024-04-05,10000000.00,4.489476,96.078125
08:00:58,912810TX6,TSRYS5743665,D,S,D,2024-04-05,1000000.00,4.492917,96.0234375
08:00:58,912810TX6,TSRYS5743665,D,S,T,2024-04-05,1000000.00,4.495377,95.984375
08:00:58,912810TX6,TSRYS5743665,D,S,C,2024-04-05,1635000.00,4.494368,96.0004
08:00:58,912810TX6,TSRYS5743665,D,S,T,2024-04-05,1000000.00,4.491442,96.046875
08:00:58,912810TX6,TSRYS5743665,D,S,D,2024-04-05,800000.00,4.491934,96.0390625
08:00:59,912810TX6,TSRYS5743665,D,S,C,2024-04-05,34000000.00,4.492425,96.03125
08:01:00,912810TX6,TSRYS5743665,D,S,C,2024-04-05,1000000.00,4.46791,96.421875
08:01:00,912810TX6,TSRYS5743665,D,S,C,2024-04-05,1000000.00,4.46791,96.421875
08:01:00,912810TX6,TSRYS5743665,D,S,C,2024-04-05,1000000.00,4.468888,96.40625
08:01:00,912810TX6,TSRYS5743665,D,S,D,2024-04-05,1000000.00,4.473536,96.33203125
08:01:00,912810TX6,TSRYS5743665,D,S,D,2024-04-05,1000000.00,4.47525,96.3046875
08:01:00,912810TX6,TSRYS5743665,D,S,D,2024-04-05,1000000.00,4.472802,96.34375
08:01:00,912810TX6,TSRYS5743665,D,S,D,2024-04-05,1000000.00,4.476229,96.2890625
08:01:00,912810TX6,TSRYS5743665,D,S,D,2024-04-05,1000000.00,4.468888,96.40625
08:01:00,912810TX6,TSRYS5743665,D,S,D,2024-04-05,1000000.00,4.477699,96.265625
08:01:00,912810TX6,TSRYS5743665,D,S,D,2024-04-05,1000000.00,4.470844,96.375
08:01:00,912810TX6,TSRYS5743665,D,S,D,2024-04-05,1000000.00,4.469622,96.39453125
08:01:00,912810TX6,TSRYS5743665,D,S,D,2024-04-05,1000000.00,4.472802,96.34375
08:01:00,912810TX6,TSRYS5743665,D,B,C,2024-04-05,11700000.00,4.493667,96.01151875
08:01:00,912810TX6,TSRYS5743665,D,S,D,2024-04-05,1000000.00,4.472802,96.34375
08:01:00,912810TX6,TSRYS5743665,D,S,D,2024-04-05,1000000.00,4.47427,96.3203125
08:01:00,912810TX6,TSRYS5743665,D,S,D,2024-04-05,1000000.00,4.469866,96.390625
08:01:00,912810TX6,TSRYS5743665,D,S,D,2024-04-05,1000000.00,4.472802,96.34375
08:01:00,912810TX6,TSRYS5743665,D,S,D,2024-04-05,1000000.00,4.468888,96.40625
08:01:00,912810TX6,TSRYS5743665,D,S,D,2024-04-05,2000000.00,4.47525,96.3046875
08:01:00,912810TX6,TSRYS5743665,D,S,D,2024-04-05,1000000.00,4.472557,96.34765625
08:01:00,912810TX6,TSRYS5743665,D,S,D,2024-04-05,1000000.00,4.470844,96.375
08:01:00,912810TX6,TSRYS5743665,D,S,D,2024-04-05,1000000.00,4.480395,96.22265625
08:01:00,912810TX6,TSRYS5743665,D,S,D,2024-04-05,1000000.00,4.472557,96.34765625
08:01:02,912810TX6,TSRYS5743665,D,S,T,2024-04-05,1000000.00,4.481866,96.19921875
08:01:02,912810TX6,TSRYS5743665,D,S,T,2024-04-05,1000000.00,4.481989,96.197265625
08:01:02,912810TX6,TSRYS5743665,D,S,T,2024-04-05,1000000.00,4.482112,96.1953125
08:01:02,912810TX6,TSRYS5743665,D,S,T,2024-04-05,1000000.00,4.482234,96.193359375
08:01:02,912810TX6,TSRYS5743665,D,S,T,2024-04-05,1000000.00,4.482234,96.193359375
08:01:02,912810TX6,TSRYS5743665,D,S,T,2024-04-05,1000000.00,4.482357,96.19140625
08:01:02,912810TX6,TSRYS5743665,D,S,T,2024-04-05,1000000.00,4.48248,96.189453125
08:01:02,912810TX6,TSRYS5743665,D,B,A,2024-04-05,1926000.00,4.489476,96.078125
08:01:02,912810TX6,TSRYS5743665,D,S,T,2024-04-05,3000000.00,4.482602,96.1875
08:01:02,912810TX6,TSRYS5743665,D,S,T,2024-04-05,1000000.00,4.482602,96.1875
08:01:02,912810TX6,TSRYS5743665,D,S,T,2024-04-05,1000000.00,4.482602,96.1875
08:01:02,912810TX6,TSRYS5743665,D,S,T,2024-04-05,1000000.00,4.482609,96.187398
08:01:02,912810TX6,TSRYS5743665,D,S,T,2024-04-05,1000000.00,4.482609,96.187398
08:01:02,912810TX6,TSRYS5743665,D,S,T,2024-04-05,1000000.00,4.482609,96.187398
08:01:02,912810TX6,TSRYS5743665,D,S,T,2024-04-05,1000000.00,4.482609,96.187398
08:01:02,912810TX6,TSRYS5743665,D,S,T,2024-04-05,1000000.00,4.482609,96.187398
08:01:02,912810TX6,TSRYS5743665,D,S,T,2024-04-05,1000000.00,4.482609,96.187398
08:01:02,912810TX6,TSRYS5743665,D,S,T,2024-04-05,1000000.00,4.482609,96.187398
08:01:02,912810TX6,TSRYS5743665,D,S,T,2024-04-05,1000000.00,4.482609,96.187398
08:01:02,912810TX6,TSRYS5743665,D,S,T,2024-04-05,1000000.00,4.482609,96.187398
08:01:02,912810TX6,TSRYS5743665,D,S,T,2024-04-05,1000000.00,4.482609,96.187398
08:01:02,912810TX6,TSRYS5743665,D,S,T,2024-04-05,1000000.00,4.482609,96.187398
08:01:02,912810TX6,TSRYS5743665,D,S,T,2024-04-05,1000000.00,4.482609,96.187398
08:01:02,912810TX6,TSRYS5743665,D,S,T,2024-04-05,1000000.00,4.482609,96.187398
08:01:02,912810TX6,TSRYS5743665,D,S,T,2024-04-05,1000000.00,4.482609,96.187398
08:01:02,912810TX6,TSRYS5743665,D,S,T,2024-04-05,1000000.00,4.482609,96.187398
08:01:02,912810TX6,TSRYS5743665,D,S,T,2024-04-05,1000000.00,4.482609,96.187398
08:01:02,912810TX6,TSRYS5743665,D,S,T,2024-04-05,1000000.00,4.48359,96.171773
08:01:03,912810TX6,TSRYS5743665,D,S,T,2024-04-05,1000000.00,4.48359,96.171773
08:01:03,912810TX6,TSRYS5743665,D,S,T,2024-04-05,1000000.00,4.48359,96.171773
08:01:03,912810TX6,TSRYS5743665,D,S,T,2024-04-05,1000000.00,4.48359,96.171773
08:01:03,912810TX6,TSRYS5743665,D,S,T,2024-04-05,1000000.00,4.482609,96.187398
08:01:03,912810TX6,TSRYS5743665,D,S,T,2024-04-05,1000000.00,4.482609,96.187398
08:01:03,912810TX6,TSRYS5743665,D,S,T,2024-04-05,1000000.00,4.483338,96.17578125
08:01:03,912810TX6,TSRYS5743665,D,S,T,2024-04-05,1000000.00,4.483461,96.173828125
08:01:03,912810TX6,TSRYS5743665,D,S,T,2024-04-05,1000000.00,4.483584,96.171875
08:01:03,912810TX6,TSRYS5743665,D,S,T,2024-04-05,1000000.00,4.48359,96.171773
08:01:03,912810TX6,TSRYS5743665,D,S,T,2024-04-05,1000000.00,4.482609,96.187398
08:01:03,912810TX6,TSRYS5743665,D,S,T,2024-04-05,1000000.00,4.482609,96.187398
08:01:03,912810TX6,TSRYS5743665,D,S,T,2024-04-05,1000000.00,4.482609,96.187398
08:01:03,912810TX6,TSRYS5743665,D,S,C,2024-04-05,5000000.00,4.491934,96.0390625
08:01:07,912810TX6,TSRYS5743665,D,S,A,2024-04-05,21900000.00,4.476939,96.27774375
08:01:07,912810TX6,TSRYS5743665,D,B,C,2024-04-05,1000000.00,4.475005,96.30859375
08:01:07,912810TX6,TSRYS5743665,D,S,D,2024-04-05,1000000.00,4.47476,96.3125
08:01:07,912810TX6,TSRYS5743665,D,S,D,2024-04-05,1000000.00,4.47966,96.234375
08:01:07,912810TX6,TSRYS5743665,D,S,D,2024-04-05,1000000.00,4.476229,96.2890625
08:01:07,912810TX6,TSRYS5743665,D,S,D,2024-04-05,1000000.00,4.473781,96.328125
08:01:07,912810TX6,TSRYS5743665,D,S,C,2024-04-05,1000000.00,4.48064,96.21875
08:01:07,912810TX6,TSRYS5743665,D,B,C,2024-04-05,1000000.00,4.473781,96.328125
08:01:07,912810TX6,TSRYS5743665,D,B,C,2024-04-05,1000000.00,4.48064,96.21875
08:01:07,912810TX6,TSRYS5743665,D,S,D,2024-04-05,1000000.00,4.472312,96.3515625
08:01:07,912810TX6,TSRYS5743665,D,S,D,2024-04-05,1000000.00,4.473781,96.328125
08:01:07,912810TX6,TSRYS5743665,D,S,D,2024-04-05,1000000.00,4.48015,96.2265625
08:01:07,912810TX6,TSRYS5743665,D,S,D,2024-04-05,1000000.00,4.47525,96.3046875
08:01:07,912810TX6,TSRYS5743665,D,S,D,2024-04-05,1000000.00,4.490705,96.05859375
08:01:07,912810TX6,TSRYS5743665,D,S,D,2024-04-05,1000000.00,4.47476,96.3125
08:01:07,912810TX6,TSRYS5743665,D,S,D,2024-04-05,1000000.00,4.480395,96.22265625
08:01:07,912810TX6,TSRYS5743665,D,S,D,2024-04-05,1000000.00,4.47917,96.2421875
08:01:07,912810TX6,TSRYS5743665,D,S,C,2024-04-05,1000000.00,4.476719,96.28125
08:01:07,912810TX6,TSRYS5743665,D,S,D,2024-04-05,1000000.00,4.48015,96.2265625
08:01:07,912810TX6,TSRYS5743665,D,S,D,2024-04-05,1000000.00,4.48064,96.21875
08:01:07,912810TX6,TSRYS5743665,D,B,C,2024-04-05,1000000.00,4.488985,96.0859375
08:01:07,912810TX6,TSRYS5743665,D,S,D,2024-04-05,2000000.00,4.47966,96.234375
08:01:07,912810TX6,TSRYS5743665,D,S,D,2024-04-05,1000000.00,4.481621,96.203125
08:01:07,912810TX6,TSRYS5743665,D,S,D,2024-04-05,1000000.00,4.495131,95.98828125
08:01:07,912810TX6,TSRYS5743665,D,S,D,2024-04-05,1000000.00,4.480395,96.22265625
08:01:08,912810TX6,TSRYS5743665,D,S,D,2024-04-05,1000000.00,4.48015,96.2265625
08:01:08,912810TX6,TSRYS5743665,D,S,D,2024-04-05,1000000.00,4.494885,95.9921875
08:01:08,912810TX6,TSRYS5743665,D,B,C,2024-04-05,1944000.00,4.496115,95.97265625
08:01:09,912810TX6,TSRYS5743665,D,S,D,2024-04-05,1000000.00,4.494147,96.00390625
08:01:09,912810TX6,TSRYS5743665,D,S,D,2024-04-05,1000000.00,4.482602,96.1875
08:01:09,912810TX6,TSRYS5743665,D,S,D,2024-04-05,1000000.00,4.48481,96.15234375
08:01:09,912810TX6,TSRYS5743665,D,S,D,2024-04-05,1000000.00,4.48015,96.2265625
08:01:09,912810TX6,TSRYS5743665,D,S,D,2024-04-05,1000000.00,4.49095,96.0546875
08:01:09,912810TX6,TSRYS5743665,D,S,D,2024-04-05,1000000.00,4.48481,96.15234375
08:01:09,912810TX6,TSRYS5743665,D,S,D,2024-04-05,1000000.00,4.48923,96.08203125
08:01:09,912810TX6,TSRYS5743665,D,S,D,2024-04-05,1000000.00,4.49095,96.0546875
08:01:09,912810TX6,TSRYS5743665,D,S,D,2024-04-05,1000000.00,4.489967,96.0703125
08:01:09,912810TX6,TSRYS5743665,D,S,D,2024-04-05,1000000.00,4.487757,96.10546875
08:01:09,912810TX6,TSRYS5743665,D,S,D,2024-04-05,1000000.00,4.492671,96.02734375
08:01:09,912810TX6,TSRYS5743665,D,S,D,2024-04-05,1000000.00,4.49095,96.0546875
08:01:09,912810TX6,TSRYS5743665,D,S,D,2024-04-05,1000000.00,4.492425,96.03125
08:01:09,912810TX6,TSRYS5743665,D,S,D,2024-04-05,1000000.00,4.494885,95.9921875
08:01:09,912810TX6,TSRYS5743665,D,S,D,2024-04-05,1000000.00,4.494639,95.99609375
08:01:09,912810TX6,TSRYS5743665,D,B,C,2024-04-05,1000000.00,4.492425,96.03125
08:01:09,912810TX6,TSRYS5743665,D,S,D,2024-04-05,1000000.00,4.494639,95.99609375
08:01:09,912810TX6,TSRYS5743665,D,S,D,2024-04-05,1000000.00,4.494885,95.9921875
08:01:09,912810TX6,TSRYS5743665,D,S,D,2024-04-05,1000000.00,4.492917,96.0234375
08:01:09,912810TX6,TSRYS5743665,D,S,D,2024-04-05,1000000.00,4.493409,96.015625
08:01:09,912810TX6,TSRYS5743665,D,S,D,2024-04-05,1000000.00,4.494885,95.9921875
08:01:09,912810TX6,TSRYS5743665,D,S,D,2024-04-05,1000000.00,4.493901,96.0078125
08:01:09,912810TX6,TSRYS5743665,D,S,D,2024-04-05,1000000.00,4.48923,96.08203125
08:01:09,912810TX6,TSRYS5743665,D,S,D,2024-04-05,1000000.00,4.473781,96.328125
08:01:09,912810TX6,TSRYS5743665,D,S,D,2024-04-05,1000000.00,4.494393,96.0
08:01:09,912810TX6,TSRYS5743665,D,S,D,2024-04-05,1000000.00,4.492917,96.0234375
08:01:09,912810TX6,TSRYS5743665,D,S,D,2024-04-05,1000000.00,4.471823,96.359375
08:01:09,912810TX6,TSRYS5743665,D,S,D,2024-04-05,1000000.00,4.492671,96.02734375
08:01:09,912810TX6,TSRYS5743665,D,S,D,2024-04-05,1000000.00,4.478189,96.2578125
08:01:09,912810TX6,TSRYS5743665,D,S,D,2024-04-05,1000000.00,4.475005,96.30859375
08:01:09,912810TX6,TSRYS5743665,D,S,D,2024-04-05,1000000.00,4.493655,96.01171875
08:01:09,912810TX6,TSRYS5743665,D,S,T,2024-04-05,1000000.00,4.494024,96.005859375
08:01:09,912810TX6,TSRYS5743665,D,S,D,2024-04-05,1000000.00,4.492425,96.03125
08:01:09,912810TX6,TSRYS5743665,D,S,D,2024-04-05,1000000.00,4.480395,96.22265625
08:01:09,912810TX6,TSRYS5743665,D,S,T,2024-04-05,1000000.00,4.494147,96.00390625
08:01:09,912810TX6,TSRYS5743665,D,S,D,2024-04-05,1000000.00,4.492425,96.03125
08:01:09,912810TX6,TSRYS5743665,D,S,D,2024-04-05,1000000.00,4.480395,96.22265625
08:01:09,912810TX6,TSRYS5743665,D,S,D,2024-04-05,1000000.00,4.47525,96.3046875
08:01:09,912810TX6,TSRYS5743665,D,S,D,2024-04-05,1000000.00,4.480395,96.22265625
08:01:09,912810TX6,TSRYS5743665,D,B,C,2024-04-05,1000000.00,4.48015,96.2265625
08:01:09,912810TX6,TSRYS5743665,D,S,D,2024-04-05,1000000.00,4.48064,96.21875
08:01:09,912810TX6,TSRYS5743665,D,S,D,2024-04-05,1000000.00,4.490705,96.05859375
08:01:09,912810TX6,TSRYS5743665,D,B,C,2024-04-05,1000000.00,4.481621,96.203125
08:01:09,912810TX6,TSRYS5743665,D,S,D,2024-04-05,1000000.00,4.482602,96.1875
08:01:09,912810TX6,TSRYS5743665,D,S,D,2024-04-05,1000000.00,4.48923,96.08203125
08:01:09,912810TX6,TSRYS5743665,D,S,D,2024-04-05,1000000.00,4.482602,96.1875
08:01:10,912810TX6,TSRYS5743665,D,S,D,2024-04-05,1000000.00,4.49095,96.0546875
08:01:10,912810TX6,TSRYS5743665,D,S,D,2024-04-05,1000000.00,4.495377,95.984375
08:01:10,912810TX6,TSRYS5743665,D,S,D,2024-04-05,1000000.00,4.49095,96.0546875
08:01:10,912810TX6,TSRYS5743665,D,S,D,2024-04-05,1000000.00,4.494885,95.9921875
08:01:10,912810TX6,TSRYS5743665,D,S,D,2024-04-05,1000000.00,4.488985,96.0859375
08:01:10,912810TX6,TSRYS5743665,D,S,D,2024-04-05,1000000.00,4.495131,95.98828125
08:01:10,912810TX6,TSRYS5743665,D,S,D,2024-04-05,1000000.00,4.494639,95.99609375
08:01:10,912810TX6,TSRYS5743665,D,S,D,2024-04-05,1000000.00,4.489967,96.0703125
08:01:10,912810TX6,TSRYS5743665,D,S,D,2024-04-05,1000000.00,4.494639,95.99609375
08:01:10,912810TX6,TSRYS5743665,D,S,D,2024-04-05,1000000.00,4.495869,95.9765625
08:01:10,912810TX6,TSRYS5743665,D,B,C,2024-04-05,1000000.00,4.492671,96.02734375
08:01:10,912810TX6,TSRYS5743665,D,B,C,2024-04-05,1000000.00,4.492425,96.03125
08:01:10,912810TX6,TSRYS5743665,D,S,D,2024-04-05,1000000.00,4.493901,96.0078125
08:01:10,912810TX6,TSRYS5743665,D,S,D,2024-04-05,1000000.00,4.494639,95.99609375
08:01:10,912810TX6,TSRYS5743665,D,B,C,2024-04-05,1000000.00,4.476474,96.28515625
08:01:10,912810TX6,TSRYS5743665,D,S,D,2024-04-05,1000000.00,4.476474,96.28515625
08:01:10,912810TX6,TSRYS5743665,D,S,D,2024-04-05,1000000.00,4.476719,96.28125
08:01:10,912810TX6,TSRYS5743665,D,S,D,2024-04-05,1000000.00,4.492917,96.0234375
08:01:10,912810TX6,TSRYS5743665,D,B,C,2024-04-05,1000000.00,4.492671,96.02734375
08:01:10,912810TX6,TSRYS5743665,D,S,D,2024-04-05,1000000.00,4.492671,96.02734375
08:01:10,912810TX6,TSRYS5743665,D,S,C,2024-04-05,1000000.00,4.476719,96.28145
08:01:10,912810TX6,TSRYS5743665,D,B,A,2024-04-05,18000.00,4.493901,96.0078125
08:01:11,912810TX6,TSRYS5743665,D,S,T,2024-04-05,1000000.00,4.4885,96.093648
08:01:11,912810TX6,TSRYS5743665,D,S,T,2024-04-05,1000000.00,4.4885,96.093648
08:01:11,912810TX6,TSRYS5743665,D,S,T,2024-04-05,1000000.00,4.488125,96.099609375
08:01:11,912810TX6,TSRYS5743665,D,S,D,2024-04-05,1000000.00,4.48015,96.2265625
08:01:11,912810TX6,TSRYS5743665,D,S,D,2024-04-05,1000000.00,4.48015,96.2265625
08:01:11,912810TX6,TSRYS5743665,D,S,D,2024-04-05,1000000.00,4.48015,96.2265625
08:01:11,912810TX6,TSRYS5743665,D,S,D,2024-04-05,1000000.00,4.482602,96.1875
08:01:11,912810TX6,TSRYS5743665,D,S,D,2024-04-05,1000000.00,4.482602,96.1875
08:01:11,912810TX6,TSRYS5743665,D,S,D,2024-04-05,1000000.00,4.482602,96.1875
08:01:11,912810TX6,TSRYS5743665,D,S,D,2024-04-05,1000000.00,4.489967,96.0703125
08:01:11,912810TX6,TSRYS5743665,D,S,T,2024-04-05,5000000.00,4.480279,96.224509375
08:01:11,912810TX6,TSRYS5743665,D,S,T,2024-04-05,1000000.00,4.482609,96.1874
08:01:12,912810TX6,TSRYS5743665,D,S,T,2024-04-05,1000000.00,4.489482,96.078025
08:01:12,912810TX6,TSRYS5743665,D,S,T,2024-04-05,1000000.00,4.489482,96.078025
08:01:12,912810TX6,TSRYS5743665,D,S,T,2024-04-05,1000000.00,4.488991,96.0858375
08:01:12,912810TX6,TSRYS5743665,D,S,T,2024-04-05,1000000.00,4.482616,96.187275
08:01:12,912810TX6,TSRYS5743665,D,S,T,2024-04-05,2000000.00,4.482616,96.187275
08:01:13,912810TX6,TSRYS5743665,D,S,C,2024-04-05,2000000.00,4.476129,96.2906616
08:01:13,912810TX6,TSRYS5743665,D,S,C,2024-04-05,1000000.00,4.474995,96.3087447
08:01:13,912810TX6,TSRYS5743665,D,S,C,2024-04-05,3000000.00,4.478797,96.2481178
08:01:13,912810TX6,TSRYS5743665,D,S,D,2024-04-05,1000000.00,4.472758,96.34445
08:01:13,912810TX6,TSRYS5743665,D,S,D,2024-04-05,1000000.00,4.474716,96.3132
08:01:13,912810TX6,TSRYS5743665,D,S,D,2024-04-05,1000000.00,4.471779,96.360075
08:01:13,912810TX6,TSRYS5743665,D,S,D,2024-04-05,1000000.00,4.474716,96.3132
08:01:13,912810TX6,TSRYS5743665,D,S,D,2024-04-05,1000000.00,4.486117,96.1315594
08:01:13,912810TX6,TSRYS5743665,D,S,C,2024-04-05,2000000.00,4.48928,96.0812489
08:01:13,912810TX6,TSRYS5743665,D,S,T,2024-04-05,1000000.00,4.493409,96.015625
08:01:13,912810TX6,TSRYS5743665,D,S,C,2024-04-05,35000000.00,4.494538,95.997696
08:01:13,912810TX6,TSRYS5743665,D,S,C,2024-04-05,3000000.00,4.491445,96.0468208
08:01:14,912810TX6,TSRYS5743665,D,B,A,2024-04-05,31470000.00,4.49491,95.9917875
08:01:14,912810TX6,TSRYS5743665,D,S,T,2024-04-05,1000000.00,4.492425,96.03125
08:01:14,912810TX6,TSRYS5743665,D,S,T,2024-04-05,1000000.00,4.492425,96.03125
08:01:14,912810TX6,TSRYS5743665,D,S,T,2024-04-05,1000000.00,4.492425,96.03125
08:01:14,912810TX6,TSRYS5743665,D,B,C,2024-04-05,2200000.00,4.507204,95.796475
08:01:15,912810TX6,TSRYS5743665,D,S,T,2024-04-05,1000000.00,4.487757,96.10546875
08:01:15,912810TX6,TSRYS5743665,D,S,T,2024-04-05,1000000.00,4.494399,95.999898
08:01:15,912810TX6,TSRYS5743665,D,S,T,2024-04-05,1000000.00,4.494399,95.999898
08:01:15,912810TX6,TSRYS5743665,D,S,T,2024-04-05,1000000.00,4.494399,95.999898
08:01:16,912810TX6,TSRYS5743665,D,S,T,2024-04-05,3000000.00,4.494399,95.999898
08:01:16,912810TX6,TSRYS5743665,D,S,T,2024-04-05,1000000.00,4.49427,96.001953125
08:01:16,912810TX6,TSRYS5743665,D,S,C,2024-04-05,3000000.00,4.492671,96.02734375
08:01:16,912810TX6,TSRYS5743665,D,S,T,2024-04-05,1000000.00,4.494393,96.0
08:01:16,912810TX6,TSRYS5743665,D,S,T,2024-04-05,1000000.00,4.494399,95.999898
08:01:16,912810TX6,TSRYS5743665,D,S,T,2024-04-05,1000000.00,4.494399,95.999898
08:01:16,912810TX6,TSRYS5743665,D,S,T,2024-04-05,1000000.00,4.494399,95.999898
08:01:16,912810TX6,TSRYS5743665,D,S,T,2024-04-05,1000000.00,4.494399,95.999898
08:01:16,912810TX6,TSRYS5743665,D,S,T,2024-04-05,1000000.00,4.493409,96.015625
08:01:16,912810TX6,TSRYS5743665,D,B,A,2024-04-05,3000000.00,4.492671,96.02734375
08:01:16,912810TX6,TSRYS5743665,D,S,T,2024-04-05,1000000.00,4.493409,96.015625
08:01:16,912810TX6,TSRYS5743665,D,S,T,2024-04-05,1000000.00,4.493415,96.015523
08:01:16,912810TX6,TSRYS5743665,D,S,D,2024-04-05,22000000.00,4.492425,96.03125
08:01:16,912810TX6,TSRYS5743665,D,S,T,2024-04-05,1000000.00,4.493415,96.015523
08:01:16,912810TX6,TSRYS5743665,D,S,T,2024-04-05,2000000.00,4.493415,96.015523
08:01:16,912810TX6,TSRYS5743665,D,S,A,2024-04-05,8000000.00,4.494885,95.9921875
08:01:16,912810TX6,TSRYS5743665,D,S,T,2024-04-05,1000000.00,4.493286,96.017578125
08:01:16,912810TX6,TSRYS5743665,D,S,T,2024-04-05,1000000.00,4.493409,96.015625
08:01:16,912810TX6,TSRYS5743665,D,S,T,2024-04-05,1000000.00,4.493415,96.015523
08:01:16,912810TX6,TSRYS5743665,D,S,T,2024-04-05,1000000.00,4.493415,96.015523
08:01:16,912810TX6,TSRYS5743665,D,S,T,2024-04-05,1000000.00,4.493415,96.015523
08:01:16,912810TX6,TSRYS5743665,D,S,D,2024-04-05,1000000.00,4.475005,96.30859375
08:01:16,912810TX6,TSRYS5743665,D,S,D,2024-04-05,1000000.00,4.475127,96.30664062
08:01:16,912810TX6,TSRYS5743665,D,S,C,2024-04-05,3000000.00,4.481449,96.20587
08:01:17,912810TX6,TSRYS5743665,D,B,C,2024-04-05,2000000.00,4.467167,96.43375
08:01:17,912810TX6,TSRYS5743665,D,S,C,2024-04-05,3000000.00,4.468966,96.405
08:01:17,912810TX6,TSRYS5743665,D,B,C,2024-04-05,2000000.00,4.478679,96.25
08:01:17,912810TX6,TSRYS5743665,D,B,C,2024-04-05,1000000.00,4.488002,96.1015625
08:01:17,912810TX6,TSRYS5743665,D,S,D,2024-04-05,1000000.00,4.488002,96.1015625
08:01:17,912810TX6,TSRYS5743665,D,B,C,2024-04-05,1000000.00,4.488002,96.1015625
08:01:17,912810TX6,TSRYS5743665,D,S,D,2024-04-05,1000000.00,4.488002,96.1015625
08:01:17,912810TX6,TSRYS5743665,D,B,C,2024-04-05,1000000.00,4.488002,96.1015625
08:01:17,912810TX6,TSRYS5743665,D,S,D,2024-04-05,1000000.00,4.488002,96.1015625
08:01:17,912810TX6,TSRYS5743665,D,S,D,2024-04-05,1000000.00,4.488002,96.1015625
08:01:17,912810TX6,TSRYS5743665,D,B,C,2024-04-05,1000000.00,4.488002,96.1015625
08:01:17,912810TX6,TSRYS5743665,D,B,C,2024-04-05,1000000.00,4.488002,96.1015625
08:01:17,912810TX6,TSRYS5743665,D,S,D,2024-04-05,1000000.00,4.488002,96.1015625
08:01:17,912810TX6,TSRYS5743665,D,S,D,2024-04-05,1000000.00,4.488493,96.09375
08:01:17,912810TX6,TSRYS5743665,D,B,C,2024-04-05,1000000.00,4.488493,96.09375
08:01:17,912810TX6,TSRYS5743665,D,S,D,2024-04-05,1000000.00,4.467299,96.43164062
08:01:17,912810TX6,TSRYS5743665,D,S,D,2024-04-05,1000000.00,4.472312,96.3515625
08:01:17,912810TX6,TSRYS5743665,D,S,D,2024-04-05,1000000.00,4.47525,96.3046875
08:01:17,912810TX6,TSRYS5743665,D,S,T,2024-04-05,1000000.00,4.47525,96.3046875
08:01:17,912810TX6,TSRYS5743665,D,S,C,2024-04-05,1000000.00,4.475451,96.30148
08:01:17,912810TX6,TSRYS5743665,D,S,D,2024-04-05,1000000.00,4.473903,96.32617187
08:01:17,912810TX6,TSRYS5743665,D,S,D,2024-04-05,1000000.00,4.473903,96.32617187
08:01:17,912810TX6,TSRYS5743665,D,B,C,2024-04-05,1000000.00,4.477577,96.26757812
08:01:18,912810TX6,TSRYS5743665,D,S,D,2024-04-05,1000000.00,4.477699,96.265625
08:01:18,912810TX6,TSRYS5743665,D,S,T,2024-04-05,1000000.00,4.477699,96.265625
08:01:18,912810TX6,TSRYS5743665,D,B,C,2024-04-05,1000000.00,4.488493,96.09375
08:01:18,912810TX6,TSRYS5743665,D,S,D,2024-04-05,1000000.00,4.488493,96.09375
08:01:18,912810TX6,TSRYS5743665,D,S,D,2024-04-05,1000000.00,4.489722,96.07421875
08:01:18,912810TX6,TSRYS5743665,D,B,C,2024-04-05,1000000.00,4.488739,96.08984375
08:01:18,912810TX6,TSRYS5743665,D,S,C,2024-04-05,1000000.00,4.488739,96.08984375
08:01:18,912810TX6,TSRYS5743665,D,S,C,2024-04-05,10000000.00,4.4924,96.03165
08:01:18,912810TX6,TSRYS5743665,D,S,C,2024-04-05,2000000.00,4.478635,96.2507
08:01:18,912810TX6,TSRYS5743665,D,S,C,2024-04-05,1000000.00,4.492917,96.0234375
08:01:18,912810TX6,TSRYS5743665,D,S,A,2024-04-05,2000000.00,4.492425,96.03125
08:01:18,912810TX6,TSRYS5743665,D,S,D,2024-04-05,1000000.00,4.477699,96.265625
08:01:18,912810TX6,TSRYS5743665,D,S,C,2024-04-05,2000000.00,4.489722,96.07421875
08:01:18,912810TX6,TSRYS5743665,D,S,D,2024-04-05,1000000.00,4.489722,96.07421875
08:01:18,912810TX6,TSRYS5743665,D,B,C,2024-04-05,1000000.00,4.489722,96.07421875
08:01:18,912810TX6,TSRYS5743665,D,B,C,2024-04-05,2000000.00,4.489722,96.07421875
08:01:18,912810TX6,TSRYS5743665,D,B,C,2024-04-05,1000000.00,4.489722,96.07421875
08:01:18,912810TX6,TSRYS5743665,D,B,C,2024-04-05,1000000.00,4.489476,96.078125
08:01:18,912810TX6,TSRYS5743665,D,S,D,2024-04-05,1000000.00,4.489722,96.07421875
08:01:18,912810TX6,TSRYS5743665,D,S,D,2024-04-05,1000000.00,4.489476,96.078125
08:01:18,912810TX6,TSRYS5743665,D,S,T,2024-04-05,1000000.00,4.485915,96.13476562
08:01:18,912810TX6,TSRYS5743665,D,S,T,2024-04-05,1000000.00,4.485915,96.13476562
08:01:19,912810TX6,TSRYS5743665,D,S,D,2024-04-05,1000000.00,4.491196,96.05078125
08:01:19,912810TX6,TSRYS5743665,D,B,C,2024-04-05,1000000.00,4.491196,96.05078125
08:01:19,912810TX6,TSRYS5743665,D,B,C,2024-04-05,1000000.00,4.481008,96.21289062
08:01:19,912810TX6,TSRYS5743665,D,S,T,2024-04-05,1000000.00,4.492425,96.03125
08:01:19,912810TX6,TSRYS5743665,D,S,T,2024-04-05,1000000.00,4.492425,96.03125
08:01:19,912810TX6,TSRYS5743665,D,S,D,2024-04-05,1000000.00,4.491934,96.0390625
08:01:19,912810TX6,TSRYS5743665,D,S,T,2024-04-05,1000000.00,4.490459,96.0625
08:01:19,912810TX6,TSRYS5743665,D,B,C,2024-04-05,2000000.00,4.489967,96.0703125
08:01:19,912810TX6,TSRYS5743665,D,S,D,2024-04-05,2000000.00,4.489967,96.0703125
08:01:19,912810TX6,TSRYS5743665,D,S,T,2024-04-05,1000000.00,4.490459,96.0625
08:01:19,912810TX6,TSRYS5743665,D,B,C,2024-04-05,2000000.00,4.488493,96.09375
08:01:19,912810TX6,TSRYS5743665,D,S,D,2024-04-05,2000000.00,4.488493,96.09375
08:01:19,912810TX6,TSRYS5743665,D,S,D,2024-04-05,1000000.00,4.476229,96.2890625
08:01:19,912810TX6,TSRYS5743665,D,S,T,2024-04-05,1000000.00,4.476229,96.2890625
08:01:19,912810TX6,TSRYS5743665,D,S,T,2024-04-05,1000000.00,4.476229,96.2890625
08:01:19,912810TX6,TSRYS5743665,D,S,T,2024-04-05,1000000.00,4.489476,96.078125
08:01:19,912810TX6,TSRYS5743665,D,S,T,2024-04-05,2000000.00,4.488493,96.09375
08:01:19,912810TX6,TSRYS5743665,D,S,D,2024-04-05,1000000.00,4.476229,96.2890625
08:01:19,912810TX6,TSRYS5743665,D,S,D,2024-04-05,1000000.00,4.470967,96.37304687
08:01:19,912810TX6,TSRYS5743665,D,S,D,2024-04-05,3000000.00,4.480606,96.2193
08:01:20,912810TX6,TSRYS5743665,D,S,D,2024-04-05,1000000.00,4.489967,96.0703125
08:01:20,912810TX6,TSRYS5743665,D,S,D,2024-04-05,2000000.00,4.490459,96.0625
08:01:20,912810TX6,TSRYS5743665,D,B,C,2024-04-05,2000000.00,4.490459,96.0625
08:01:20,912810TX6,TSRYS5743665,D,S,A,2024-04-05,1000000.00,4.492419,96.03135
08:01:20,912810TX6,TSRYS5743665,D,B,C,2024-04-05,1000000.00,4.480763,96.21679687
08:01:20,912810TX6,TSRYS5743665,D,S,A,2024-04-05,1000000.00,4.492419,96.03135
08:01:20,912810TX6,TSRYS5743665,D,S,A,2024-04-05,1000000.00,4.492419,96.03135
08:01:20,912810TX6,TSRYS5743665,D,S,D,2024-04-05,1000000.00,4.490459,96.0625
08:01:20,912810TX6,TSRYS5743665,D,B,C,2024-04-05,1000000.00,4.490459,96.0625
08:01:20,912810TX6,TSRYS5743665,D,S,D,2024-04-05,1000000.00,4.49095,96.0546875
08:01:20,912810TX6,TSRYS5743665,D,S,A,2024-04-05,1000000.00,4.492419,96.03135
08:01:20,912810TX6,TSRYS5743665,D,S,A,2024-04-05,1000000.00,4.492411,96.031477
08:01:20,912810TX6,TSRYS5743665,D,S,D,2024-04-05,1000000.00,4.491442,96.046875
08:01:20,912810TX6,TSRYS5743665,D,S,T,2024-04-05,1000000.00,4.474769,96.31235
08:01:20,912810TX6,TSRYS5743665,D,S,D,2024-04-05,1000000.00,4.491442,96.046875
08:01:20,912810TX6,TSRYS5743665,D,S,T,2024-04-05,1000000.00,4.474769,96.31235
08:01:20,912810TX6,TSRYS5743665,D,B,C,2024-04-05,1000000.00,4.49095,96.0546875
08:01:20,912810TX6,TSRYS5743665,D,S,D,2024-04-05,1000000.00,4.49095,96.0546875
08:01:20,912810TX6,TSRYS5743665,D,B,C,2024-04-05,1000000.00,4.49095,96.0546875
08:01:20,912810TX6,TSRYS5743665,D,S,D,2024-04-05,1000000.00,4.49095,96.0546875
08:01:20,912810TX6,TSRYS5743665,D,S,T,2024-04-05,1000000.00,4.480395,96.22265625
08:01:20,912810TX6,TSRYS5743665,D,S,D,2024-04-05,2000000.00,4.49095,96.0546875
08:01:20,912810TX6,TSRYS5743665,D,S,D,2024-04-05,1000000.00,4.480395,96.22265625
08:01:20,912810TX6,TSRYS5743665,D,B,C,2024-04-05,2000000.00,4.49095,96.0546875
08:01:20,912810TX6,TSRYS5743665,D,S,T,2024-04-05,1000000.00,4.480395,96.22265625
08:01:20,912810TX6,TSRYS5743665,D,S,D,2024-04-05,1000000.00,4.480395,96.22265625
08:01:20,912810TX6,TSRYS5743665,D,B,C,2024-04-05,1000000.00,4.491442,96.046875
08:01:20,912810TX6,TSRYS5743665,D,B,C,2024-04-05,45000.00,4.491688,96.04296875
08:01:20,912810TX6,TSRYS5743665,D,B,C,2024-04-05,2250000.00,4.491688,96.04296875
08:01:20,912810TX6,TSRYS5743665,D,S,T,2024-04-05,2000000.00,4.49108,96.052634375
08:01:20,912810TX6,TSRYS5743665,D,S,D,2024-04-05,1000000.00,4.480395,96.22265625
08:01:20,912810TX6,TSRYS5743665,D,S,T,2024-04-05,1000000.00,4.47427,96.3203125
08:01:20,912810TX6,TSRYS5743665,D,S,T,2024-04-05,1000000.00,4.47427,96.3203125
08:01:20,912810TX6,TSRYS5743665,D,S,D,2024-04-05,1000000.00,4.492917,96.0234375
08:01:20,912810TX6,TSRYS5743665,D,S,T,2024-04-05,1000000.00,4.474026,96.32421875
08:01:20,912810TX6,TSRYS5743665,D,S,T,2024-04-05,1000000.00,4.474026,96.32421875
08:01:20,912810TX6,TSRYS5743665,D,S,T,2024-04-05,1000000.00,4.480395,96.22265625
08:01:20,912810TX6,TSRYS5743665,D,S,D,2024-04-05,1000000.00,4.480395,96.22265625
08:01:20,912810TX6,TSRYS5743665,D,S,D,2024-04-05,1000000.00,4.480395,96.22265625
08:01:20,912810TX6,TSRYS5743665,D,S,D,2024-04-05,1000000.00,4.480395,96.22265625
08:01:20,912810TX6,TSRYS5743665,D,B,C,2024-04-05,6000000.00,4.474694,96.31356
08:01:20,912810TX6,TSRYS5743665,D,B,C,2024-04-05,9000000.00,4.480414,96.22236
08:01:21,912810TX6,TSRYS5743665,D,S,T,2024-04-05,1000000.00,4.473781,96.328125
08:01:21,912810TX6,TSRYS5743665,D,S,D,2024-04-05,1000000.00,4.480756,96.2169
08:01:21,912810TX6,TSRYS5743665,D,S,T,2024-04-05,1000000.00,4.47476,96.3125
08:01:21,912810TX6,TSRYS5743665,D,S,T,2024-04-05,1000000.00,4.473781,96.328125
08:01:21,912810TX6,TSRYS5743665,D,S,T,2024-04-05,1000000.00,4.473781,96.328125
08:01:21,912810TX6,TSRYS5743665,D,S,T,2024-04-05,1000000.00,4.481008,96.21289062
08:01:21,912810TX6,TSRYS5743665,D,S,D,2024-04-05,1000000.00,4.489476,96.078125
08:01:21,912810TX6,TSRYS5743665,D,S,D,2024-04-05,1000000.00,4.476719,96.28125
08:01:21,912810TX6,TSRYS5743665,D,S,T,2024-04-05,1000000.00,4.47917,96.2421875
08:01:21,912810TX6,TSRYS5743665,D,S,T,2024-04-05,1000000.00,4.478189,96.2578125
08:01:21,912810TX6,TSRYS5743665,D,S,D,2024-04-05,1000000.00,4.478189,96.2578125
08:01:21,912810TX6,TSRYS5743665,D,B,C,2024-04-05,1000000.00,4.488739,96.08984375
08:01:21,912810TX6,TSRYS5743665,D,S,D,2024-04-05,1000000.00,4.488739,96.08984375
08:01:21,912810TX6,TSRYS5743665,D,S,T,2024-04-05,1000000.00,4.47966,96.234375
08:01:21,912810TX6,TSRYS5743665,D,B,C,2024-04-05,1000000.00,4.488739,96.08984375
08:01:21,912810TX6,TSRYS5743665,D,S,T,2024-04-05,1000000.00,4.47966,96.234375
08:01:21,912810TX6,TSRYS5743665,D,S,D,2024-04-05,1000000.00,4.488739,96.08984375
08:01:21,912810TX6,TSRYS5743665,D,S,T,2024-04-05,1000000.00,4.48064,96.21875
08:01:21,912810TX6,TSRYS5743665,D,S,T,2024-04-05,1000000.00,4.483584,96.171875
08:01:21,912810TX6,TSRYS5743665,D,S,T,2024-04-05,1000000.00,4.480273,96.224609375
08:01:21,912810TX6,TSRYS5743665,D,S,T,2024-04-05,1000000.00,4.480273,96.224609375
08:01:21,912810TX6,TSRYS5743665,D,S,T,2024-04-05,1000000.00,4.480273,96.224609375
08:01:21,912810TX6,TSRYS5743665,D,S,T,2024-04-05,2000000.00,4.480273,96.224609375
08:01:21,912810TX6,TSRYS5743665,D,S,T,2024-04-05,1000000.00,4.48015,96.2265625
08:01:21,912810TX6,TSRYS5743665,D,S,T,2024-04-05,1000000.00,4.48015,96.2265625
08:01:21,912810TX6,TSRYS5743665,D,S,T,2024-04-05,1000000.00,4.482602,96.1875
08:01:21,912810TX6,TSRYS5743665,D,B,C,2024-04-05,1000000.00,4.491442,96.046875
08:01:21,912810TX6,TSRYS5743665,D,S,T,2024-04-05,1000000.00,4.482602,96.1875
08:01:21,912810TX6,TSRYS5743665,D,S,D,2024-04-05,1000000.00,4.491442,96.046875
08:01:21,912810TX6,TSRYS5743665,D,S,T,2024-04-05,1000000.00,4.482602,96.1875
08:01:21,912810TX6,TSRYS5743665,D,S,T,2024-04-05,1000000.00,4.481131,96.2109375
08:01:21,912810TX6,TSRYS5743665,D,B,C,2024-04-05,1000000.00,4.480273,96.22460937
08:01:21,912810TX6,TSRYS5743665,D,S,T,2024-04-05,1000000.00,4.481131,96.2109375
08:01:21,912810TX6,TSRYS5743665,D,S,D,2024-04-05,1000000.00,4.469622,96.39453125
08:01:21,912810TX6,TSRYS5743665,D,B,C,2024-04-05,1000000.00,4.472679,96.345703125
08:01:21,912810TX6,TSRYS5743665,D,S,D,2024-04-05,1000000.00,4.472679,96.345703125
08:01:21,912810TX6,TSRYS5743665,D,B,C,2024-04-05,1000000.00,4.472679,96.345703125
08:01:21,912810TX6,TSRYS5743665,D,S,D,2024-04-05,1000000.00,4.472679,96.345703125
08:01:21,912810TX6,TSRYS5743665,D,S,T,2024-04-05,1000000.00,4.474148,96.32226562
08:01:22,912810TX6,TSRYS5743665,D,S,T,2024-04-05,1000000.00,4.478924,96.24609375
08:01:22,912810TX6,TSRYS5743665,D,S,T,2024-04-05,1000000.00,4.478679,96.25
08:01:22,912810TX6,TSRYS5743665,D,S,D,2024-04-05,1000000.00,4.476842,96.27929687
08:01:22,912810TX6,TSRYS5743665,D,S,D,2024-04-05,250000.00,4.490705,96.05859375
08:01:22,912810TX6,TSRYS5743665,D,S,T,2024-04-05,1000000.00,4.491442,96.046875
08:01:22,912810TX6,TSRYS5743665,D,S,T,2024-04-05,1000000.00,4.491442,96.046875
08:01:22,912810TX6,TSRYS5743665,D,S,T,2024-04-05,4000000.00,4.491442,96.046875
08:01:22,912810TX6,TSRYS5743665,D,S,D,2024-04-05,1000000.00,4.478924,96.24609375
08:01:22,912810TX6,TSRYS5743665,D,S,D,2024-04-05,1000000.00,4.478924,96.24609375
08:01:22,912810TX6,TSRYS5743665,D,S,D,2024-04-05,1000000.00,4.475372,96.30273437
08:01:22,912810TX6,TSRYS5743665,D,S,D,2024-04-05,1000000.00,4.476842,96.27929687
08:01:22,912810TX6,TSRYS5743665,D,S,D,2024-04-05,1000000.00,4.476842,96.27929687
08:01:22,912810TX6,TSRYS5743665,D,S,T,2024-04-05,1000000.00,4.47917,96.2421875
08:01:22,912810TX6,TSRYS5743665,D,S,T,2024-04-05,1000000.00,4.47917,96.2421875
08:01:22,912810TX6,TSRYS5743665,D,S,T,2024-04-05,1000000.00,4.478924,96.24609375
08:01:22,912810TX6,TSRYS5743665,D,S,D,2024-04-05,1000000.00,4.479047,96.24414062
08:01:22,912810TX6,TSRYS5743665,D,S,D,2024-04-05,1000000.00,4.479047,96.24414062
08:01:22,912810TX6,TSRYS5743665,D,S,D,2024-04-05,1000000.00,4.479047,96.24414062
08:01:22,912810TX6,TSRYS5743665,D,S,D,2024-04-05,1000000.00,4.47917,96.2421875
08:01:22,912810TX6,TSRYS5743665,D,S,D,2024-04-05,1000000.00,4.479047,96.24414062
08:01:22,912810TX6,TSRYS5743665,D,S,T,2024-04-05,1000000.00,4.478924,96.24609375
08:01:22,912810TX6,TSRYS5743665,D,S,D,2024-04-05,1000000.00,4.47917,96.2421875
08:01:22,912810TX6,TSRYS5743665,D,S,D,2024-04-05,1000000.00,4.475372,96.30273437
08:01:23,912810TX6,TSRYS5743665,D,S,D,2024-04-05,1000000.00,4.47917,96.2421875
08:01:23,912810TX6,TSRYS5743665,D,S,D,2024-04-05,1000000.00,4.478924,96.24609375
08:01:23,912810TX6,TSRYS5743665,D,S,D,2024-04-05,1000000.00,4.479047,96.24414062
08:01:23,912810TX6,TSRYS5743665,D,S,T,2024-04-05,1000000.00,4.471823,96.359375
08:01:23,912810TX6,TSRYS5743665,D,S,D,2024-04-05,1000000.00,4.47917,96.2421875
08:01:23,912810TX6,TSRYS5743665,D,S,T,2024-04-05,1000000.00,4.471823,96.359375
08:01:23,912810TX6,TSRYS5743665,D,S,T,2024-04-05,1000000.00,4.479047,96.24414062
08:01:23,912810TX6,TSRYS5743665,D,S,T,2024-04-05,1000000.00,4.47917,96.2421875
08:01:23,912810TX6,TSRYS5743665,D,S,D,2024-04-05,1000000.00,4.47917,96.2421875
08:01:23,912810TX6,TSRYS5743665,D,S,T,2024-04-05,1000000.00,4.471823,96.359375
08:01:23,912810TX6,TSRYS5743665,D,S,D,2024-04-05,1000000.00,4.47917,96.2421875
08:01:23,912810TX6,TSRYS5743665,D,S,T,2024-04-05,1000000.00,4.488493,96.09375
08:01:23,912810TX6,TSRYS5743665,D,S,D,2024-04-05,1000000.00,4.466932,96.4375
08:01:23,912810TX6,TSRYS5743665,D,S,T,2024-04-05,3000000.00,4.488493,96.09375
08:01:23,912810TX6,TSRYS5743665,D,S,T,2024-04-05,1000000.00,4.489476,96.078125
08:01:23,912810TX6,TSRYS5743665,D,S,T,2024-04-05,1000000.00,4.47917,96.2421875
08:01:23,912810TX6,TSRYS5743665,D,S,D,2024-04-05,1000000.00,4.47917,96.2421875
08:01:23,912810TX6,TSRYS5743665,D,S,C,2024-04-05,5000000.00,4.489451,96.078525
08:01:23,912810TX6,TSRYS5743665,D,S,T,2024-04-05,2000000.00,4.489476,96.078125
08:01:23,912810TX6,TSRYS5743665,D,S,C,2024-04-05,9000000.00,4.479796,96.23221
08:01:23,912810TX6,TSRYS5743665,D,S,T,2024-04-05,2000000.00,4.488493,96.09375
08:01:23,912810TX6,TSRYS5743665,D,S,T,2024-04-05,1000000.00,4.47917,96.2421875
08:01:23,912810TX6,TSRYS5743665,D,S,D,2024-04-05,1000000.00,4.47917,96.2421875
08:01:23,912810TX6,TSRYS5743665,D,S,D,2024-04-05,1000000.00,4.47917,96.2421875
08:01:23,912810TX6,TSRYS5743665,D,S,T,2024-04-05,1000000.00,4.488493,96.09375
08:01:23,912810TX6,TSRYS5743665,D,S,T,2024-04-05,1000000.00,4.47917,96.2421875
08:01:23,912810TX6,TSRYS5743665,D,S,D,2024-04-05,1000000.00,4.472557,96.34765625
08:01:23,912810TX6,TSRYS5743665,D,S,T,2024-04-05,1000000.00,4.488493,96.09375
08:01:23,912810TX6,TSRYS5743665,D,S,D,2024-04-05,1000000.00,4.47917,96.2421875
08:01:23,912810TX6,TSRYS5743665,D,S,D,2024-04-05,1000000.00,4.48064,96.21875
08:01:23,912810TX6,TSRYS5743665,D,S,T,2024-04-05,1000000.00,4.480653,96.21855
08:01:23,912810TX6,TSRYS5743665,D,S,T,2024-04-05,1000000.00,4.480653,96.21855
08:01:23,912810TX6,TSRYS5743665,D,S,T,2024-04-05,1000000.00,4.480653,96.21855
08:01:23,912810TX6,TSRYS5743665,D,S,T,2024-04-05,1000000.00,4.480653,96.21855
08:01:23,912810TX6,TSRYS5743665,D,S,T,2024-04-05,1000000.00,4.480653,96.21855
08:01:23,912810TX6,TSRYS5743665,D,S,T,2024-04-05,1000000.00,4.480653,96.21855
08:01:24,912810TX6,TSRYS5743665,D,S,T,2024-04-05,1000000.00,4.48064,96.21875
08:01:24,912810TX6,TSRYS5743665,D,S,D,2024-04-05,1000000.00,4.488493,96.09375
08:01:24,912810TX6,TSRYS5743665,D,B,C,2024-04-05,1000000.00,4.481989,96.19726562
08:01:24,912810TX6,TSRYS5743665,D,S,D,2024-04-05,3000000.00,4.488493,96.09375
