tradeTime,cusip,issueSymbolIdentifier,priceType,reportingSideCode,contraPartyTypeCode,tradeDate,reportedTradeVolume,lastSaleYield,lastSalePrice
08:00:03,912810UA4,TSRYS5802849,D,S,D,2024-07-25,5000.00,4.490784,102.1871
08:00:03,912810UA4,TSRYS5802849,D,B,A,2024-07-25,5000.00,4.490784,102.0871
08:04:42,912810UA4,TSRYS5802849,D,B,C,2024-07-25,1000000.00,4.514358,101.796875
08:04:42,912810UA4,TSRYS5802849,D,S,C,2024-07-25,1000000.00,4.514358,101.796875
08:04:42,912810UA4,TSRYS5802849,D,B,C,2024-07-25,1000000.00,4.513412,101.8125
08:04:42,912810UA4,TSRYS5802849,D,S,C,2024-07-25,1000000.00,4.513412,101.8125
08:04:42,912810UA4,TSRYS5802849,D,S,C,2024-07-25,1000000.00,4.512466,101.828125
08:04:42,912810UA4,TSRYS5802849,D,B,C,2024-07-25,1000000.00,4.512466,101.828125
08:04:42,912810UA4,TSRYS5802849,D,B,C,2024-07-25,1000000.00,4.512466,101.828125
08:04:42,912810UA4,TSRYS5802849,D,S,C,2024-07-25,1000000.00,4.512453,101.828325
08:04:42,912810UA4,TSRYS5802849,D,S,D,2024-07-25,1000000.00,4.51152,101.84375
08:04:42,912810UA4,TSRYS5802849,D,S,D,2024-07-25,1000000.00,4.51152,101.84375
08:04:42,912810UA4,TSRYS5802849,D,B,C,2024-07-25,1000000.00,4.51152,101.84375
08:04:42,912810UA4,TSRYS5802849,D,S,C,2024-07-25,1000000.00,4.51152,101.84375
08:04:42,912810UA4,TSRYS5802849,D,B,C,2024-07-25,1000000.00,4.51152,101.84375
08:04:42,912810UA4,TSRYS5802849,D,B,C,2024-07-25,1000000.00,4.51152,101.84375
08:04:42,912810UA4,TSRYS5802849,D,S,C,2024-07-25,1000000.00,4.51152,101.84375
08:04:43,912810UA4,TSRYS5802849,D,S,C,2024-07-25,1000000.00,4.510574,101.859375
08:04:43,912810UA4,TSRYS5802849,D,S,D,2024-07-25,1000000.00,4.509628,101.875
08:04:43,912810UA4,TSRYS5802849,D,S,D,2024-07-25,1000000.00,4.509628,101.875
08:04:43,912810UA4,TSRYS5802849,D,S,D,2024-07-25,1000000.00,4.509628,101.875
08:04:43,912810UA4,TSRYS5802849,D,S,D,2024-07-25,1000000.00,4.509628,101.875
08:04:43,912810UA4,TSRYS5802849,D,B,C,2024-07-25,1000000.00,4.509628,101.875
08:04:43,912810UA4,TSRYS5802849,D,S,D,2024-07-25,1000000.00,4.508683,101.890625
08:04:43,912810UA4,TSRYS5802849,D,B,C,2024-07-25,1000000.00,4.508683,101.890625
08:04:43,912810UA4,TSRYS5802849,D,S,D,2024-07-25,1000000.00,4.508683,101.890625
08:04:43,912810UA4,TSRYS5802849,D,S,C,2024-07-25,1000000.00,4.508668,101.890875
08:04:43,912810UA4,TSRYS5802849,D,S,C,2024-07-25,1000000.00,4.508683,101.890625
08:04:43,912810UA4,TSRYS5802849,D,B,C,2024-07-25,1000000.00,4.509628,101.875
08:04:43,912810UA4,TSRYS5802849,D,S,C,2024-07-25,1000000.00,4.509628,101.875
08:04:43,912810UA4,TSRYS5802849,D,S,C,2024-07-25,1000000.00,4.509628,101.875
08:04:43,912810UA4,TSRYS5802849,D,S,C,2024-07-25,1000000.00,4.508671,101.890825
08:04:43,912810UA4,TSRYS5802849,D,S,C,2024-07-25,1000000.00,4.508671,101.890825
08:04:43,912810UA4,TSRYS5802849,D,B,C,2024-07-25,1000000.00,4.508683,101.890625
08:04:43,912810UA4,TSRYS5802849,D,B,C,2024-07-25,1000000.00,4.508683,101.890625
08:04:43,912810UA4,TSRYS5802849,D,S,D,2024-07-25,1000000.00,4.508683,101.890625
08:04:43,912810UA4,TSRYS5802849,D,B,C,2024-07-25,1000000.00,4.50964,101.8748
08:04:43,912810UA4,TSRYS5802849,D,S,D,2024-07-25,1000000.00,4.509628,101.875
08:04:44,912810UA4,TSRYS5802849,D,S,D,2024-07-25,1000000.00,4.509628,101.875
08:04:44,912810UA4,TSRYS5802849,D,B,C,2024-07-25,1000000.00,4.509628,101.875
08:04:44,912810UA4,TSRYS5802849,D,S,C,2024-07-25,1000000.00,4.510574,101.859375
08:04:44,912810UA4,TSRYS5802849,D,S,C,2024-07-25,1000000.00,4.510559,101.859625
08:04:44,912810UA4,TSRYS5802849,D,B,C,2024-07-25,1000000.00,4.510574,101.859375
08:04:44,912810UA4,TSRYS5802849,D,S,D,2024-07-25,1000000.00,4.509628,101.875
08:04:44,912810UA4,TSRYS5802849,D,B,C,2024-07-25,1000000.00,4.509628,101.875
08:04:44,912810UA4,TSRYS5802849,D,B,C,2024-07-25,1000000.00,4.509628,101.875
08:04:44,912810UA4,TSRYS5802849,D,S,D,2024-07-25,1000000.00,4.509628,101.875
08:04:44,912810UA4,TSRYS5802849,D,S,C,2024-07-25,1000000.00,4.508683,101.890625
08:04:44,912810UA4,TSRYS5802849,D,B,C,2024-07-25,1000000.00,4.508683,101.890625
08:04:44,912810UA4,TSRYS5802849,D,S,D,2024-07-25,1000000.00,4.507738,101.90625
08:04:44,912810UA4,TSRYS5802849,D,B,C,2024-07-25,1000000.00,4.507738,101.90625
08:04:44,912810UA4,TSRYS5802849,D,S,D,2024-07-25,1000000.00,4.505848,101.9375
08:04:44,912810UA4,TSRYS5802849,D,B,C,2024-07-25,1000000.00,4.505848,101.9375
08:04:44,912810UA4,TSRYS5802849,D,S,C,2024-07-25,1000000.00,4.505848,101.9375
08:04:44,912810UA4,TSRYS5802849,D,B,C,2024-07-25,1000000.00,4.505848,101.9375
08:04:45,912810UA4,TSRYS5802849,D,B,C,2024-07-25,1000000.00,4.505848,101.9375
08:04:45,912810UA4,TSRYS5802849,D,S,C,2024-07-25,1000000.00,4.505839,101.93765
08:04:45,912810UA4,TSRYS5802849,D,S,C,2024-07-25,1000000.00,4.505839,101.93765
08:04:45,912810UA4,TSRYS5802849,D,B,C,2024-07-25,1000000.00,4.505848,101.9375
08:04:45,912810UA4,TSRYS5802849,D,B,C,2024-07-25,1000000.00,4.505863,101.93725
08:04:45,912810UA4,TSRYS5802849,D,S,D,2024-07-25,1000000.00,4.505839,101.93765
08:04:45,912810UA4,TSRYS5802849,D,B,C,2024-07-25,1000000.00,4.505848,101.9375
08:04:45,912810UA4,TSRYS5802849,D,S,D,2024-07-25,1000000.00,4.505839,101.93765
08:04:45,912810UA4,TSRYS5802849,D,S,D,2024-07-25,1000000.00,4.525494,101.61328125
08:04:45,912810UA4,TSRYS5802849,D,S,D,2024-07-25,1000000.00,4.506793,101.921875
08:04:45,912810UA4,TSRYS5802849,D,S,D,2024-07-25,1000000.00,4.506793,101.921875
08:04:45,912810UA4,TSRYS5802849,D,S,D,2024-07-25,1000000.00,4.506793,101.921875
08:04:45,912810UA4,TSRYS5802849,D,S,C,2024-07-25,1000000.00,4.506793,101.921875
08:04:46,912810UA4,TSRYS5802849,D,S,C,2024-07-25,1000000.00,4.507738,101.90625
08:04:46,912810UA4,TSRYS5802849,D,B,C,2024-07-25,1000000.00,4.507747,101.9061
08:04:46,912810UA4,TSRYS5802849,D,B,C,2024-07-25,1000000.00,4.507738,101.90625
08:04:46,912810UA4,TSRYS5802849,D,S,C,2024-07-25,1000000.00,4.507738,101.90625
08:04:46,912810UA4,TSRYS5802849,D,S,C,2024-07-25,1000000.00,4.506783,101.922027
08:04:46,912810UA4,TSRYS5802849,D,B,C,2024-07-25,1000000.00,4.506793,101.921875
08:04:46,912810UA4,TSRYS5802849,D,S,C,2024-07-25,1000000.00,4.506783,101.922027
08:04:46,912810UA4,TSRYS5802849,D,B,C,2024-07-25,1000000.00,4.506793,101.921875
08:04:46,912810UA4,TSRYS5802849,D,S,C,2024-07-25,1000000.00,4.506783,101.922027
08:04:46,912810UA4,TSRYS5802849,D,B,C,2024-07-25,2000000.00,4.506793,101.921875
08:04:46,912810UA4,TSRYS5802849,D,S,C,2024-07-25,2000000.00,4.506783,101.922027
08:04:46,912810UA4,TSRYS5802849,D,S,C,2024-07-25,1000000.00,4.506783,101.922027
08:04:46,912810UA4,TSRYS5802849,D,B,C,2024-07-25,1000000.00,4.506793,101.921875
08:04:46,912810UA4,TSRYS5802849,D,S,C,2024-07-25,1000000.00,4.506783,101.922027
08:04:46,912810UA4,TSRYS5802849,D,B,C,2024-07-25,1000000.00,4.506793,101.921875
08:04:46,912810UA4,TSRYS5802849,D,S,C,2024-07-25,1000000.00,4.506783,101.922027
08:04:46,912810UA4,TSRYS5802849,D,B,C,2024-07-25,1000000.00,4.506793,101.921875
08:04:46,912810UA4,TSRYS5802849,D,S,C,2024-07-25,1000000.00,4.506783,101.922027
08:04:46,912810UA4,TSRYS5802849,D,S,C,2024-07-25,1000000.00,4.506783,101.922027
08:04:46,912810UA4,TSRYS5802849,D,S,C,2024-07-25,1000000.00,4.507728,101.906402
08:04:47,912810UA4,TSRYS5802849,D,B,C,2024-07-25,1000000.00,4.507738,101.90625
08:04:47,912810UA4,TSRYS5802849,D,S,C,2024-07-25,1000000.00,4.507728,101.906402
08:04:47,912810UA4,TSRYS5802849,D,S,C,2024-07-25,1000000.00,4.507728,101.906402
08:04:47,912810UA4,TSRYS5802849,D,S,C,2024-07-25,1000000.00,4.507728,101.906402
08:04:47,912810UA4,TSRYS5802849,D,B,C,2024-07-25,1000000.00,4.507738,101.90625
08:04:47,912810UA4,TSRYS5802849,D,S,C,2024-07-25,1000000.00,4.507728,101.906402
08:04:47,912810UA4,TSRYS5802849,D,S,C,2024-07-25,1000000.00,4.507728,101.906402
08:04:47,912810UA4,TSRYS5802849,D,S,C,2024-07-25,1000000.00,4.507728,101.906402
08:04:47,912810UA4,TSRYS5802849,D,S,C,2024-07-25,1000000.00,4.507728,101.906402
08:04:47,912810UA4,TSRYS5802849,D,B,C,2024-07-25,1000000.00,4.507744,101.90615
08:04:47,912810UA4,TSRYS5802849,D,S,C,2024-07-25,1000000.00,4.507728,101.906402
08:04:47,912810UA4,TSRYS5802849,D,S,C,2024-07-25,1000000.00,4.507728,101.906402
08:04:47,912810UA4,TSRYS5802849,D,S,C,2024-07-25,1000000.00,4.507728,101.906402
08:04:47,912810UA4,TSRYS5802849,D,S,C,2024-07-25,1000000.00,4.507728,101.906402
08:04:47,912810UA4,TSRYS5802849,D,S,C,2024-07-25,1000000.00,4.507728,101.906402
08:04:47,912810UA4,TSRYS5802849,D,S,C,2024-07-25,1000000.00,4.507728,101.906402
08:04:47,912810UA4,TSRYS5802849,D,S,C,2024-07-25,1000000.00,4.509628,101.875
08:04:47,912810UA4,TSRYS5802849,D,S,C,2024-07-25,1000000.00,4.509619,101.875152
08:04:47,912810UA4,TSRYS5802849,D,B,C,2024-07-25,1000000.00,4.509628,101.875
08:04:47,912810UA4,TSRYS5802849,D,S,C,2024-07-25,1000000.00,4.509619,101.875152
08:04:47,912810UA4,TSRYS5802849,D,S,C,2024-07-25,1000000.00,4.509619,101.875152
08:04:47,912810UA4,TSRYS5802849,D,B,C,2024-07-25,1000000.00,4.508683,101.890625
08:04:47,912810UA4,TSRYS5802849,D,S,C,2024-07-25,1000000.00,4.508674,101.890777
08:04:48,912810UA4,TSRYS5802849,D,S,C,2024-07-25,1000000.00,4.507728,101.906402
08:04:48,912810UA4,TSRYS5802849,D,S,C,2024-07-25,1000000.00,4.507728,101.906402
08:04:48,912810UA4,TSRYS5802849,D,S,C,2024-07-25,1000000.00,4.507728,101.906402
08:04:48,912810UA4,TSRYS5802849,D,B,C,2024-07-25,1000000.00,4.507738,101.90625
08:04:48,912810UA4,TSRYS5802849,D,S,C,2024-07-25,1000000.00,4.509619,101.875152
08:04:48,912810UA4,TSRYS5802849,D,B,C,2024-07-25,1000000.00,4.510583,101.859225
08:04:48,912810UA4,TSRYS5802849,D,S,C,2024-07-25,1000000.00,4.510574,101.859375
08:04:48,912810UA4,TSRYS5802849,D,B,C,2024-07-25,1000000.00,4.510583,101.859225
08:04:48,912810UA4,TSRYS5802849,D,S,C,2024-07-25,1000000.00,4.510562,101.859575
08:04:48,912810UA4,TSRYS5802849,D,S,D,2024-07-25,1000000.00,4.510566,101.859505
08:04:48,912810UA4,TSRYS5802849,D,B,C,2024-07-25,1000000.00,4.510574,101.859375
08:04:48,912810UA4,TSRYS5802849,D,S,D,2024-07-25,1000000.00,4.510566,101.859505
08:04:48,912810UA4,TSRYS5802849,D,B,C,2024-07-25,1000000.00,4.510574,101.859375
08:04:48,912810UA4,TSRYS5802849,D,B,C,2024-07-25,1000000.00,4.510589,101.859125
08:04:48,912810UA4,TSRYS5802849,D,S,D,2024-07-25,1000000.00,4.510566,101.859505
08:04:48,912810UA4,TSRYS5802849,D,S,D,2024-07-25,1000000.00,4.510566,101.859505
08:04:48,912810UA4,TSRYS5802849,D,B,C,2024-07-25,1000000.00,4.510574,101.859375
08:04:48,912810UA4,TSRYS5802849,D,S,D,2024-07-25,1000000.00,4.510566,101.859505
08:04:48,912810UA4,TSRYS5802849,D,B,C,2024-07-25,1000000.00,4.510586,101.859175
08:04:48,912810UA4,TSRYS5802849,D,B,C,2024-07-25,1000000.00,4.51152,101.84375
08:04:48,912810UA4,TSRYS5802849,D,S,C,2024-07-25,1000000.00,4.51151,101.843902
08:04:49,912810UA4,TSRYS5802849,D,B,C,2024-07-25,1000000.00,4.510574,101.859375
08:04:49,912810UA4,TSRYS5802849,D,S,D,2024-07-25,1000000.00,4.510574,101.859375
08:04:49,912810UA4,TSRYS5802849,D,B,C,2024-07-25,1000000.00,4.510574,101.859375
08:04:49,912810UA4,TSRYS5802849,D,S,C,2024-07-25,1000000.00,4.510574,101.859375
08:04:49,912810UA4,TSRYS5802849,D,S,T,2024-07-25,1000000.00,4.535243,101.452948
08:04:49,912810UA4,TSRYS5802849,D,S,C,2024-07-25,1000000.00,4.510574,101.859375
08:04:49,912810UA4,TSRYS5802849,D,B,C,2024-07-25,1000000.00,4.510574,101.859375
08:04:49,912810UA4,TSRYS5802849,D,B,C,2024-07-25,1000000.00,4.509628,101.875
08:04:49,912810UA4,TSRYS5802849,D,S,D,2024-07-25,1000000.00,4.50962,101.87513
08:04:49,912810UA4,TSRYS5802849,D,S,D,2024-07-25,2000000.00,4.50962,101.87513
08:04:49,912810UA4,TSRYS5802849,D,B,C,2024-07-25,2000000.00,4.509628,101.875
08:04:50,912810UA4,TSRYS5802849,D,S,T,2024-07-25,1000000.00,4.479714,102.37109375
08:04:50,912810UA4,TSRYS5802849,D,S,D,2024-07-25,1000000.00,4.512229,101.83203125
08:04:50,912810UA4,TSRYS5802849,D,B,C,2024-07-25,1000000.00,4.507738,101.90625
08:04:50,912810UA4,TSRYS5802849,D,S,D,2024-07-25,1000000.00,4.507738,101.90625
08:04:50,912810UA4,TSRYS5802849,D,S,D,2024-07-25,1000000.00,4.507738,101.90625
08:04:50,912810UA4,TSRYS5802849,D,S,C,2024-07-25,1000000.00,4.507728,101.906402
08:04:50,912810UA4,TSRYS5802849,D,S,C,2024-07-25,1000000.00,4.507728,101.906402
08:04:50,912810UA4,TSRYS5802849,D,S,C,2024-07-25,1000000.00,4.507728,101.906402
08:04:50,912810UA4,TSRYS5802849,D,B,C,2024-07-25,1000000.00,4.507738,101.90625
08:04:50,912810UA4,TSRYS5802849,D,S,C,2024-07-25,1000000.00,4.507728,101.906402
08:04:50,912810UA4,TSRYS5802849,D,B,C,2024-07-25,1000000.00,4.507738,101.90625
08:04:50,912810UA4,TSRYS5802849,D,S,C,2024-07-25,1000000.00,4.507728,101.906402
08:04:50,912810UA4,TSRYS5802849,D,S,C,2024-07-25,1000000.00,4.507728,101.906402
08:04:50,912810UA4,TSRYS5802849,D,S,C,2024-07-25,1000000.00,4.509622,101.8751
08:04:50,912810UA4,TSRYS5802849,D,B,C,2024-07-25,1000000.00,4.509628,101.875
08:04:50,912810UA4,TSRYS5802849,D,S,C,2024-07-25,1000000.00,4.508683,101.890625
08:04:50,912810UA4,TSRYS5802849,D,S,C,2024-07-25,1000000.00,4.509619,101.875152
08:04:50,912810UA4,TSRYS5802849,D,S,D,2024-07-25,1000000.00,4.509628,101.875
08:04:51,912810UA4,TSRYS5802849,D,S,D,2024-07-25,1000000.00,4.50962,101.87513
08:04:51,912810UA4,TSRYS5802849,D,S,C,2024-07-25,1000000.00,4.509628,101.875
08:04:51,912810UA4,TSRYS5802849,D,S,D,2024-07-25,1000000.00,4.50962,101.87513
08:04:51,912810UA4,TSRYS5802849,D,S,C,2024-07-25,1000000.00,4.509628,101.875
08:04:51,912810UA4,TSRYS5802849,D,B,C,2024-07-25,1000000.00,4.509628,101.875
08:04:51,912810UA4,TSRYS5802849,D,S,D,2024-07-25,1000000.00,4.509628,101.875
08:04:51,912810UA4,TSRYS5802849,D,B,C,2024-07-25,1000000.00,4.509628,101.875
08:04:51,912810UA4,TSRYS5802849,D,S,C,2024-07-25,1000000.00,4.509628,101.875
08:04:51,912810UA4,TSRYS5802849,D,S,C,2024-07-25,1000000.00,4.508683,101.890625
08:04:51,912810UA4,TSRYS5802849,D,B,C,2024-07-25,1000000.00,4.508683,101.890625
08:04:51,912810UA4,TSRYS5802849,D,S,C,2024-07-25,1000000.00,4.508683,101.890625
08:04:51,912810UA4,TSRYS5802849,D,B,C,2024-07-25,1000000.00,4.508683,101.890625
08:04:52,912810UA4,TSRYS5802849,D,S,D,2024-07-25,1000000.00,4.507738,101.90625
08:04:52,912810UA4,TSRYS5802849,D,B,C,2024-07-25,1000000.00,4.507748,101.906075
08:04:52,912810UA4,TSRYS5802849,D,B,C,2024-07-25,1000000.00,4.508683,101.890625
08:04:52,912810UA4,TSRYS5802849,D,S,C,2024-07-25,1000000.00,4.508683,101.890625
08:04:52,912810UA4,TSRYS5802849,D,S,C,2024-07-25,1000000.00,4.512347,101.830078125
08:04:52,912810UA4,TSRYS5802849,D,S,C,2024-07-25,1000000.00,4.508683,101.890625
08:04:52,912810UA4,TSRYS5802849,D,S,C,2024-07-25,1000000.00,4.508683,101.890625
08:04:52,912810UA4,TSRYS5802849,D,S,C,2024-07-25,1000000.00,4.508683,101.890625
08:04:52,912810UA4,TSRYS5802849,D,B,C,2024-07-25,1000000.00,4.508683,101.890625
08:04:52,912810UA4,TSRYS5802849,D,S,D,2024-07-25,1000000.00,4.508683,101.890625
08:04:52,912810UA4,TSRYS5802849,D,B,C,2024-07-25,1000000.00,4.508683,101.890625
08:04:52,912810UA4,TSRYS5802849,D,B,C,2024-07-25,1000000.00,4.508683,101.890625
08:04:52,912810UA4,TSRYS5802849,D,S,D,2024-07-25,1000000.00,4.508683,101.890625
08:04:52,912810UA4,TSRYS5802849,D,S,D,2024-07-25,1000000.00,4.508683,101.890625
08:04:53,912810UA4,TSRYS5802849,D,B,C,2024-07-25,1000000.00,4.507738,101.90625
08:04:53,912810UA4,TSRYS5802849,D,S,D,2024-07-25,1000000.00,4.507738,101.90625
08:04:53,912810UA4,TSRYS5802849,D,S,C,2024-07-25,1000000.00,4.506781,101.922075
08:04:53,912810UA4,TSRYS5802849,D,B,C,2024-07-25,1000000.00,4.506793,101.921875
08:04:53,912810UA4,TSRYS5802849,D,B,C,2024-07-25,1000000.00,4.505848,101.9375
08:04:53,912810UA4,TSRYS5802849,D,S,D,2024-07-25,1000000.00,4.505848,101.9375
08:04:53,912810UA4,TSRYS5802849,D,S,C,2024-07-25,1000000.00,4.506793,101.921875
08:04:53,912810UA4,TSRYS5802849,D,S,C,2024-07-25,1000000.00,4.505839,101.937652
08:04:53,912810UA4,TSRYS5802849,D,B,C,2024-07-25,1000000.00,4.505848,101.9375
08:04:53,912810UA4,TSRYS5802849,D,S,C,2024-07-25,1000000.00,4.505839,101.937652
08:04:53,912810UA4,TSRYS5802849,D,B,C,2024-07-25,1000000.00,4.505848,101.9375
08:04:54,912810UA4,TSRYS5802849,D,S,C,2024-07-25,1000000.00,4.504903,101.953125
08:04:54,912810UA4,TSRYS5802849,D,B,C,2024-07-25,1000000.00,4.504903,101.953125
08:04:54,912810UA4,TSRYS5802849,D,B,C,2024-07-25,1000000.00,4.503959,101.96875
08:04:54,912810UA4,TSRYS5802849,D,S,D,2024-07-25,1000000.00,4.509628,101.875
08:04:54,912810UA4,TSRYS5802849,D,S,D,2024-07-25,1000000.00,4.503959,101.96875
08:04:54,912810UA4,TSRYS5802849,D,S,C,2024-07-25,1000000.00,4.50395,101.968902
08:04:54,912810UA4,TSRYS5802849,D,B,C,2024-07-25,1000000.00,4.503959,101.96875
08:04:54,912810UA4,TSRYS5802849,D,B,C,2024-07-25,1000000.00,4.503959,101.96875
08:04:54,912810UA4,TSRYS5802849,D,S,C,2024-07-25,1000000.00,4.50395,101.968902
08:04:54,912810UA4,TSRYS5802849,D,B,C,2024-07-25,1000000.00,4.503959,101.96875
08:04:54,912810UA4,TSRYS5802849,D,S,C,2024-07-25,1000000.00,4.50395,101.968902
08:04:54,912810UA4,TSRYS5802849,D,S,D,2024-07-25,1000000.00,4.503959,101.96875
08:04:54,912810UA4,TSRYS5802849,D,B,C,2024-07-25,1000000.00,4.503959,101.96875
08:04:55,912810UA4,TSRYS5802849,D,S,D,2024-07-25,1000000.00,4.502071,102.0
08:04:55,912810UA4,TSRYS5802849,D,S,D,2024-07-25,1000000.00,4.501127,102.015625
08:04:55,912810UA4,TSRYS5802849,D,S,C,2024-07-25,1000000.00,4.501109,102.015925
08:04:55,912810UA4,TSRYS5802849,D,B,C,2024-07-25,1000000.00,4.501127,102.015625
08:04:55,912810UA4,TSRYS5802849,D,B,C,2024-07-25,1000000.00,4.501127,102.015625
08:04:55,912810UA4,TSRYS5802849,D,B,C,2024-07-25,2000000.00,4.501127,102.015625
08:04:55,912810UA4,TSRYS5802849,D,S,D,2024-07-25,1000000.00,4.501119,102.015755
08:04:55,912810UA4,TSRYS5802849,D,S,D,2024-07-25,1000000.00,4.501119,102.015755
08:04:55,912810UA4,TSRYS5802849,D,S,D,2024-07-25,2000000.00,4.501119,102.015755
08:04:55,912810UA4,TSRYS5802849,D,B,C,2024-07-25,1000000.00,4.501127,102.015625
08:04:55,912810UA4,TSRYS5802849,D,S,D,2024-07-25,1000000.00,4.501119,102.015755
08:04:55,912810UA4,TSRYS5802849,D,B,C,2024-07-25,1000000.00,4.501127,102.015625
08:04:55,912810UA4,TSRYS5802849,D,S,D,2024-07-25,1000000.00,4.500176,102.03138
08:04:55,912810UA4,TSRYS5802849,D,B,C,2024-07-25,1000000.00,4.500194,102.031075
08:04:55,912810UA4,TSRYS5802849,D,B,C,2024-07-25,1000000.00,4.500184,102.03125
08:04:55,912810UA4,TSRYS5802849,D,S,D,2024-07-25,1000000.00,4.500176,102.03138
08:04:55,912810UA4,TSRYS5802849,D,S,D,2024-07-25,1000000.00,4.500176,102.03138
08:04:55,912810UA4,TSRYS5802849,D,B,C,2024-07-25,1000000.00,4.500194,102.031075
08:04:55,912810UA4,TSRYS5802849,D,S,D,2024-07-25,1000000.00,4.500184,102.03125
08:04:55,912810UA4,TSRYS5802849,D,B,C,2024-07-25,1000000.00,4.500184,102.03125
08:04:55,912810UA4,TSRYS5802849,D,B,C,2024-07-25,1000000.00,4.501127,102.015625
08:04:55,912810UA4,TSRYS5802849,D,S,C,2024-07-25,1000000.00,4.501112,102.015875
08:04:55,912810UA4,TSRYS5802849,D,B,C,2024-07-25,1000000.00,4.501127,102.015625
08:04:55,912810UA4,TSRYS5802849,D,S,C,2024-07-25,1000000.00,4.501127,102.015625
08:04:55,912810UA4,TSRYS5802849,D,S,C,2024-07-25,1000000.00,4.502071,102.0
08:04:55,912810UA4,TSRYS5802849,D,S,D,2024-07-25,1000000.00,4.502071,102.0
08:04:55,912810UA4,TSRYS5802849,D,B,C,2024-07-25,1000000.00,4.503027,101.984175
08:04:55,912810UA4,TSRYS5802849,D,S,C,2024-07-25,1000000.00,4.503015,101.984375
08:04:56,912810UA4,TSRYS5802849,D,S,C,2024-07-25,1000000.00,4.502071,102.0
08:04:56,912810UA4,TSRYS5802849,D,B,C,2024-07-25,1000000.00,4.502071,102.0
08:04:56,912810UA4,TSRYS5802849,D,S,D,2024-07-25,1000000.00,4.502071,102.0
08:04:56,912810UA4,TSRYS5802849,D,B,C,2024-07-25,1000000.00,4.502089,101.9997
08:04:56,912810UA4,TSRYS5802849,D,S,D,2024-07-25,1000000.00,4.502063,102.00013
08:04:56,912810UA4,TSRYS5802849,D,S,C,2024-07-25,1000000.00,4.502071,102.0
08:04:56,912810UA4,TSRYS5802849,D,S,D,2024-07-25,3000000.00,4.502063,102.00013
08:04:56,912810UA4,TSRYS5802849,D,S,D,2024-07-25,1000000.00,4.502063,102.00013
08:04:56,912810UA4,TSRYS5802849,D,S,C,2024-07-25,1000000.00,4.501127,102.015625
08:04:56,912810UA4,TSRYS5802849,D,B,C,2024-07-25,1000000.00,4.501127,102.015625
08:04:56,912810UA4,TSRYS5802849,D,B,C,2024-07-25,1000000.00,4.501127,102.015625
08:04:56,912810UA4,TSRYS5802849,D,S,D,2024-07-25,1000000.00,4.501119,102.015755
08:04:56,912810UA4,TSRYS5802849,D,S,D,2024-07-25,1000000.00,4.501119,102.015755
08:04:56,912810UA4,TSRYS5802849,D,B,C,2024-07-25,1000000.00,4.501127,102.015625
08:04:56,912810UA4,TSRYS5802849,D,S,D,2024-07-25,1000000.00,4.501119,102.015755
08:04:56,912810UA4,TSRYS5802849,D,B,C,2024-07-25,1000000.00,4.501127,102.015625
08:04:56,912810UA4,TSRYS5802849,D,B,C,2024-07-25,1000000.00,4.501127,102.015625
08:04:56,912810UA4,TSRYS5802849,D,S,D,2024-07-25,1000000.00,4.501119,102.015755
08:04:57,912810UA4,TSRYS5802849,D,S,C,2024-07-25,1000000.00,4.500184,102.03125
08:04:57,912810UA4,TSRYS5802849,D,B,C,2024-07-25,1000000.00,4.500196,102.03105
08:04:57,912810UA4,TSRYS5802849,D,B,C,2024-07-25,1000000.00,4.49925,102.046725
08:04:57,912810UA4,TSRYS5802849,D,S,C,2024-07-25,1000000.00,4.499241,102.046875
08:04:57,912810UA4,TSRYS5802849,D,S,D,2024-07-25,1000000.00,4.500184,102.03125
08:04:57,912810UA4,TSRYS5802849,D,S,D,2024-07-25,1000000.00,4.501119,102.015755
08:04:57,912810UA4,TSRYS5802849,D,S,D,2024-07-25,1000000.00,4.501119,102.015755
08:04:57,912810UA4,TSRYS5802849,D,B,C,2024-07-25,1000000.00,4.501127,102.015625
08:04:57,912810UA4,TSRYS5802849,D,S,C,2024-07-25,1000000.00,4.501114,102.01585
08:04:57,912810UA4,TSRYS5802849,D,B,C,2024-07-25,1000000.00,4.501127,102.015625
08:04:57,912810UA4,TSRYS5802849,D,S,C,2024-07-25,1000000.00,4.501114,102.01585
08:04:57,912810UA4,TSRYS5802849,D,B,C,2024-07-25,2000000.00,4.501127,102.015625
08:04:57,912810UA4,TSRYS5802849,D,S,C,2024-07-25,2000000.00,4.501114,102.01585
08:04:57,912810UA4,TSRYS5802849,D,B,C,2024-07-25,1000000.00,4.501127,102.015625
08:04:57,912810UA4,TSRYS5802849,D,S,D,2024-07-25,1000000.00,4.501119,102.015755
08:04:58,912810UA4,TSRYS5802849,D,S,D,2024-07-25,1000000.00,4.500184,102.03125
08:04:58,912810UA4,TSRYS5802849,D,B,C,2024-07-25,1000000.00,4.500184,102.03125
08:04:58,912810UA4,TSRYS5802849,D,S,C,2024-07-25,1000000.00,4.507738,101.90625
08:04:58,912810UA4,TSRYS5802849,D,S,C,2024-07-25,1000000.00,4.499241,102.046875
08:04:59,912810UA4,TSRYS5802849,D,S,C,2024-07-25,1000000.00,4.499241,102.046875
08:04:59,912810UA4,TSRYS5802849,D,S,D,2024-07-25,1000000.00,4.500184,102.03125
08:04:59,912810UA4,TSRYS5802849,D,S,D,2024-07-25,1000000.00,4.500184,102.03125
08:04:59,912810UA4,TSRYS5802849,D,S,D,2024-07-25,1000000.00,4.500184,102.03125
08:04:59,912810UA4,TSRYS5802849,D,B,C,2024-07-25,1000000.00,4.500194,102.031075
08:04:59,912810UA4,TSRYS5802849,D,S,D,2024-07-25,1000000.00,4.500184,102.03125
08:04:59,912810UA4,TSRYS5802849,D,B,C,2024-07-25,1000000.00,4.500194,102.031075
08:04:59,912810UA4,TSRYS5802849,D,S,D,2024-07-25,1000000.00,4.500184,102.03125
08:04:59,912810UA4,TSRYS5802849,D,B,C,2024-07-25,1000000.00,4.500194,102.031075
08:04:59,912810UA4,TSRYS5802849,D,B,C,2024-07-25,1000000.00,4.499251,102.0467
08:04:59,912810UA4,TSRYS5802849,D,S,D,2024-07-25,1000000.00,4.499241,102.046875
08:04:59,912810UA4,TSRYS5802849,D,S,D,2024-07-25,1000000.00,4.500184,102.03125
08:04:59,912810UA4,TSRYS5802849,D,S,D,2024-07-25,1000000.00,4.500184,102.03125
08:04:59,912810UA4,TSRYS5802849,D,B,C,2024-07-25,1000000.00,4.499256,102.046625
08:04:59,912810UA4,TSRYS5802849,D,S,D,2024-07-25,1000000.00,4.499241,102.046875
08:04:59,912810UA4,TSRYS5802849,D,B,C,2024-07-25,1000000.00,4.500194,102.031075
08:04:59,912810UA4,TSRYS5802849,D,B,C,2024-07-25,1000000.00,4.499251,102.0467
08:04:59,912810UA4,TSRYS5802849,D,S,D,2024-07-25,1000000.00,4.499241,102.046875
08:05:00,912810UA4,TSRYS5802849,D,B,C,2024-07-25,1000000.00,4.499241,102.046875
08:05:00,912810UA4,TSRYS5802849,D,S,D,2024-07-25,1000000.00,4.499241,102.046875
08:05:00,912810UA4,TSRYS5802849,D,S,D,2024-07-25,1000000.00,4.499241,102.046875
08:05:00,912810UA4,TSRYS5802849,D,S,C,2024-07-25,1000000.00,4.499241,102.046875
08:05:00,912810UA4,TSRYS5802849,D,S,C,2024-07-25,1000000.00,4.499241,102.046875
08:05:00,912810UA4,TSRYS5802849,D,S,D,2024-07-25,1000000.00,4.499241,102.046875
08:05:00,912810UA4,TSRYS5802849,D,B,C,2024-07-25,1000000.00,4.500184,102.03125
08:05:00,912810UA4,TSRYS5802849,D,S,C,2024-07-25,1000000.00,4.500175,102.0314
08:05:00,912810UA4,TSRYS5802849,D,B,C,2024-07-25,1000000.00,4.500184,102.03125
08:05:00,912810UA4,TSRYS5802849,D,S,C,2024-07-25,1000000.00,4.500184,102.03125
08:05:00,912810UA4,TSRYS5802849,D,S,C,2024-07-25,1000000.00,4.500178,102.03135
08:05:00,912810UA4,TSRYS5802849,D,B,C,2024-07-25,1000000.00,4.500184,102.03125
08:05:00,912810UA4,TSRYS5802849,D,S,D,2024-07-25,2000000.00,4.500176,102.03138
08:05:00,912810UA4,TSRYS5802849,D,B,C,2024-07-25,1000000.00,4.500184,102.03125
08:05:00,912810UA4,TSRYS5802849,D,S,D,2024-07-25,1000000.00,4.500176,102.03138
08:05:00,912810UA4,TSRYS5802849,D,S,D,2024-07-25,2000000.00,4.500176,102.03138
08:05:00,912810UA4,TSRYS5802849,D,S,D,2024-07-25,1000000.00,4.499241,102.046875
08:05:00,912810UA4,TSRYS5802849,D,S,D,2024-07-25,1000000.00,4.499241,102.046875
08:05:00,912810UA4,TSRYS5802849,D,S,D,2024-07-25,1000000.00,4.499241,102.046875
08:05:00,912810UA4,TSRYS5802849,D,B,C,2024-07-25,1000000.00,4.500184,102.03125
08:05:00,912810UA4,TSRYS5802849,D,S,C,2024-07-25,1000000.00,4.50017,102.031475
08:05:00,912810UA4,TSRYS5802849,D,S,C,2024-07-25,1000000.00,4.50017,102.031475
08:05:00,912810UA4,TSRYS5802849,D,B,C,2024-07-25,1000000.00,4.500184,102.03125
08:05:01,912810UA4,TSRYS5802849,D,B,C,2024-07-25,1000000.00,4.500184,102.03125
08:05:01,912810UA4,TSRYS5802849,D,S,C,2024-07-25,1000000.00,4.501127,102.015625
08:05:01,912810UA4,TSRYS5802849,D,S,C,2024-07-25,1000000.00,4.50017,102.031475
08:05:01,912810UA4,TSRYS5802849,D,B,C,2024-07-25,1000000.00,4.500184,102.03125
08:05:01,912810UA4,TSRYS5802849,D,B,C,2024-07-25,1000000.00,4.501139,102.015425
08:05:01,912810UA4,TSRYS5802849,D,S,C,2024-07-25,1000000.00,4.50017,102.031475
08:05:01,912810UA4,TSRYS5802849,D,S,C,2024-07-25,1000000.00,4.502071,102.0
08:05:01,912810UA4,TSRYS5802849,D,B,C,2024-07-25,1000000.00,4.502083,101.9998
08:05:01,912810UA4,TSRYS5802849,D,S,C,2024-07-25,1000000.00,4.502056,102.00025
08:05:01,912810UA4,TSRYS5802849,D,B,C,2024-07-25,1000000.00,4.502083,101.9998
08:05:01,912810UA4,TSRYS5802849,D,S,D,2024-07-25,1000000.00,4.502071,102.0
08:05:02,912810UA4,TSRYS5802849,D,S,C,2024-07-25,1000000.00,4.502071,102.0
08:05:02,912810UA4,TSRYS5802849,D,S,D,2024-07-25,1000000.00,4.501119,102.015755
08:05:02,912810UA4,TSRYS5802849,D,S,D,2024-07-25,1000000.00,4.501119,102.015755
08:05:02,912810UA4,TSRYS5802849,D,B,C,2024-07-25,1000000.00,4.501127,102.015625
08:05:02,912810UA4,TSRYS5802849,D,B,C,2024-07-25,1000000.00,4.501127,102.015625
08:05:02,912810UA4,TSRYS5802849,D,S,D,2024-07-25,1000000.00,4.501119,102.015755
08:05:02,912810UA4,TSRYS5802849,D,S,D,2024-07-25,1000000.00,4.501119,102.015755
08:05:02,912810UA4,TSRYS5802849,D,S,D,2024-07-25,1000000.00,4.501127,102.015625
08:05:02,912810UA4,TSRYS5802849,D,B,C,2024-07-25,1000000.00,4.501127,102.015625
08:05:02,912810UA4,TSRYS5802849,D,S,C,2024-07-25,1000000.00,4.503015,101.984375
08:05:02,912810UA4,TSRYS5802849,D,S,C,2024-07-25,1000000.00,4.502071,102.0
08:05:02,912810UA4,TSRYS5802849,D,B,C,2024-07-25,1000000.00,4.502071,102.0
08:05:02,912810UA4,TSRYS5802849,D,S,C,2024-07-25,1000000.00,4.503015,101.984375
08:05:02,912810UA4,TSRYS5802849,D,S,D,2024-07-25,1000000.00,4.503015,101.984375
08:05:02,912810UA4,TSRYS5802849,D,S,D,2024-07-25,1000000.00,4.502071,102.0
08:05:02,912810UA4,TSRYS5802849,D,S,C,2024-07-25,1000000.00,4.501115,102.015825
08:05:02,912810UA4,TSRYS5802849,D,B,C,2024-07-25,1000000.00,4.501127,102.015625
08:05:03,912810UA4,TSRYS5802849,D,S,D,2024-07-25,1000000.00,4.502063,102.00013
08:05:03,912810UA4,TSRYS5802849,D,S,D,2024-07-25,3000000.00,4.502063,102.00013
08:05:03,912810UA4,TSRYS5802849,D,S,D,2024-07-25,2000000.00,4.502063,102.00013
08:05:03,912810UA4,TSRYS5802849,D,S,D,2024-07-25,1000000.00,4.502071,102.0
08:05:03,912810UA4,TSRYS5802849,D,S,D,2024-07-25,1000000.00,4.502071,102.0
08:05:03,912810UA4,TSRYS5802849,D,B,C,2024-07-25,1000000.00,4.502071,102.0
08:05:03,912810UA4,TSRYS5802849,D,S,C,2024-07-25,1000000.00,4.502071,102.0
08:05:03,912810UA4,TSRYS5802849,D,S,D,2024-07-25,1000000.00,4.502071,102.0
08:05:03,912810UA4,TSRYS5802849,D,S,D,2024-07-25,1000000.00,4.502071,102.0
08:05:03,912810UA4,TSRYS5802849,D,B,C,2024-07-25,1000000.00,4.503015,101.984375
08:05:03,912810UA4,TSRYS5802849,D,S,C,2024-07-25,1000000.00,4.503015,101.984375
08:05:03,912810UA4,TSRYS5802849,D,S,C,2024-07-25,1000000.00,4.502059,102.0002
08:05:03,912810UA4,TSRYS5802849,D,S,D,2024-07-25,1000000.00,4.479714,102.37109375
08:05:03,912810UA4,TSRYS5802849,D,S,D,2024-07-25,1000000.00,4.479949,102.3671875
08:05:04,912810UA4,TSRYS5802849,D,S,D,2024-07-25,1000000.00,4.510574,101.859375
08:05:04,912810UA4,TSRYS5802849,D,B,C,2024-07-25,1000000.00,4.510574,101.859375
08:05:04,912810UA4,TSRYS5802849,D,S,D,2024-07-25,1000000.00,4.510574,101.859375
08:05:05,912810UA4,TSRYS5802849,D,S,T,2024-07-25,1000000.00,4.479714,102.37109375
08:05:05,912810UA4,TSRYS5802849,D,S,D,2024-07-25,1000000.00,4.502071,102.0
08:05:06,912810UA4,TSRYS5802849,D,S,C,2024-07-25,1000000.00,4.501127,102.015625
08:05:06,912810UA4,TSRYS5802849,D,S,T,2024-07-25,1000000.00,4.479721,102.37096875
08:05:06,912810UA4,TSRYS5802849,D,S,D,2024-07-25,1000000.00,4.500184,102.03125
08:05:06,912810UA4,TSRYS5802849,D,B,C,2024-07-25,1000000.00,4.500184,102.03125
08:05:06,912810UA4,TSRYS5802849,D,B,C,2024-07-25,1000000.00,4.501127,102.015625
08:05:06,912810UA4,TSRYS5802849,D,S,D,2024-07-25,1000000.00,4.501118,102.015775
08:05:06,912810UA4,TSRYS5802849,D,S,C,2024-07-25,1000000.00,4.501112,102.015875
08:05:06,912810UA4,TSRYS5802849,D,B,C,2024-07-25,1000000.00,4.501127,102.015625
08:05:06,912810UA4,TSRYS5802849,D,S,C,2024-07-25,1000000.00,4.501127,102.015625
08:05:06,912810UA4,TSRYS5802849,D,S,C,2024-07-25,1000000.00,4.501127,102.015625
08:05:06,912810UA4,TSRYS5802849,D,S,C,2024-07-25,2000000.00,4.501127,102.015625
08:05:06,912810UA4,TSRYS5802849,D,S,C,2024-07-25,2000000.00,4.501121,102.015725
08:05:06,912810UA4,TSRYS5802849,D,S,C,2024-07-25,1000000.00,4.501127,102.015625
08:05:06,912810UA4,TSRYS5802849,D,S,C,2024-07-25,1000000.00,4.501127,102.015625
08:05:06,912810UA4,TSRYS5802849,D,S,D,2024-07-25,1000000.00,4.501127,102.015625
08:05:06,912810UA4,TSRYS5802849,D,S,D,2024-07-25,2000000.00,4.501127,102.015625
08:05:06,912810UA4,TSRYS5802849,D,S,T,2024-07-25,1000000.00,4.479714,102.37109375
08:05:06,912810UA4,TSRYS5802849,D,S,D,2024-07-25,1000000.00,4.501127,102.015625
08:05:06,912810UA4,TSRYS5802849,D,S,C,2024-07-25,1000000.00,4.501127,102.015625
08:05:06,912810UA4,TSRYS5802849,D,S,D,2024-07-25,2000000.00,4.501127,102.015625
08:05:06,912810UA4,TSRYS5802849,D,S,C,2024-07-25,1000000.00,4.501127,102.015625
08:05:06,912810UA4,TSRYS5802849,D,S,D,2024-07-25,1000000.00,4.501127,102.015625
08:05:06,912810UA4,TSRYS5802849,D,S,C,2024-07-25,1000000.00,4.502071,102.0
08:05:06,912810UA4,TSRYS5802849,D,S,C,2024-07-25,1000000.00,4.502053,102.0003
08:05:06,912810UA4,TSRYS5802849,D,B,C,2024-07-25,1000000.00,4.502071,102.0
08:05:06,912810UA4,TSRYS5802849,D,B,C,2024-07-25,1000000.00,4.502071,102.0
08:05:07,912810UA4,TSRYS5802849,D,S,T,2024-07-25,1000000.00,4.52859,101.562323
08:05:07,912810UA4,TSRYS5802849,D,B,C,2024-07-25,1000000.00,4.503015,101.984375
08:05:07,912810UA4,TSRYS5802849,D,S,C,2024-07-25,1000000.00,4.503015,101.984375
08:05:07,912810UA4,TSRYS5802849,D,S,T,2024-07-25,1000000.00,4.47854,102.390625
08:05:07,912810UA4,TSRYS5802849,D,S,C,2024-07-25,1000000.00,4.502071,102.0
08:05:07,912810UA4,TSRYS5802849,D,S,D,2024-07-25,1000000.00,4.502062,102.00015
08:05:07,912810UA4,TSRYS5802849,D,S,D,2024-07-25,2000000.00,4.502071,102.0
08:05:07,912810UA4,TSRYS5802849,D,S,D,2024-07-25,1000000.00,4.502062,102.00015
08:05:07,912810UA4,TSRYS5802849,D,B,C,2024-07-25,1000000.00,4.502071,102.0
08:05:07,912810UA4,TSRYS5802849,D,S,D,2024-07-25,1000000.00,4.502062,102.00015
08:05:07,912810UA4,TSRYS5802849,D,S,C,2024-07-25,2000000.00,4.502071,102.0
08:05:07,912810UA4,TSRYS5802849,D,B,C,2024-07-25,1000000.00,4.502089,101.9997
08:05:07,912810UA4,TSRYS5802849,D,S,D,2024-07-25,1000000.00,4.502062,102.00015
08:05:07,912810UA4,TSRYS5802849,D,B,C,2024-07-25,1000000.00,4.502071,102.0
08:05:07,912810UA4,TSRYS5802849,D,S,D,2024-07-25,1000000.00,4.502062,102.00015
08:05:07,912810UA4,TSRYS5802849,D,S,C,2024-07-25,1000000.00,4.503015,101.984375
08:05:07,912810UA4,TSRYS5802849,D,S,C,2024-07-25,1000000.00,4.503015,101.984375
08:05:07,912810UA4,TSRYS5802849,D,S,C,2024-07-25,1000000.00,4.503015,101.984375
08:05:07,912810UA4,TSRYS5802849,D,S,D,2024-07-25,1000000.00,4.503015,101.984375
08:05:07,912810UA4,TSRYS5802849,D,S,D,2024-07-25,1000000.00,4.503015,101.984375
08:05:07,912810UA4,TSRYS5802849,D,S,D,2024-07-25,1000000.00,4.502071,102.0
08:05:07,912810UA4,TSRYS5802849,D,B,C,2024-07-25,1000000.00,4.502071,102.0
08:05:08,912810UA4,TSRYS5802849,D,S,D,2024-07-25,1000000.00,4.502071,102.0
08:05:08,912810UA4,TSRYS5802849,D,B,C,2024-07-25,1000000.00,4.502071,102.0
08:05:08,912810UA4,TSRYS5802849,D,B,C,2024-07-25,1000000.00,4.502071,102.0
08:05:08,912810UA4,TSRYS5802849,D,S,C,2024-07-25,1000000.00,4.502059,102.000202
08:05:08,912810UA4,TSRYS5802849,D,S,C,2024-07-25,1000000.00,4.503015,101.984375
08:05:08,912810UA4,TSRYS5802849,D,S,C,2024-07-25,2000000.00,4.501127,102.015625
08:05:08,912810UA4,TSRYS5802849,D,S,D,2024-07-25,2000000.00,4.501127,102.015625
08:05:08,912810UA4,TSRYS5802849,D,S,D,2024-07-25,1000000.00,4.501127,102.015625
08:05:08,912810UA4,TSRYS5802849,D,S,D,2024-07-25,1000000.00,4.501127,102.015625
08:05:08,912810UA4,TSRYS5802849,D,B,C,2024-07-25,1000000.00,4.501127,102.015625
08:05:08,912810UA4,TSRYS5802849,D,B,C,2024-07-25,1000000.00,4.501127,102.015625
08:05:08,912810UA4,TSRYS5802849,D,S,C,2024-07-25,1000000.00,4.501127,102.015625
08:05:08,912810UA4,TSRYS5802849,D,S,C,2024-07-25,1000000.00,4.501127,102.015625
08:05:08,912810UA4,TSRYS5802849,D,S,D,2024-07-25,1000000.00,4.499241,102.046875
08:05:08,912810UA4,TSRYS5802849,D,B,C,2024-07-25,1000000.00,4.500184,102.03125
08:05:08,912810UA4,TSRYS5802849,D,S,C,2024-07-25,1000000.00,4.500184,102.03125
08:05:09,912810UA4,TSRYS5802849,D,B,C,2024-07-25,1000000.00,4.498297,102.0625
08:05:09,912810UA4,TSRYS5802849,D,S,D,2024-07-25,1000000.00,4.498297,102.0625
08:05:10,912810UA4,TSRYS5802849,D,S,D,2024-07-25,1000000.00,4.517199,101.75
08:05:10,912810UA4,TSRYS5802849,D,B,C,2024-07-25,1000000.00,4.517199,101.7498
08:05:10,912810UA4,TSRYS5802849,D,S,C,2024-07-25,1000000.00,4.517199,101.75
08:05:10,912810UA4,TSRYS5802849,D,B,C,2024-07-25,1000000.00,4.517199,101.7498
08:05:10,912810UA4,TSRYS5802849,D,S,D,2024-07-25,1000000.00,4.500184,102.03125
08:05:10,912810UA4,TSRYS5802849,D,B,C,2024-07-25,1000000.00,4.500184,102.03125
08:05:10,912810UA4,TSRYS5802849,D,S,C,2024-07-25,1000000.00,4.500184,102.03125
08:05:10,912810UA4,TSRYS5802849,D,B,C,2024-07-25,1000000.00,4.500184,102.03125
08:05:10,912810UA4,TSRYS5802849,D,S,D,2024-07-25,1000000.00,4.515186,101.783203125
08:05:10,912810UA4,TSRYS5802849,D,S,D,2024-07-25,1000000.00,4.512702,101.82421875
08:05:10,912810UA4,TSRYS5802849,D,S,D,2024-07-25,1000000.00,4.512702,101.82421875
08:05:10,912810UA4,TSRYS5802849,D,S,D,2024-07-25,1000000.00,4.478071,102.3984375
08:05:10,912810UA4,TSRYS5802849,D,S,T,2024-07-25,1000000.00,4.478188,102.396484375
08:05:10,912810UA4,TSRYS5802849,D,S,D,2024-07-25,1000000.00,4.478071,102.3984375
08:05:11,912810UA4,TSRYS5802849,D,S,D,2024-07-25,1000000.00,4.498297,102.0625
08:05:11,912810UA4,TSRYS5802849,D,B,C,2024-07-25,1000000.00,4.498303,102.0624
08:05:11,912810UA4,TSRYS5802849,D,S,C,2024-07-25,1000000.00,4.498288,102.06265
08:05:11,912810UA4,TSRYS5802849,D,B,C,2024-07-25,1000000.00,4.49831,102.0623
08:05:11,912810UA4,TSRYS5802849,D,B,C,2024-07-25,1000000.00,4.498297,102.0625
08:05:11,912810UA4,TSRYS5802849,D,S,C,2024-07-25,1000000.00,4.498288,102.06265
08:05:11,912810UA4,TSRYS5802849,D,B,C,2024-07-25,1000000.00,4.478071,102.3984375
08:05:11,912810UA4,TSRYS5802849,D,S,D,2024-07-25,1000000.00,4.478071,102.3984375
08:05:11,912810UA4,TSRYS5802849,D,S,C,2024-07-25,1000000.00,4.499241,102.046875
08:05:11,912810UA4,TSRYS5802849,D,S,D,2024-07-25,1000000.00,4.478071,102.3984375
08:05:11,912810UA4,TSRYS5802849,D,S,C,2024-07-25,1000000.00,4.499225,102.047125
08:05:11,912810UA4,TSRYS5802849,D,B,C,2024-07-25,1000000.00,4.478071,102.3984375
08:05:11,912810UA4,TSRYS5802849,D,S,D,2024-07-25,1000000.00,4.499241,102.046875
08:05:11,912810UA4,TSRYS5802849,D,S,C,2024-07-25,1000000.00,4.499225,102.047125
08:05:11,912810UA4,TSRYS5802849,D,S,D,2024-07-25,1000000.00,4.499241,102.046875
08:05:11,912810UA4,TSRYS5802849,D,S,C,2024-07-25,1000000.00,4.499225,102.047125
08:05:11,912810UA4,TSRYS5802849,D,B,C,2024-07-25,1000000.00,4.500184,102.03125
08:05:11,912810UA4,TSRYS5802849,D,B,C,2024-07-25,1000000.00,4.500184,102.03125
08:05:11,912810UA4,TSRYS5802849,D,S,C,2024-07-25,1000000.00,4.500175,102.031402
08:05:11,912810UA4,TSRYS5802849,D,S,C,2024-07-25,1000000.00,4.500166,102.03155
08:05:11,912810UA4,TSRYS5802849,D,S,D,2024-07-25,1000000.00,4.499228,102.047075
08:05:11,912810UA4,TSRYS5802849,D,B,C,2024-07-25,1000000.00,4.499241,102.046875
08:05:11,912810UA4,TSRYS5802849,D,S,D,2024-07-25,1000000.00,4.499228,102.047075
08:05:11,912810UA4,TSRYS5802849,D,S,D,2024-07-25,1000000.00,4.478071,102.3984375
08:05:11,912810UA4,TSRYS5802849,D,S,C,2024-07-25,1000000.00,4.500175,102.031402
08:05:11,912810UA4,TSRYS5802849,D,S,C,2024-07-25,1000000.00,4.499241,102.046875
08:05:11,912810UA4,TSRYS5802849,D,B,C,2024-07-25,1000000.00,4.499241,102.046875
08:05:11,912810UA4,TSRYS5802849,D,B,C,2024-07-25,1000000.00,4.499241,102.046875
08:05:12,912810UA4,TSRYS5802849,D,S,D,2024-07-25,1000000.00,4.499233,102.047005
08:05:12,912810UA4,TSRYS5802849,D,S,D,2024-07-25,1000000.00,4.499233,102.047005
08:05:12,912810UA4,TSRYS5802849,D,B,C,2024-07-25,1000000.00,4.499241,102.046875
08:05:12,912810UA4,TSRYS5802849,D,S,C,2024-07-25,1000000.00,4.500175,102.031402
08:05:12,912810UA4,TSRYS5802849,D,B,C,2024-07-25,1000000.00,4.499253,102.046675
08:05:12,912810UA4,TSRYS5802849,D,S,C,2024-07-25,1000000.00,4.499241,102.046875
08:05:12,912810UA4,TSRYS5802849,D,B,C,2024-07-25,1000000.00,4.499253,102.046675
08:05:12,912810UA4,TSRYS5802849,D,S,C,2024-07-25,1000000.00,4.499231,102.047027
08:05:12,912810UA4,TSRYS5802849,D,B,C,2024-07-25,1000000.00,4.478071,102.3984375
08:05:12,912810UA4,TSRYS5802849,D,S,D,2024-07-25,1000000.00,4.478071,102.3984375
08:05:12,912810UA4,TSRYS5802849,D,S,D,2024-07-25,1000000.00,4.478071,102.3984375
08:05:12,912810UA4,TSRYS5802849,D,S,D,2024-07-25,1000000.00,4.478071,102.3984375
08:05:12,912810UA4,TSRYS5802849,D,S,D,2024-07-25,1000000.00,4.515305,101.78125
08:05:12,912810UA4,TSRYS5802849,D,B,C,2024-07-25,1000000.00,4.478071,102.3984375
08:05:12,912810UA4,TSRYS5802849,D,S,D,2024-07-25,1000000.00,4.478071,102.3984375
08:05:12,912810UA4,TSRYS5802849,D,S,D,2024-07-25,1000000.00,4.478071,102.3984375
08:05:12,912810UA4,TSRYS5802849,D,S,D,2024-07-25,1000000.00,4.478071,102.3984375
08:05:12,912810UA4,TSRYS5802849,D,B,C,2024-07-25,1000000.00,4.499241,102.046875
08:05:12,912810UA4,TSRYS5802849,D,S,C,2024-07-25,1000000.00,4.499241,102.046875
08:05:12,912810UA4,TSRYS5802849,D,S,C,2024-07-25,1000000.00,4.49923,102.04705
08:05:12,912810UA4,TSRYS5802849,D,S,C,2024-07-25,1000000.00,4.49923,102.04705
08:05:13,912810UA4,TSRYS5802849,D,B,C,2024-07-25,1000000.00,4.499241,102.046875
08:05:13,912810UA4,TSRYS5802849,D,S,D,2024-07-25,1000000.00,4.499241,102.046875
08:05:13,912810UA4,TSRYS5802849,D,S,T,2024-07-25,1000000.00,4.47854,102.390625
08:05:13,912810UA4,TSRYS5802849,D,S,T,2024-07-25,1000000.00,4.478188,102.396484375
08:05:13,912810UA4,TSRYS5802849,D,B,C,2024-07-25,1000000.00,4.498297,102.0625
08:05:13,912810UA4,TSRYS5802849,D,S,D,2024-07-25,1000000.00,4.498297,102.0625
08:05:13,912810UA4,TSRYS5802849,D,S,D,2024-07-25,1000000.00,4.498297,102.0625
08:05:13,912810UA4,TSRYS5802849,D,S,D,2024-07-25,1000000.00,4.498297,102.0625
08:05:13,912810UA4,TSRYS5802849,D,S,D,2024-07-25,1000000.00,4.498297,102.0625
08:05:13,912810UA4,TSRYS5802849,D,S,D,2024-07-25,1000000.00,4.498297,102.0625
08:05:13,912810UA4,TSRYS5802849,D,S,D,2024-07-25,1000000.00,4.498297,102.0625
08:05:13,912810UA4,TSRYS5802849,D,B,C,2024-07-25,1000000.00,4.498297,102.0625
08:05:13,912810UA4,TSRYS5802849,D,S,T,2024-07-25,1000000.00,4.47854,102.390625
08:05:13,912810UA4,TSRYS5802849,D,S,C,2024-07-25,1000000.00,4.497355,102.078125
08:05:13,912810UA4,TSRYS5802849,D,S,C,2024-07-25,1000000.00,4.498282,102.06275
08:05:13,912810UA4,TSRYS5802849,D,S,D,2024-07-25,1000000.00,4.498297,102.0625
08:05:13,912810UA4,TSRYS5802849,D,S,C,2024-07-25,1000000.00,4.498297,102.0625
08:05:13,912810UA4,TSRYS5802849,D,S,C,2024-07-25,1000000.00,4.498297,102.0625
08:05:13,912810UA4,TSRYS5802849,D,B,C,2024-07-25,1000000.00,4.499241,102.046875
08:05:13,912810UA4,TSRYS5802849,D,S,C,2024-07-25,1000000.00,4.499241,102.046875
08:05:14,912810UA4,TSRYS5802849,D,B,C,2024-07-25,1000000.00,4.478071,102.3984375
08:05:14,912810UA4,TSRYS5802849,D,S,D,2024-07-25,1000000.00,4.478071,102.3984375
08:05:14,912810UA4,TSRYS5802849,D,B,C,2024-07-25,4000000.00,4.479244,102.37890625
08:05:14,912810UA4,TSRYS5802849,D,S,T,2024-07-25,1000000.00,4.478196,102.396359375
08:05:14,912810UA4,TSRYS5802849,D,S,T,2024-07-25,1000000.00,4.527641,101.577948
08:05:14,912810UA4,TSRYS5802849,D,S,D,2024-07-25,1000000.00,4.478071,102.3984375
08:05:14,912810UA4,TSRYS5802849,D,S,D,2024-07-25,1000000.00,4.478071,102.3984375
08:05:15,912810UA4,TSRYS5802849,D,S,T,2024-07-25,2000000.00,4.535243,101.452948
08:05:15,912810UA4,TSRYS5802849,D,S,C,2024-07-25,1000000.00,4.501127,102.015625
08:05:15,912810UA4,TSRYS5802849,D,S,D,2024-07-25,1000000.00,4.501127,102.015625
08:05:15,912810UA4,TSRYS5802849,D,S,D,2024-07-25,1000000.00,4.501127,102.015625
08:05:15,912810UA4,TSRYS5802849,D,S,D,2024-07-25,1000000.00,4.478071,102.3984375
08:05:15,912810UA4,TSRYS5802849,D,S,D,2024-07-25,1000000.00,4.501115,102.015825
08:05:15,912810UA4,TSRYS5802849,D,S,D,2024-07-25,1000000.00,4.501115,102.015825
08:05:15,912810UA4,TSRYS5802849,D,S,D,2024-07-25,1000000.00,4.501115,102.015825
08:05:15,912810UA4,TSRYS5802849,D,S,D,2024-07-25,1000000.00,4.501127,102.015625
08:05:15,912810UA4,TSRYS5802849,D,S,D,2024-07-25,1000000.00,4.501127,102.015625
08:05:15,912810UA4,TSRYS5802849,D,S,D,2024-07-25,1000000.00,4.501127,102.015625
08:05:15,912810UA4,TSRYS5802849,D,S,D,2024-07-25,1000000.00,4.478071,102.3984375
08:05:16,912810UA4,TSRYS5802849,D,B,C,2024-07-25,1000000.00,4.478071,102.3984375
08:05:16,912810UA4,TSRYS5802849,D,S,D,2024-07-25,1000000.00,4.478071,102.3984375
08:05:16,912810UA4,TSRYS5802849,D,S,D,2024-07-25,1000000.00,4.478071,102.3984375
08:05:16,912810UA4,TSRYS5802849,D,S,C,2024-07-25,1000000.00,4.50206,102.000175
08:05:16,912810UA4,TSRYS5802849,D,B,C,2024-07-25,1000000.00,4.478071,102.3984375
08:05:16,912810UA4,TSRYS5802849,D,B,C,2024-07-25,1000000.00,4.502071,102.0
08:05:16,912810UA4,TSRYS5802849,D,S,C,2024-07-25,1000000.00,4.502071,102.0
08:05:16,912810UA4,TSRYS5802849,D,S,T,2024-07-25,1000000.00,4.47854,102.390625
08:05:16,912810UA4,TSRYS5802849,D,S,C,2024-07-25,1000000.00,4.502071,102.0
08:05:16,912810UA4,TSRYS5802849,D,S,D,2024-07-25,1000000.00,4.499241,102.046875
08:05:16,912810UA4,TSRYS5802849,D,B,C,2024-07-25,1000000.00,4.499241,102.046875
08:05:16,912810UA4,TSRYS5802849,D,S,D,2024-07-25,1000000.00,4.499228,102.047075
08:05:16,912810UA4,TSRYS5802849,D,S,D,2024-07-25,1000000.00,4.499228,102.047075
08:05:16,912810UA4,TSRYS5802849,D,S,D,2024-07-25,1000000.00,4.499228,102.047075
08:05:16,912810UA4,TSRYS5802849,D,B,C,2024-07-25,1000000.00,4.499241,102.046875
08:05:16,912810UA4,TSRYS5802849,D,S,D,2024-07-25,1000000.00,4.497342,102.078325
08:05:16,912810UA4,TSRYS5802849,D,B,C,2024-07-25,1000000.00,4.497355,102.078125
08:05:16,912810UA4,TSRYS5802849,D,B,C,2024-07-25,1000000.00,4.497355,102.078125
08:05:16,912810UA4,TSRYS5802849,D,S,D,2024-07-25,1000000.00,4.497342,102.078325
08:05:16,912810UA4,TSRYS5802849,D,S,D,2024-07-25,1000000.00,4.497342,102.078325
08:05:16,912810UA4,TSRYS5802849,D,B,C,2024-07-25,1000000.00,4.497355,102.078125
08:05:16,912810UA4,TSRYS5802849,D,B,C,2024-07-25,1000000.00,4.497355,102.078125
08:05:16,912810UA4,TSRYS5802849,D,S,D,2024-07-25,1000000.00,4.497342,102.078325
08:05:16,912810UA4,TSRYS5802849,D,S,D,2024-07-25,1000000.00,4.497342,102.078325
08:05:16,912810UA4,TSRYS5802849,D,S,C,2024-07-25,1000000.00,4.497355,102.078125
08:05:16,912810UA4,TSRYS5802849,D,B,C,2024-07-25,1000000.00,4.49737,102.077875
08:05:16,912810UA4,TSRYS5802849,D,B,C,2024-07-25,1000000.00,4.496412,102.09375
08:05:16,912810UA4,TSRYS5802849,D,S,C,2024-07-25,1000000.00,4.4964,102.09395
08:05:16,912810UA4,TSRYS5802849,D,S,T,2024-07-25,1000000.00,4.47857,102.390125
08:05:16,912810UA4,TSRYS5802849,D,S,C,2024-07-25,1000000.00,4.497355,102.078125
08:05:16,912810UA4,TSRYS5802849,D,S,D,2024-07-25,1000000.00,4.497355,102.078125
08:05:17,912810UA4,TSRYS5802849,D,B,C,2024-07-25,1000000.00,4.498297,102.0625
08:05:17,912810UA4,TSRYS5802849,D,S,C,2024-07-25,1000000.00,4.498297,102.0625
08:05:17,912810UA4,TSRYS5802849,D,S,T,2024-07-25,1000000.00,4.477719,102.404296875
08:05:17,912810UA4,TSRYS5802849,D,B,C,2024-07-25,1000000.00,4.497355,102.078125
08:05:17,912810UA4,TSRYS5802849,D,S,C,2024-07-25,1000000.00,4.497355,102.078125
08:05:17,912810UA4,TSRYS5802849,D,S,D,2024-07-25,1000000.00,4.495469,102.109375
08:05:17,912810UA4,TSRYS5802849,D,B,C,2024-07-25,1000000.00,4.495469,102.109375
08:05:17,912810UA4,TSRYS5802849,D,S,C,2024-07-25,1000000.00,4.496412,102.09375
08:05:17,912810UA4,TSRYS5802849,D,B,C,2024-07-25,1000000.00,4.496424,102.09355
08:05:17,912810UA4,TSRYS5802849,D,S,C,2024-07-25,1000000.00,4.496412,102.09375
08:05:18,912810UA4,TSRYS5802849,D,S,D,2024-07-25,1000000.00,4.478306,102.39453125
08:05:18,912810UA4,TSRYS5802849,D,S,C,2024-07-25,1000000.00,4.496401,102.093925
08:05:18,912810UA4,TSRYS5802849,D,B,C,2024-07-25,1000000.00,4.496412,102.09375
08:05:18,912810UA4,TSRYS5802849,D,S,D,2024-07-25,2000000.00,4.497355,102.078125
08:05:18,912810UA4,TSRYS5802849,D,S,C,2024-07-25,1000000.00,4.497342,102.078325
08:05:18,912810UA4,TSRYS5802849,D,S,C,2024-07-25,1000000.00,4.497355,102.078125
08:05:18,912810UA4,TSRYS5802849,D,S,D,2024-07-25,2000000.00,4.497355,102.078125
08:05:18,912810UA4,TSRYS5802849,D,S,C,2024-07-25,1000000.00,4.497336,102.078425
08:05:18,912810UA4,TSRYS5802849,D,B,C,2024-07-25,1000000.00,4.497355,102.078125
08:05:18,912810UA4,TSRYS5802849,D,S,T,2024-07-25,1000000.00,4.47854,102.390625
08:05:18,912810UA4,TSRYS5802849,D,S,T,2024-07-25,1000000.00,4.47854,102.390625
08:05:18,912810UA4,TSRYS5802849,D,S,T,2024-07-25,1000000.00,4.47854,102.390625
08:05:19,912810UA4,TSRYS5802849,D,S,D,2024-07-25,1000000.00,4.478071,102.3984375
08:05:19,912810UA4,TSRYS5802849,D,S,D,2024-07-25,1000000.00,4.497355,102.078125
08:05:19,912810UA4,TSRYS5802849,D,S,C,2024-07-25,1000000.00,4.497355,102.078125
08:05:19,912810UA4,TSRYS5802849,D,S,T,2024-07-25,1000000.00,4.478306,102.39453125
08:05:20,912810UA4,TSRYS5802849,D,S,C,2024-07-25,1000000.00,4.496394,102.09405
08:05:20,912810UA4,TSRYS5802849,D,S,T,2024-07-25,1000000.00,4.478313,102.39440625
08:05:20,912810UA4,TSRYS5802849,D,S,C,2024-07-25,1000000.00,4.496412,102.09375
08:05:20,912810UA4,TSRYS5802849,D,B,C,2024-07-25,1000000.00,4.496412,102.09375
08:05:20,912810UA4,TSRYS5802849,D,S,D,2024-07-25,1000000.00,4.496403,102.0939
08:05:20,912810UA4,TSRYS5802849,D,B,C,2024-07-25,1000000.00,4.497355,102.078125
08:05:20,912810UA4,TSRYS5802849,D,S,D,2024-07-25,1000000.00,4.497355,102.078125
08:05:21,912810UA4,TSRYS5802849,D,B,C,2024-07-25,1000000.00,4.495469,102.109375
08:05:21,912810UA4,TSRYS5802849,D,S,C,2024-07-25,1000000.00,4.495451,102.109675
08:05:21,912810UA4,TSRYS5802849,D,S,C,2024-07-25,1000000.00,4.479244,102.37890625
08:05:21,912810UA4,TSRYS5802849,D,B,C,2024-07-25,1000000.00,4.494536,102.124848
08:05:21,912810UA4,TSRYS5802849,D,S,C,2024-07-25,1000000.00,4.494527,102.125
08:05:21,912810UA4,TSRYS5802849,D,B,C,2024-07-25,1000000.00,4.495469,102.109375
08:05:21,912810UA4,TSRYS5802849,D,S,C,2024-07-25,1000000.00,4.495459,102.10955
08:05:21,912810UA4,TSRYS5802849,D,S,C,2024-07-25,1000000.00,4.493575,102.1408
08:05:21,912810UA4,TSRYS5802849,D,B,C,2024-07-25,1000000.00,4.493585,102.140625
08:05:22,912810UA4,TSRYS5802849,D,S,C,2024-07-25,1000000.00,4.492643,102.15625
08:05:22,912810UA4,TSRYS5802849,D,B,C,2024-07-25,1000000.00,4.492658,102.156
08:05:22,912810UA4,TSRYS5802849,D,S,D,2024-07-25,1000000.00,4.49076,102.1875
08:05:22,912810UA4,TSRYS5802849,D,B,C,2024-07-25,1000000.00,4.49076,102.1875
08:05:23,912810UA4,TSRYS5802849,D,S,T,2024-07-25,1000000.00,4.47854,102.390625
08:05:23,912810UA4,TSRYS5802849,D,B,C,2024-07-25,1000000.00,4.49076,102.1875
08:05:23,912810UA4,TSRYS5802849,D,S,C,2024-07-25,1000000.00,4.49076,102.1875
08:05:23,912810UA4,TSRYS5802849,D,S,C,2024-07-25,1000000.00,4.49076,102.1875
08:05:23,912810UA4,TSRYS5802849,D,S,D,2024-07-25,1000000.00,4.489819,102.203125
08:05:23,912810UA4,TSRYS5802849,D,B,C,2024-07-25,1000000.00,4.489825,102.203025
08:05:23,912810UA4,TSRYS5802849,D,S,D,2024-07-25,1000000.00,4.489819,102.203125
08:05:23,912810UA4,TSRYS5802849,D,B,C,2024-07-25,1000000.00,4.489828,102.202973
08:05:24,912810UA4,TSRYS5802849,D,S,C,2024-07-25,1000000.00,4.489819,102.203125
08:05:24,912810UA4,TSRYS5802849,D,S,D,2024-07-25,1000000.00,4.489819,102.203125
08:05:24,912810UA4,TSRYS5802849,D,S,D,2024-07-25,2000000.00,4.489819,102.203125
08:05:24,912810UA4,TSRYS5802849,D,B,C,2024-07-25,2000000.00,4.489819,102.203125
08:05:24,912810UA4,TSRYS5802849,D,S,D,2024-07-25,2000000.00,4.489811,102.203255
08:05:24,912810UA4,TSRYS5802849,D,B,C,2024-07-25,1000000.00,4.489819,102.203125
08:05:24,912810UA4,TSRYS5802849,D,S,D,2024-07-25,1000000.00,4.489811,102.203255
08:05:24,912810UA4,TSRYS5802849,D,S,D,2024-07-25,2000000.00,4.489811,102.203255
08:05:24,912810UA4,TSRYS5802849,D,B,C,2024-07-25,1000000.00,4.489819,102.203125
08:05:24,912810UA4,TSRYS5802849,D,S,D,2024-07-25,1000000.00,4.489811,102.203255
08:05:24,912810UA4,TSRYS5802849,D,B,C,2024-07-25,2000000.00,4.489819,102.203125
08:05:24,912810UA4,TSRYS5802849,D,S,C,2024-07-25,1000000.00,4.487927,102.23455
08:05:24,912810UA4,TSRYS5802849,D,B,C,2024-07-25,1000000.00,4.487952,102.234125
08:05:25,912810UA4,TSRYS5802849,D,S,C,2024-07-25,1000000.00,4.488866,102.21895
08:05:25,912810UA4,TSRYS5802849,D,S,C,2024-07-25,1000000.00,4.488867,102.218925
08:05:25,912810UA4,TSRYS5802849,D,B,C,2024-07-25,1000000.00,4.488878,102.21875
08:05:25,912810UA4,TSRYS5802849,D,S,C,2024-07-25,1000000.00,4.488878,102.21875
08:05:25,912810UA4,TSRYS5802849,D,S,C,2024-07-25,1000000.00,4.488878,102.21875
08:05:25,912810UA4,TSRYS5802849,D,S,C,2024-07-25,1000000.00,4.488878,102.21875
08:05:25,912810UA4,TSRYS5802849,D,S,C,2024-07-25,1000000.00,4.488867,102.218925
08:05:25,912810UA4,TSRYS5802849,D,B,C,2024-07-25,1000000.00,4.488878,102.21875
08:05:25,912810UA4,TSRYS5802849,D,S,C,2024-07-25,1000000.00,4.488867,102.218925
08:05:25,912810UA4,TSRYS5802849,D,S,C,2024-07-25,1000000.00,4.488878,102.21875
08:05:25,912810UA4,TSRYS5802849,D,B,C,2024-07-25,1000000.00,4.489819,102.203125
08:05:25,912810UA4,TSRYS5802849,D,S,C,2024-07-25,1000000.00,4.489819,102.203125
08:05:26,912810UA4,TSRYS5802849,D,S,C,2024-07-25,1000000.00,4.489819,102.203125
08:05:26,912810UA4,TSRYS5802849,D,B,C,2024-07-25,1000000.00,4.489825,102.203025
08:05:26,912810UA4,TSRYS5802849,D,S,T,2024-07-25,1000000.00,4.479714,102.37109375
08:05:26,912810UA4,TSRYS5802849,D,S,T,2024-07-25,1000000.00,4.479714,102.37109375
08:05:26,912810UA4,TSRYS5802849,D,S,T,2024-07-25,1000000.00,4.479488,102.37485
08:05:26,912810UA4,TSRYS5802849,D,S,T,2024-07-25,1000000.00,4.477961,102.400265625
08:05:26,912810UA4,TSRYS5802849,D,B,C,2024-07-25,1000000.00,4.49076,102.1875
08:05:26,912810UA4,TSRYS5802849,D,S,C,2024-07-25,1000000.00,4.490742,102.1878
08:05:27,912810UA4,TSRYS5802849,D,S,D,2024-07-25,2000000.00,4.489819,102.203125
08:05:27,912810UA4,TSRYS5802849,D,S,C,2024-07-25,1000000.00,4.489819,102.203125
08:05:27,912810UA4,TSRYS5802849,D,S,T,2024-07-25,1000000.00,4.477961,102.400265625
08:05:27,912810UA4,TSRYS5802849,D,S,C,2024-07-25,2000000.00,4.49075,102.187675
08:05:27,912810UA4,TSRYS5802849,D,S,D,2024-07-25,1000000.00,4.49076,102.1875
08:05:27,912810UA4,TSRYS5802849,D,B,C,2024-07-25,1000000.00,4.491702,102.171875
08:05:27,912810UA4,TSRYS5802849,D,S,C,2024-07-25,1000000.00,4.491691,102.17205
08:05:27,912810UA4,TSRYS5802849,D,S,C,2024-07-25,1000000.00,4.491691,102.17205
08:05:27,912810UA4,TSRYS5802849,D,S,D,2024-07-25,1000000.00,4.491693,102.172025
08:05:27,912810UA4,TSRYS5802849,D,S,C,2024-07-25,1000000.00,4.491691,102.17205
08:05:27,912810UA4,TSRYS5802849,D,B,C,2024-07-25,1000000.00,4.491702,102.171875
08:05:27,912810UA4,TSRYS5802849,D,S,D,2024-07-25,1000000.00,4.491702,102.171875
08:05:27,912810UA4,TSRYS5802849,D,B,C,2024-07-25,1000000.00,4.491702,102.171875
08:05:27,912810UA4,TSRYS5802849,D,S,C,2024-07-25,1000000.00,4.491691,102.17205
08:05:27,912810UA4,TSRYS5802849,D,S,D,2024-07-25,1000000.00,4.491693,102.172025
08:05:27,912810UA4,TSRYS5802849,D,S,T,2024-07-25,1000000.00,4.477954,102.400390625
08:05:27,912810UA4,TSRYS5802849,D,S,D,2024-07-25,1000000.00,4.491693,102.172025
08:05:27,912810UA4,TSRYS5802849,D,S,C,2024-07-25,1000000.00,4.491691,102.17205
08:05:28,912810UA4,TSRYS5802849,D,S,C,2024-07-25,1000000.00,4.493585,102.140625
08:05:28,912810UA4,TSRYS5802849,D,B,C,2024-07-25,1000000.00,4.493597,102.140425
08:05:28,912810UA4,TSRYS5802849,D,S,C,2024-07-25,1000000.00,4.493585,102.140625
08:05:28,912810UA4,TSRYS5802849,D,S,D,2024-07-25,2000000.00,4.493585,102.140625
08:05:28,912810UA4,TSRYS5802849,D,S,D,2024-07-25,1000000.00,4.493585,102.140625
08:05:28,912810UA4,TSRYS5802849,D,S,D,2024-07-25,1000000.00,4.492643,102.15625
08:05:28,912810UA4,TSRYS5802849,D,B,C,2024-07-25,1000000.00,4.492643,102.15625
08:05:29,912810UA4,TSRYS5802849,D,S,C,2024-07-25,1000000.00,4.493567,102.140925
08:05:29,912810UA4,TSRYS5802849,D,B,C,2024-07-25,1000000.00,4.492643,102.15625
08:05:29,912810UA4,TSRYS5802849,D,S,D,2024-07-25,1000000.00,4.492635,102.15638
08:05:29,912810UA4,TSRYS5802849,D,S,D,2024-07-25,6000000.00,4.492635,102.15638
08:05:29,912810UA4,TSRYS5802849,D,B,C,2024-07-25,6000000.00,4.492643,102.15625
08:05:29,912810UA4,TSRYS5802849,D,S,C,2024-07-25,1000000.00,4.49076,102.1875
08:05:29,912810UA4,TSRYS5802849,D,B,C,2024-07-25,1000000.00,4.491702,102.171875
08:05:29,912810UA4,TSRYS5802849,D,S,D,2024-07-25,1000000.00,4.491693,102.172025
08:05:29,912810UA4,TSRYS5802849,D,B,C,2024-07-25,1000000.00,4.491702,102.171875
08:05:29,912810UA4,TSRYS5802849,D,S,C,2024-07-25,1000000.00,4.491702,102.171875
08:05:30,912810UA4,TSRYS5802849,D,S,C,2024-07-25,1000000.00,4.492643,102.15625
08:05:30,912810UA4,TSRYS5802849,D,B,C,2024-07-25,1000000.00,4.492652,102.156098
08:05:30,912810UA4,TSRYS5802849,D,S,C,2024-07-25,1000000.00,4.492643,102.15625
08:05:30,912810UA4,TSRYS5802849,D,B,C,2024-07-25,1000000.00,4.492652,102.156098
08:05:30,912810UA4,TSRYS5802849,D,B,C,2024-07-25,1000000.00,4.492652,102.156098
08:05:30,912810UA4,TSRYS5802849,D,S,D,2024-07-25,1000000.00,4.492643,102.15625
08:05:30,912810UA4,TSRYS5802849,D,S,D,2024-07-25,1000000.00,4.492635,102.15638
08:05:30,912810UA4,TSRYS5802849,D,B,C,2024-07-25,2000000.00,4.492652,102.156098
08:05:30,912810UA4,TSRYS5802849,D,S,D,2024-07-25,1000000.00,4.492635,102.15638
08:05:30,912810UA4,TSRYS5802849,D,S,D,2024-07-25,2000000.00,4.492635,102.15638
08:05:30,912810UA4,TSRYS5802849,D,B,C,2024-07-25,1000000.00,4.492652,102.156098
08:05:30,912810UA4,TSRYS5802849,D,B,C,2024-07-25,2000000.00,4.492643,102.15625
08:05:30,912810UA4,TSRYS5802849,D,S,D,2024-07-25,2000000.00,4.492635,102.15638
08:05:30,912810UA4,TSRYS5802849,D,B,C,2024-07-25,1000000.00,4.492643,102.15625
08:05:30,912810UA4,TSRYS5802849,D,S,D,2024-07-25,1000000.00,4.492635,102.15638
08:05:31,912810UA4,TSRYS5802849,D,B,C,2024-07-25,1000000.00,4.510456,101.861328125
08:05:31,912810UA4,TSRYS5802849,D,S,D,2024-07-25,1000000.00,4.510456,101.861328125
08:05:31,912810UA4,TSRYS5802849,D,B,C,2024-07-25,1000000.00,4.510456,101.861328125
08:05:31,912810UA4,TSRYS5802849,D,S,D,2024-07-25,1000000.00,4.510456,101.861328125
08:05:31,912810UA4,TSRYS5802849,D,S,D,2024-07-25,1000000.00,4.510456,101.861328125
08:05:31,912810UA4,TSRYS5802849,D,S,D,2024-07-25,1000000.00,4.509037,101.884765625
08:05:31,912810UA4,TSRYS5802849,D,S,D,2024-07-25,1000000.00,4.51152,101.84375
08:05:31,912810UA4,TSRYS5802849,D,S,C,2024-07-25,1000000.00,4.51152,101.84375
08:05:31,912810UA4,TSRYS5802849,D,S,D,2024-07-25,1000000.00,4.51152,101.84375
08:05:31,912810UA4,TSRYS5802849,D,S,D,2024-07-25,1000000.00,4.51152,101.84375
08:05:31,912810UA4,TSRYS5802849,D,S,D,2024-07-25,1000000.00,4.51152,101.84375
08:05:31,912810UA4,TSRYS5802849,D,S,C,2024-07-25,1000000.00,4.496397,102.094
08:05:31,912810UA4,TSRYS5802849,D,B,C,2024-07-25,1000000.00,4.496412,102.09375
08:05:31,912810UA4,TSRYS5802849,D,S,C,2024-07-25,1000000.00,4.496394,102.09405
08:05:32,912810UA4,TSRYS5802849,D,S,C,2024-07-25,1000000.00,4.495457,102.109575
08:05:32,912810UA4,TSRYS5802849,D,B,C,2024-07-25,1000000.00,4.495469,102.109375
08:05:32,912810UA4,TSRYS5802849,D,S,C,2024-07-25,1000000.00,4.495457,102.109575
08:05:32,912810UA4,TSRYS5802849,D,S,D,2024-07-25,1000000.00,4.495469,102.109375
08:05:32,912810UA4,TSRYS5802849,D,S,D,2024-07-25,1000000.00,4.495469,102.109375
08:05:32,912810UA4,TSRYS5802849,D,S,D,2024-07-25,1000000.00,4.495469,102.109375
08:05:32,912810UA4,TSRYS5802849,D,B,C,2024-07-25,1000000.00,4.495469,102.109375
08:05:32,912810UA4,TSRYS5802849,D,B,C,2024-07-25,1000000.00,4.509628,101.875
08:05:32,912810UA4,TSRYS5802849,D,S,D,2024-07-25,1000000.00,4.509628,101.875
08:05:33,912810UA4,TSRYS5802849,D,S,C,2024-07-25,1000000.00,4.495469,102.109375
08:05:33,912810UA4,TSRYS5802849,D,S,T,2024-07-25,1000000.00,4.47857,102.390125
08:05:33,912810UA4,TSRYS5802849,D,S,D,2024-07-25,1000000.00,4.495469,102.109375
08:05:33,912810UA4,TSRYS5802849,D,B,C,2024-07-25,1000000.00,4.49548,102.1092
08:05:33,912810UA4,TSRYS5802849,D,S,D,2024-07-25,1000000.00,4.494527,102.125
08:05:33,912810UA4,TSRYS5802849,D,B,C,2024-07-25,1000000.00,4.494527,102.125
08:05:33,912810UA4,TSRYS5802849,D,S,T,2024-07-25,1000000.00,4.47857,102.390125
08:05:34,912810UA4,TSRYS5802849,D,S,T,2024-07-25,1000000.00,4.47857,102.390125
08:05:34,912810UA4,TSRYS5802849,D,B,C,2024-07-25,1000000.00,4.491711,102.171725
08:05:34,912810UA4,TSRYS5802849,D,S,C,2024-07-25,1000000.00,4.491688,102.1721
08:05:34,912810UA4,TSRYS5802849,D,S,C,2024-07-25,1000000.00,4.491688,102.1721
08:05:34,912810UA4,TSRYS5802849,D,B,C,2024-07-25,1000000.00,4.491714,102.171675
08:05:34,912810UA4,TSRYS5802849,D,B,C,2024-07-25,1000000.00,4.491712,102.1717
08:05:34,912810UA4,TSRYS5802849,D,S,C,2024-07-25,1000000.00,4.491688,102.1721
08:05:34,912810UA4,TSRYS5802849,D,S,C,2024-07-25,1000000.00,4.491688,102.1721
08:05:34,912810UA4,TSRYS5802849,D,S,C,2024-07-25,1000000.00,4.491688,102.1721
08:05:34,912810UA4,TSRYS5802849,D,B,C,2024-07-25,1000000.00,4.491714,102.171675
08:05:35,912810UA4,TSRYS5802849,D,S,C,2024-07-25,1000000.00,4.49075,102.187675
08:05:35,912810UA4,TSRYS5802849,D,B,C,2024-07-25,1000000.00,4.49076,102.1875
08:05:35,912810UA4,TSRYS5802849,D,B,C,2024-07-25,1000000.00,4.492652,102.1561
08:05:35,912810UA4,TSRYS5802849,D,S,C,2024-07-25,1000000.00,4.492631,102.15645
08:05:35,912810UA4,TSRYS5802849,D,B,C,2024-07-25,1000000.00,4.492652,102.1561
08:05:35,912810UA4,TSRYS5802849,D,S,C,2024-07-25,1000000.00,4.492643,102.15625
08:05:35,912810UA4,TSRYS5802849,D,S,C,2024-07-25,1000000.00,4.492643,102.15625
08:05:36,912810UA4,TSRYS5802849,D,S,D,2024-07-25,1000000.00,4.507738,101.90625
08:05:36,912810UA4,TSRYS5802849,D,S,C,2024-07-25,1000000.00,4.49169,102.172075
08:05:36,912810UA4,TSRYS5802849,D,B,C,2024-07-25,1000000.00,4.491702,102.171875
08:05:36,912810UA4,TSRYS5802849,D,B,C,2024-07-25,1000000.00,4.492643,102.15625
08:05:36,912810UA4,TSRYS5802849,D,S,C,2024-07-25,1000000.00,4.492643,102.15625
08:05:36,912810UA4,TSRYS5802849,D,S,C,2024-07-25,1000000.00,4.494527,102.125
08:05:36,912810UA4,TSRYS5802849,D,S,C,2024-07-25,1000000.00,4.494527,102.125
08:05:36,912810UA4,TSRYS5802849,D,S,C,2024-07-25,1000000.00,4.495469,102.109375
08:05:37,912810UA4,TSRYS5802849,D,B,C,2024-07-25,1000000.00,4.496421,102.0936
08:05:37,912810UA4,TSRYS5802849,D,S,C,2024-07-25,1000000.00,4.496412,102.09375
08:05:37,912810UA4,TSRYS5802849,D,B,C,2024-07-25,1000000.00,4.495469,102.109375
08:05:37,912810UA4,TSRYS5802849,D,S,C,2024-07-25,1000000.00,4.495463,102.109475
08:05:37,912810UA4,TSRYS5802849,D,S,C,2024-07-25,1000000.00,4.496397,102.094
08:05:37,912810UA4,TSRYS5802849,D,S,C,2024-07-25,1000000.00,4.496412,102.09375
08:05:37,912810UA4,TSRYS5802849,D,B,C,2024-07-25,1000000.00,4.496412,102.09375
08:05:37,912810UA4,TSRYS5802849,D,S,C,2024-07-25,1000000.00,4.496412,102.09375
08:05:37,912810UA4,TSRYS5802849,D,S,C,2024-07-25,1000000.00,4.497355,102.078125
08:05:37,912810UA4,TSRYS5802849,D,S,C,2024-07-25,1000000.00,4.497355,102.078125
08:05:37,912810UA4,TSRYS5802849,D,S,D,2024-07-25,1000000.00,4.497355,102.078125
08:05:37,912810UA4,TSRYS5802849,D,S,C,2024-07-25,1000000.00,4.497346,102.078275
08:05:37,912810UA4,TSRYS5802849,D,B,C,2024-07-25,1000000.00,4.497355,102.078125
08:05:37,912810UA4,TSRYS5802849,D,S,C,2024-07-25,1000000.00,4.497355,102.078125
08:05:37,912810UA4,TSRYS5802849,D,B,C,2024-07-25,1000000.00,4.497355,102.078125
08:05:38,912810UA4,TSRYS5802849,D,S,C,2024-07-25,1000000.00,4.497344,102.0783
08:05:38,912810UA4,TSRYS5802849,D,S,C,2024-07-25,1000000.00,4.497355,102.078125
08:05:38,912810UA4,TSRYS5802849,D,S,C,2024-07-25,1000000.00,4.497355,102.078125
08:05:38,912810UA4,TSRYS5802849,D,S,C,2024-07-25,1000000.00,4.498297,102.0625
08:05:38,912810UA4,TSRYS5802849,D,S,C,2024-07-25,1000000.00,4.498297,102.0625
08:05:38,912810UA4,TSRYS5802849,D,B,C,2024-07-25,1000000.00,4.498307,102.062348
08:05:38,912810UA4,TSRYS5802849,D,S,C,2024-07-25,1000000.00,4.498282,102.06275
08:05:38,912810UA4,TSRYS5802849,D,S,C,2024-07-25,1000000.00,4.498297,102.0625
08:05:38,912810UA4,TSRYS5802849,D,S,C,2024-07-25,1000000.00,4.498297,102.0625
08:05:38,912810UA4,TSRYS5802849,D,B,C,2024-07-25,1000000.00,4.498307,102.062348
08:05:38,912810UA4,TSRYS5802849,D,B,C,2024-07-25,1000000.00,4.498307,102.062348
08:05:38,912810UA4,TSRYS5802849,D,B,C,2024-07-25,1000000.00,4.498307,102.062348
08:05:38,912810UA4,TSRYS5802849,D,S,C,2024-07-25,1000000.00,4.498282,102.06275
08:05:38,912810UA4,TSRYS5802849,D,S,C,2024-07-25,1000000.00,4.497355,102.078125
08:05:38,912810UA4,TSRYS5802849,D,B,C,2024-07-25,1000000.00,4.497355,102.078125
08:05:39,912810UA4,TSRYS5802849,D,S,C,2024-07-25,1000000.00,4.510574,101.859375
08:05:39,912810UA4,TSRYS5802849,D,B,C,2024-07-25,1000000.00,4.509628,101.875
08:05:39,912810UA4,TSRYS5802849,D,S,D,2024-07-25,1000000.00,4.509628,101.875
08:05:39,912810UA4,TSRYS5802849,D,S,C,2024-07-25,1000000.00,4.497336,102.078425
08:05:39,912810UA4,TSRYS5802849,D,S,C,2024-07-25,1000000.00,4.497355,102.078125
08:05:39,912810UA4,TSRYS5802849,D,S,D,2024-07-25,2000000.00,4.498297,102.0625
08:05:39,912810UA4,TSRYS5802849,D,S,C,2024-07-25,1000000.00,4.498297,102.0625
08:05:39,912810UA4,TSRYS5802849,D,S,C,2024-07-25,1000000.00,4.498297,102.0625
08:05:39,912810UA4,TSRYS5802849,D,S,D,2024-07-25,2000000.00,4.498297,102.0625
08:05:39,912810UA4,TSRYS5802849,D,S,C,2024-07-25,1000000.00,4.49923,102.04705
08:05:39,912810UA4,TSRYS5802849,D,S,C,2024-07-25,1000000.00,4.499234,102.046975
08:05:39,912810UA4,TSRYS5802849,D,B,C,2024-07-25,1000000.00,4.499241,102.046875
08:05:39,912810UA4,TSRYS5802849,D,B,C,2024-07-25,1000000.00,4.499241,102.046875
08:05:39,912810UA4,TSRYS5802849,D,S,C,2024-07-25,1000000.00,4.49923,102.04705
08:05:39,912810UA4,TSRYS5802849,D,S,C,2024-07-25,1000000.00,4.500172,102.03145
08:05:39,912810UA4,TSRYS5802849,D,B,C,2024-07-25,1000000.00,4.500184,102.03125
08:05:40,912810UA4,TSRYS5802849,D,S,D,2024-07-25,3000000.00,4.500184,102.03125
08:05:40,912810UA4,TSRYS5802849,D,S,D,2024-07-25,1000000.00,4.500184,102.03125
08:05:40,912810UA4,TSRYS5802849,D,S,C,2024-07-25,1000000.00,4.499241,102.046875
08:05:40,912810UA4,TSRYS5802849,D,B,C,2024-07-25,1000000.00,4.499241,102.046875
08:05:40,912810UA4,TSRYS5802849,D,S,C,2024-07-25,1000000.00,4.499228,102.047075
08:05:40,912810UA4,TSRYS5802849,D,B,C,2024-07-25,1000000.00,4.499241,102.046875
08:05:40,912810UA4,TSRYS5802849,D,S,D,2024-07-25,1000000.00,4.500184,102.03125
08:05:40,912810UA4,TSRYS5802849,D,S,D,2024-07-25,2000000.00,4.500184,102.03125
08:05:40,912810UA4,TSRYS5802849,D,B,C,2024-07-25,1000000.00,4.500184,102.03125
08:05:40,912810UA4,TSRYS5802849,D,S,D,2024-07-25,2000000.00,4.500184,102.03125
08:05:40,912810UA4,TSRYS5802849,D,S,D,2024-07-25,1000000.00,4.500184,102.03125
08:05:40,912810UA4,TSRYS5802849,D,S,C,2024-07-25,1000000.00,4.499241,102.046875
08:05:40,912810UA4,TSRYS5802849,D,S,D,2024-07-25,1000000.00,4.510574,101.859375
08:05:40,912810UA4,TSRYS5802849,D,S,D,2024-07-25,1000000.00,4.499241,102.046875
08:05:40,912810UA4,TSRYS5802849,D,B,C,2024-07-25,1000000.00,4.499241,102.046875
08:05:40,912810UA4,TSRYS5802849,D,S,D,2024-07-25,1000000.00,4.499241,102.046875
08:05:40,912810UA4,TSRYS5802849,D,S,D,2024-07-25,1000000.00,4.499241,102.046875
08:05:40,912810UA4,TSRYS5802849,D,B,C,2024-07-25,1000000.00,4.499241,102.046875
08:05:40,912810UA4,TSRYS5802849,D,S,D,2024-07-25,1000000.00,4.499241,102.046875
08:05:40,912810UA4,TSRYS5802849,D,S,D,2024-07-25,1000000.00,4.499241,102.046875
08:05:40,912810UA4,TSRYS5802849,D,S,D,2024-07-25,1000000.00,4.499241,102.046875
08:05:40,912810UA4,TSRYS5802849,D,S,D,2024-07-25,1000000.00,4.499241,102.046875
08:05:40,912810UA4,TSRYS5802849,D,S,D,2024-07-25,1000000.00,4.499241,102.046875
08:05:40,912810UA4,TSRYS5802849,D,S,D,2024-07-25,1000000.00,4.499241,102.046875
08:05:40,912810UA4,TSRYS5802849,D,S,D,2024-07-25,1000000.00,4.499241,102.046875
08:05:41,912810UA4,TSRYS5802849,D,S,D,2024-07-25,1000000.00,4.508683,101.890625
08:05:41,912810UA4,TSRYS5802849,D,S,D,2024-07-25,1000000.00,4.509392,101.87890625
08:05:41,912810UA4,TSRYS5802849,D,S,D,2024-07-25,1000000.00,4.509392,101.87890625
08:05:41,912810UA4,TSRYS5802849,D,S,C,2024-07-25,1000000.00,4.49923,102.04705
08:05:41,912810UA4,TSRYS5802849,D,S,C,2024-07-25,2000000.00,4.499241,102.046875
08:05:41,912810UA4,TSRYS5802849,D,S,C,2024-07-25,1000000.00,4.499241,102.046875
08:05:41,912810UA4,TSRYS5802849,D,S,D,2024-07-25,1000000.00,4.499241,102.046875
08:05:41,912810UA4,TSRYS5802849,D,S,D,2024-07-25,1000000.00,4.51081,101.85546875
08:05:41,912810UA4,TSRYS5802849,D,S,D,2024-07-25,1000000.00,4.51081,101.85546875
08:05:41,912810UA4,TSRYS5802849,D,S,C,2024-07-25,1000000.00,4.500166,102.03155
08:05:41,912810UA4,TSRYS5802849,D,B,C,2024-07-25,1000000.00,4.500196,102.03105
08:05:41,912810UA4,TSRYS5802849,D,S,D,2024-07-25,1000000.00,4.51081,101.85546875
08:05:41,912810UA4,TSRYS5802849,D,S,D,2024-07-25,1000000.00,4.528579,101.5625
08:05:41,912810UA4,TSRYS5802849,D,S,D,2024-07-25,1000000.00,4.51081,101.85546875
08:05:41,912810UA4,TSRYS5802849,D,S,D,2024-07-25,1000000.00,4.51081,101.85546875
08:05:41,912810UA4,TSRYS5802849,D,B,C,2024-07-25,1000000.00,4.500184,102.03125
08:05:41,912810UA4,TSRYS5802849,D,S,C,2024-07-25,1000000.00,4.500178,102.03135
08:05:42,912810UA4,TSRYS5802849,D,S,C,2024-07-25,1000000.00,4.498282,102.06275
08:05:42,912810UA4,TSRYS5802849,D,B,C,2024-07-25,1000000.00,4.498306,102.06235
08:05:42,912810UA4,TSRYS5802849,D,S,C,2024-07-25,1000000.00,4.498285,102.0627
08:05:42,912810UA4,TSRYS5802849,D,B,C,2024-07-25,1000000.00,4.498306,102.06235
08:05:42,912810UA4,TSRYS5802849,D,S,C,2024-07-25,1000000.00,4.498297,102.0625
08:05:42,912810UA4,TSRYS5802849,D,S,C,2024-07-25,1000000.00,4.498282,102.06275
08:05:42,912810UA4,TSRYS5802849,D,S,D,2024-07-25,1000000.00,4.498297,102.0625
08:05:42,912810UA4,TSRYS5802849,D,S,D,2024-07-25,1000000.00,4.499241,102.046875
08:05:43,912810UA4,TSRYS5802849,D,S,D,2024-07-25,1000000.00,4.475022,102.44921875
08:05:43,912810UA4,TSRYS5802849,D,S,C,2024-07-25,1000000.00,4.475374,102.443359375
08:05:43,912810UA4,TSRYS5802849,D,B,C,2024-07-25,1000000.00,4.500194,102.031075
08:05:43,912810UA4,TSRYS5802849,D,S,C,2024-07-25,1000000.00,4.500184,102.03125
08:05:43,912810UA4,TSRYS5802849,D,S,D,2024-07-25,1000000.00,4.499241,102.046875
08:05:43,912810UA4,TSRYS5802849,D,S,D,2024-07-25,1000000.00,4.510101,101.8671875
08:05:43,912810UA4,TSRYS5802849,D,S,D,2024-07-25,1000000.00,4.510337,101.86328125
08:05:43,912810UA4,TSRYS5802849,D,S,C,2024-07-25,1000000.00,4.499241,102.046875
08:05:43,912810UA4,TSRYS5802849,D,S,C,2024-07-25,1000000.00,4.499241,102.046875
08:05:44,912810UA4,TSRYS5802849,D,S,C,2024-07-25,1000000.00,4.49923,102.04705
08:05:44,912810UA4,TSRYS5802849,D,B,C,2024-07-25,1000000.00,4.499241,102.046875
08:05:44,912810UA4,TSRYS5802849,D,S,C,2024-07-25,1000000.00,4.498297,102.0625
08:05:44,912810UA4,TSRYS5802849,D,B,C,2024-07-25,1000000.00,4.49831,102.0623
08:05:44,912810UA4,TSRYS5802849,D,B,C,2024-07-25,1000000.00,4.497355,102.078125
08:05:44,912810UA4,TSRYS5802849,D,S,D,2024-07-25,1000000.00,4.497341,102.078352
08:05:44,912810UA4,TSRYS5802849,D,B,C,2024-07-25,1000000.00,4.496412,102.09375
08:05:44,912810UA4,TSRYS5802849,D,S,D,2024-07-25,1000000.00,4.496412,102.09375
08:05:44,912810UA4,TSRYS5802849,D,S,C,2024-07-25,1000000.00,4.496401,102.093925
08:05:44,912810UA4,TSRYS5802849,D,B,C,2024-07-25,1000000.00,4.496412,102.09375
08:05:45,912810UA4,TSRYS5802849,D,B,C,2024-07-25,1000000.00,4.49831,102.0623
08:05:45,912810UA4,TSRYS5802849,D,S,C,2024-07-25,1000000.00,4.498297,102.0625
08:05:45,912810UA4,TSRYS5802849,D,S,D,2024-07-25,1000000.00,4.497355,102.078125
08:05:45,912810UA4,TSRYS5802849,D,S,C,2024-07-25,2000000.00,4.497355,102.078125
08:05:45,912810UA4,TSRYS5802849,D,S,C,2024-07-25,1000000.00,4.496412,102.09375
08:05:45,912810UA4,TSRYS5802849,D,S,C,2024-07-25,1000000.00,4.497355,102.078125
08:05:45,912810UA4,TSRYS5802849,D,B,C,2024-07-25,1000000.00,4.497355,102.078125
08:05:45,912810UA4,TSRYS5802849,D,S,C,2024-07-25,1000000.00,4.497355,102.078125
08:05:45,912810UA4,TSRYS5802849,D,S,C,2024-07-25,1000000.00,4.496412,102.09375
08:05:45,912810UA4,TSRYS5802849,D,B,C,2024-07-25,1000000.00,4.496427,102.0935
08:05:45,912810UA4,TSRYS5802849,D,S,C,2024-07-25,1000000.00,4.496401,102.093925
08:05:45,912810UA4,TSRYS5802849,D,S,D,2024-07-25,1000000.00,4.496403,102.0939
08:05:45,912810UA4,TSRYS5802849,D,B,C,2024-07-25,1000000.00,4.496412,102.09375
08:05:45,912810UA4,TSRYS5802849,D,S,C,2024-07-25,1000000.00,4.497355,102.078125
08:05:45,912810UA4,TSRYS5802849,D,S,D,2024-07-25,1000000.00,4.497355,102.078125
08:05:45,912810UA4,TSRYS5802849,D,S,D,2024-07-25,1000000.00,4.497355,102.078125
08:05:45,912810UA4,TSRYS5802849,D,S,D,2024-07-25,1000000.00,4.497355,102.078125
08:05:45,912810UA4,TSRYS5802849,D,S,D,2024-07-25,1000000.00,4.497355,102.078125
08:05:45,912810UA4,TSRYS5802849,D,S,C,2024-07-25,1000000.00,4.497355,102.078125
08:05:46,912810UA4,TSRYS5802849,D,S,C,2024-07-25,1000000.00,4.496401,102.093925
08:05:46,912810UA4,TSRYS5802849,D,S,D,2024-07-25,1000000.00,4.496412,102.09375
08:05:46,912810UA4,TSRYS5802849,D,B,A,2024-07-25,50MM+,4.480418,102.359375
08:05:46,912810UA4,TSRYS5802849,D,S,D,2024-07-25,1000000.00,4.496412,102.09375
08:05:46,912810UA4,TSRYS5802849,D,S,C,2024-07-25,1000000.00,4.495459,102.10955
08:05:46,912810UA4,TSRYS5802849,D,B,C,2024-07-25,1000000.00,4.495469,102.109375
08:05:46,912810UA4,TSRYS5802849,D,B,C,2024-07-25,1000000.00,4.495469,102.109375
08:05:46,912810UA4,TSRYS5802849,D,S,D,2024-07-25,1000000.00,4.49546,102.109525
08:05:46,912810UA4,TSRYS5802849,D,B,C,2024-07-25,1000000.00,4.495469,102.109375
08:05:46,912810UA4,TSRYS5802849,D,S,C,2024-07-25,1000000.00,4.495469,102.109375
08:05:46,912810UA4,TSRYS5802849,D,B,C,2024-07-25,1000000.00,4.494527,102.125
08:05:46,912810UA4,TSRYS5802849,D,S,C,2024-07-25,1000000.00,4.494517,102.125175
08:05:46,912810UA4,TSRYS5802849,D,B,C,2024-07-25,1000000.00,4.495481,102.109175
08:05:46,912810UA4,TSRYS5802849,D,S,C,2024-07-25,1000000.00,4.495469,102.109375
08:05:46,912810UA4,TSRYS5802849,D,B,C,2024-07-25,1000000.00,4.495478,102.109225
08:05:46,912810UA4,TSRYS5802849,D,S,D,2024-07-25,1000000.00,4.495469,102.109375
08:05:46,912810UA4,TSRYS5802849,D,S,D,2024-07-25,1000000.00,4.495469,102.109375
08:05:46,912810UA4,TSRYS5802849,D,S,C,2024-07-25,1000000.00,4.495469,102.109375
08:05:46,912810UA4,TSRYS5802849,D,S,D,2024-07-25,1000000.00,4.495469,102.109375
08:05:47,912810UA4,TSRYS5802849,D,S,D,2024-07-25,1000000.00,4.495469,102.109375
08:05:47,912810UA4,TSRYS5802849,D,S,T,2024-07-25,1000000.00,4.475256,102.4453125
08:05:47,912810UA4,TSRYS5802849,D,S,C,2024-07-25,1000000.00,4.494527,102.125
08:05:47,912810UA4,TSRYS5802849,D,S,D,2024-07-25,1000000.00,4.494527,102.125
08:05:47,912810UA4,TSRYS5802849,D,S,D,2024-07-25,1000000.00,4.492643,102.15625
08:05:47,912810UA4,TSRYS5802849,D,B,C,2024-07-25,1000000.00,4.492658,102.156
08:05:47,912810UA4,TSRYS5802849,D,S,D,2024-07-25,1000000.00,4.492643,102.15625
08:05:47,912810UA4,TSRYS5802849,D,B,C,2024-07-25,1000000.00,4.492643,102.15625
08:05:47,912810UA4,TSRYS5802849,D,B,C,2024-07-25,1000000.00,4.492643,102.15625
08:05:47,912810UA4,TSRYS5802849,D,S,C,2024-07-25,1000000.00,4.492633,102.156425
08:05:47,912810UA4,TSRYS5802849,D,S,T,2024-07-25,1000000.00,4.479714,102.37109375
08:05:47,912810UA4,TSRYS5802849,D,B,C,2024-07-25,1000000.00,4.492643,102.15625
08:05:47,912810UA4,TSRYS5802849,D,S,D,2024-07-25,1000000.00,4.492631,102.15645
08:05:47,912810UA4,TSRYS5802849,D,S,C,2024-07-25,1000000.00,4.493585,102.140625
08:05:47,912810UA4,TSRYS5802849,D,S,D,2024-07-25,1000000.00,4.493585,102.140625
08:05:47,912810UA4,TSRYS5802849,D,S,D,2024-07-25,1000000.00,4.493585,102.140625
08:05:47,912810UA4,TSRYS5802849,D,B,C,2024-07-25,1000000.00,4.493591,102.140525
08:05:47,912810UA4,TSRYS5802849,D,S,D,2024-07-25,1000000.00,4.526681,101.59375
08:05:47,912810UA4,TSRYS5802849,D,S,D,2024-07-25,1000000.00,4.492634,102.1564
08:05:47,912810UA4,TSRYS5802849,D,B,C,2024-07-25,1000000.00,4.492649,102.15615
08:05:48,912810UA4,TSRYS5802849,D,B,C,2024-07-25,1000000.00,4.478071,102.3984375
08:05:48,912810UA4,TSRYS5802849,D,B,C,2024-07-25,1000000.00,4.491702,102.171875
08:05:48,912810UA4,TSRYS5802849,D,S,D,2024-07-25,1000000.00,4.491702,102.171875
08:05:48,912810UA4,TSRYS5802849,D,S,D,2024-07-25,1000000.00,4.491702,102.171875
08:05:48,912810UA4,TSRYS5802849,D,B,C,2024-07-25,1000000.00,4.491708,102.171775
08:05:48,912810UA4,TSRYS5802849,D,S,D,2024-07-25,1000000.00,4.491693,102.172025
08:05:48,912810UA4,TSRYS5802849,D,S,D,2024-07-25,1000000.00,4.491693,102.172025
08:05:49,912810UA4,TSRYS5802849,D,S,D,2024-07-25,1000000.00,4.491693,102.172025
08:05:49,912810UA4,TSRYS5802849,D,B,C,2024-07-25,1000000.00,4.491702,102.171875
08:05:49,912810UA4,TSRYS5802849,D,S,D,2024-07-25,1000000.00,4.491693,102.172025
08:05:49,912810UA4,TSRYS5802849,D,S,D,2024-07-25,1000000.00,4.491693,102.172025
08:05:49,912810UA4,TSRYS5802849,D,B,C,2024-07-25,1000000.00,4.491708,102.171775
08:05:49,912810UA4,TSRYS5802849,D,S,D,2024-07-25,1000000.00,4.491693,102.172025
08:05:49,912810UA4,TSRYS5802849,D,B,C,2024-07-25,1000000.00,4.491702,102.171875
08:05:49,912810UA4,TSRYS5802849,D,S,D,2024-07-25,1000000.00,4.491693,102.172025
08:05:50,912810UA4,TSRYS5802849,D,B,C,2024-07-25,1000000.00,4.49076,102.1875
08:05:50,912810UA4,TSRYS5802849,D,S,D,2024-07-25,1000000.00,4.49076,102.1875
08:05:50,912810UA4,TSRYS5802849,D,S,D,2024-07-25,1000000.00,4.491693,102.172025
08:05:50,912810UA4,TSRYS5802849,D,B,C,2024-07-25,1000000.00,4.492643,102.15625
08:05:50,912810UA4,TSRYS5802849,D,S,C,2024-07-25,1000000.00,4.492643,102.15625
08:05:50,912810UA4,TSRYS5802849,D,S,C,2024-07-25,1000000.00,4.492643,102.15625
08:05:50,912810UA4,TSRYS5802849,D,S,C,2024-07-25,1000000.00,4.492643,102.15625
08:05:50,912810UA4,TSRYS5802849,D,S,D,2024-07-25,1000000.00,4.492643,102.15625
08:05:50,912810UA4,TSRYS5802849,D,S,D,2024-07-25,1000000.00,4.492643,102.15625
08:05:50,912810UA4,TSRYS5802849,D,S,C,2024-07-25,1000000.00,4.492643,102.15625
08:05:50,912810UA4,TSRYS5802849,D,S,C,2024-07-25,1000000.00,4.493573,102.140825
08:05:50,912810UA4,TSRYS5802849,D,B,C,2024-07-25,1000000.00,4.493594,102.140475
08:05:50,912810UA4,TSRYS5802849,D,S,D,2024-07-25,1000000.00,4.493585,102.140625
08:05:51,912810UA4,TSRYS5802849,D,S,C,2024-07-25,1000000.00,4.493585,102.140625
08:05:51,912810UA4,TSRYS5802849,D,S,D,2024-07-25,1000000.00,4.493585,102.140625
08:05:51,912810UA4,TSRYS5802849,D,S,C,2024-07-25,1000000.00,4.493585,102.140625
08:05:51,912810UA4,TSRYS5802849,D,S,D,2024-07-25,1000000.00,4.493585,102.140625
08:05:51,912810UA4,TSRYS5802849,D,S,C,2024-07-25,1000000.00,4.493573,102.140825
08:05:51,912810UA4,TSRYS5802849,D,S,D,2024-07-25,1000000.00,4.493585,102.140625
08:05:51,912810UA4,TSRYS5802849,D,S,D,2024-07-25,1000000.00,4.493585,102.140625
08:05:51,912810UA4,TSRYS5802849,D,S,C,2024-07-25,1000000.00,4.493585,102.140625
08:05:51,912810UA4,TSRYS5802849,D,S,D,2024-07-25,1000000.00,4.493585,102.140625
08:05:51,912810UA4,TSRYS5802849,D,S,D,2024-07-25,1000000.00,4.493585,102.140625
08:05:51,912810UA4,TSRYS5802849,D,S,T,2024-07-25,1000000.00,4.478071,102.3984375
08:05:51,912810UA4,TSRYS5802849,D,S,D,2024-07-25,1000000.00,4.493585,102.140625
08:05:51,912810UA4,TSRYS5802849,D,S,C,2024-07-25,1000000.00,4.493585,102.140625
08:05:51,912810UA4,TSRYS5802849,D,S,D,2024-07-25,1000000.00,4.493585,102.140625
08:05:51,912810UA4,TSRYS5802849,D,S,C,2024-07-25,1000000.00,4.493573,102.140825
08:05:51,912810UA4,TSRYS5802849,D,S,D,2024-07-25,1000000.00,4.493576,102.140775
08:05:51,912810UA4,TSRYS5802849,D,S,T,2024-07-25,1000000.00,4.478071,102.3984375
08:05:51,912810UA4,TSRYS5802849,D,S,D,2024-07-25,1000000.00,4.493585,102.140625
08:05:51,912810UA4,TSRYS5802849,D,S,D,2024-07-25,1000000.00,4.493585,102.140625
08:05:51,912810UA4,TSRYS5802849,D,S,D,2024-07-25,1000000.00,4.493585,102.140625
08:05:51,912810UA4,TSRYS5802849,D,S,D,2024-07-25,1000000.00,4.493585,102.140625
08:05:51,912810UA4,TSRYS5802849,D,B,C,2024-07-25,1000000.00,4.493585,102.140625
08:05:51,912810UA4,TSRYS5802849,D,S,D,2024-07-25,1000000.00,4.493576,102.140775
08:05:51,912810UA4,TSRYS5802849,D,S,C,2024-07-25,1000000.00,4.492643,102.15625
08:05:51,912810UA4,TSRYS5802849,D,S,D,2024-07-25,1000000.00,4.492643,102.15625
08:05:51,912810UA4,TSRYS5802849,D,B,C,2024-07-25,1000000.00,4.492643,102.15625
08:05:51,912810UA4,TSRYS5802849,D,S,C,2024-07-25,1000000.00,4.491691,102.17205
08:05:51,912810UA4,TSRYS5802849,D,B,C,2024-07-25,1000000.00,4.491702,102.171875
08:05:52,912810UA4,TSRYS5802849,D,S,D,2024-07-25,1000000.00,4.491702,102.171875
08:05:52,912810UA4,TSRYS5802849,D,S,D,2024-07-25,1000000.00,4.491702,102.171875
08:05:52,912810UA4,TSRYS5802849,D,B,C,2024-07-25,1000000.00,4.491702,102.171875
08:05:52,912810UA4,TSRYS5802849,D,B,C,2024-07-25,1000000.00,4.491702,102.171875
08:05:52,912810UA4,TSRYS5802849,D,S,C,2024-07-25,1000000.00,4.491684,102.172175
08:05:52,912810UA4,TSRYS5802849,D,B,C,2024-07-25,1000000.00,4.491702,102.171875
08:05:52,912810UA4,TSRYS5802849,D,S,D,2024-07-25,1000000.00,4.491702,102.171875
08:05:52,912810UA4,TSRYS5802849,D,S,D,2024-07-25,1000000.00,4.491702,102.171875
08:05:52,912810UA4,TSRYS5802849,D,S,D,2024-07-25,1000000.00,4.491702,102.171875
08:05:52,912810UA4,TSRYS5802849,D,S,D,2024-07-25,1000000.00,4.492643,102.15625
08:05:52,912810UA4,TSRYS5802849,D,B,C,2024-07-25,1000000.00,4.492643,102.15625
08:05:52,912810UA4,TSRYS5802849,D,S,D,2024-07-25,1000000.00,4.492643,102.15625
08:05:52,912810UA4,TSRYS5802849,D,B,C,2024-07-25,1000000.00,4.492643,102.15625
08:05:52,912810UA4,TSRYS5802849,D,B,C,2024-07-25,1000000.00,4.492643,102.15625
08:05:52,912810UA4,TSRYS5802849,D,S,C,2024-07-25,1000000.00,4.492643,102.15625
08:05:52,912810UA4,TSRYS5802849,D,S,C,2024-07-25,1000000.00,4.492643,102.15625
08:05:52,912810UA4,TSRYS5802849,D,S,C,2024-07-25,1000000.00,4.492643,102.15625
08:05:52,912810UA4,TSRYS5802849,D,S,D,2024-07-25,1000000.00,4.491702,102.171875
08:05:52,912810UA4,TSRYS5802849,D,S,D,2024-07-25,1000000.00,4.491702,102.171875
08:05:52,912810UA4,TSRYS5802849,D,B,C,2024-07-25,1000000.00,4.491702,102.171875
08:05:52,912810UA4,TSRYS5802849,D,S,D,2024-07-25,1000000.00,4.491702,102.171875
08:05:52,912810UA4,TSRYS5802849,D,B,C,2024-07-25,1000000.00,4.491711,102.171723
08:05:52,912810UA4,TSRYS5802849,D,S,D,2024-07-25,1000000.00,4.491702,102.171875
08:05:52,912810UA4,TSRYS5802849,D,S,D,2024-07-25,1000000.00,4.491702,102.171875
08:05:52,912810UA4,TSRYS5802849,D,B,C,2024-07-25,1000000.00,4.491702,102.171875
08:05:52,912810UA4,TSRYS5802849,D,S,D,2024-07-25,1000000.00,4.491702,102.171875
08:05:52,912810UA4,TSRYS5802849,D,S,D,2024-07-25,1000000.00,4.491702,102.171875
08:05:52,912810UA4,TSRYS5802849,D,B,C,2024-07-25,1000000.00,4.491702,102.171875
08:05:53,912810UA4,TSRYS5802849,D,B,C,2024-07-25,1000000.00,4.491708,102.171775
08:05:53,912810UA4,TSRYS5802849,D,S,C,2024-07-25,1000000.00,4.491702,102.171875
08:05:53,912810UA4,TSRYS5802849,D,S,C,2024-07-25,1000000.00,4.491702,102.171875
08:05:53,912810UA4,TSRYS5802849,D,S,D,2024-07-25,1000000.00,4.491702,102.171875
08:05:53,912810UA4,TSRYS5802849,D,S,T,2024-07-25,1000000.00,4.478188,102.39648437
08:05:53,912810UA4,TSRYS5802849,D,S,T,2024-07-25,1000000.00,4.478188,102.39648437
08:05:53,912810UA4,TSRYS5802849,D,S,T,2024-07-25,1000000.00,4.477836,102.40234375
08:05:53,912810UA4,TSRYS5802849,D,S,D,2024-07-25,1000000.00,4.491702,102.171875
08:05:53,912810UA4,TSRYS5802849,D,S,C,2024-07-25,1000000.00,4.491702,102.171875
08:05:53,912810UA4,TSRYS5802849,D,B,C,2024-07-25,1000000.00,4.491702,102.171875
08:05:53,912810UA4,TSRYS5802849,D,S,D,2024-07-25,1000000.00,4.491702,102.171875
08:05:53,912810UA4,TSRYS5802849,D,S,C,2024-07-25,1000000.00,4.492643,102.15625
08:05:53,912810UA4,TSRYS5802849,D,S,C,2024-07-25,1000000.00,4.492631,102.15645
08:05:54,912810UA4,TSRYS5802849,D,S,T,2024-07-25,1000000.00,4.477015,102.416015625
08:05:54,912810UA4,TSRYS5802849,D,S,C,2024-07-25,1000000.00,4.494527,102.125
08:05:54,912810UA4,TSRYS5802849,D,B,C,2024-07-25,1000000.00,4.494527,102.125
08:05:55,912810UA4,TSRYS5802849,D,S,C,2024-07-25,1000000.00,4.494515,102.1252
08:05:55,912810UA4,TSRYS5802849,D,S,C,2024-07-25,1000000.00,4.495469,102.109375
08:05:55,912810UA4,TSRYS5802849,D,S,C,2024-07-25,1000000.00,4.51152,101.84375
08:05:55,912810UA4,TSRYS5802849,D,S,D,2024-07-25,1000000.00,4.495469,102.109375
08:05:55,912810UA4,TSRYS5802849,D,S,D,2024-07-25,1000000.00,4.495469,102.109375
08:05:55,912810UA4,TSRYS5802849,D,S,C,2024-07-25,1000000.00,4.495469,102.109375
08:05:55,912810UA4,TSRYS5802849,D,S,D,2024-07-25,1000000.00,4.494527,102.125
08:05:55,912810UA4,TSRYS5802849,D,S,C,2024-07-25,1000000.00,4.494527,102.125
08:05:55,912810UA4,TSRYS5802849,D,S,D,2024-07-25,1000000.00,4.494527,102.125
08:05:56,912810UA4,TSRYS5802849,D,S,C,2024-07-25,1000000.00,4.495469,102.109375
08:05:56,912810UA4,TSRYS5802849,D,B,C,2024-07-25,1000000.00,4.495478,102.109225
08:05:56,912810UA4,TSRYS5802849,D,B,C,2024-07-25,1000000.00,4.495469,102.109375
08:05:56,912810UA4,TSRYS5802849,D,S,D,2024-07-25,1000000.00,4.495469,102.109375
08:05:57,912810UA4,TSRYS5802849,D,S,C,2024-07-25,1000000.00,4.494527,102.125
08:05:57,912810UA4,TSRYS5802849,D,S,D,2024-07-25,1000000.00,4.494527,102.125
08:05:57,912810UA4,TSRYS5802849,D,S,D,2024-07-25,1000000.00,4.494527,102.125
08:05:57,912810UA4,TSRYS5802849,D,S,D,2024-07-25,1000000.00,4.494527,102.125
08:05:57,912810UA4,TSRYS5802849,D,S,C,2024-07-25,1000000.00,4.494527,102.125
08:05:57,912810UA4,TSRYS5802849,D,S,C,2024-07-25,1000000.00,4.494527,102.125
08:05:57,912810UA4,TSRYS5802849,D,S,D,2024-07-25,1000000.00,4.494527,102.125
08:05:57,912810UA4,TSRYS5802849,D,S,C,2024-07-25,1000000.00,4.494527,102.125
08:05:57,912810UA4,TSRYS5802849,D,S,D,2024-07-25,1000000.00,4.494527,102.125
08:05:57,912810UA4,TSRYS5802849,D,S,D,2024-07-25,1000000.00,4.494527,102.125
08:05:57,912810UA4,TSRYS5802849,D,S,C,2024-07-25,1000000.00,4.494527,102.125
08:05:57,912810UA4,TSRYS5802849,D,S,D,2024-07-25,1000000.00,4.494518,102.125152
08:05:57,912810UA4,TSRYS5802849,D,S,C,2024-07-25,1000000.00,4.494527,102.125
08:05:57,912810UA4,TSRYS5802849,D,S,D,2024-07-25,1000000.00,4.494527,102.125
08:05:57,912810UA4,TSRYS5802849,D,S,D,2024-07-25,1000000.00,4.494527,102.125
08:05:57,912810UA4,TSRYS5802849,D,S,D,2024-07-25,1000000.00,4.494527,102.125
08:05:57,912810UA4,TSRYS5802849,D,S,C,2024-07-25,1000000.00,4.494521,102.1251
08:05:57,912810UA4,TSRYS5802849,D,S,C,2024-07-25,1000000.00,4.494527,102.125
08:05:57,912810UA4,TSRYS5802849,D,S,D,2024-07-25,1000000.00,4.494527,102.125
08:05:57,912810UA4,TSRYS5802849,D,S,D,2024-07-25,1000000.00,4.494527,102.125
08:05:57,912810UA4,TSRYS5802849,D,S,D,2024-07-25,5000000.00,4.494527,102.125
08:05:57,912810UA4,TSRYS5802849,D,B,C,2024-07-25,1000000.00,4.493585,102.140625
08:05:57,912810UA4,TSRYS5802849,D,S,C,2024-07-25,1000000.00,4.493573,102.140825
08:05:57,912810UA4,TSRYS5802849,D,S,T,2024-07-25,1000000.00,4.476429,102.42578125
08:05:57,912810UA4,TSRYS5802849,D,S,T,2024-07-25,1000000.00,4.476194,102.4296875
08:05:57,912810UA4,TSRYS5802849,D,B,C,2024-07-25,1000000.00,4.494539,102.1248
08:05:57,912810UA4,TSRYS5802849,D,S,C,2024-07-25,1000000.00,4.494509,102.1253
08:05:58,912810UA4,TSRYS5802849,D,S,C,2024-07-25,1000000.00,4.477954,102.400390625
08:05:58,912810UA4,TSRYS5802849,D,S,C,2024-07-25,1000000.00,4.494527,102.125
08:05:58,912810UA4,TSRYS5802849,D,S,D,2024-07-25,1000000.00,4.494527,102.125
08:05:58,912810UA4,TSRYS5802849,D,B,C,2024-07-25,1000000.00,4.494527,102.125
08:05:58,912810UA4,TSRYS5802849,D,S,C,2024-07-25,1000000.00,4.494518,102.12515
08:05:58,912810UA4,TSRYS5802849,D,S,D,2024-07-25,1000000.00,4.494527,102.125
08:05:58,912810UA4,TSRYS5802849,D,S,D,2024-07-25,1000000.00,4.494527,102.125
08:05:59,912810UA4,TSRYS5802849,D,S,D,2024-07-25,1000000.00,4.494527,102.125
08:05:59,912810UA4,TSRYS5802849,D,S,C,2024-07-25,1000000.00,4.492631,102.15645
08:05:59,912810UA4,TSRYS5802849,D,S,C,2024-07-25,1000000.00,4.491691,102.17205
08:05:59,912810UA4,TSRYS5802849,D,S,D,2024-07-25,1000000.00,4.491702,102.171875
08:05:59,912810UA4,TSRYS5802849,D,S,C,2024-07-25,1000000.00,4.491702,102.171875
08:06:00,912810UA4,TSRYS5802849,D,S,C,2024-07-25,1000000.00,4.492643,102.15625
08:06:00,912810UA4,TSRYS5802849,D,S,D,2024-07-25,1000000.00,4.492634,102.1564
08:06:00,912810UA4,TSRYS5802849,D,S,C,2024-07-25,1000000.00,4.492633,102.156425
08:06:00,912810UA4,TSRYS5802849,D,B,C,2024-07-25,1000000.00,4.492643,102.15625
08:06:00,912810UA4,TSRYS5802849,D,S,C,2024-07-25,1000000.00,4.493585,102.140625
08:06:00,912810UA4,TSRYS5802849,D,S,C,2024-07-25,1000000.00,4.493585,102.140625
08:06:00,912810UA4,TSRYS5802849,D,S,D,2024-07-25,1000000.00,4.494527,102.125
08:06:00,912810UA4,TSRYS5802849,D,B,C,2024-07-25,1000000.00,4.494527,102.125
08:06:00,912810UA4,TSRYS5802849,D,B,C,2024-07-25,1000000.00,4.494527,102.125
08:06:00,912810UA4,TSRYS5802849,D,S,D,2024-07-25,1000000.00,4.494527,102.125
08:06:00,912810UA4,TSRYS5802849,D,B,C,2024-07-25,1000000.00,4.494527,102.125
08:06:00,912810UA4,TSRYS5802849,D,S,D,2024-07-25,1000000.00,4.494527,102.125
08:06:00,912810UA4,TSRYS5802849,D,S,D,2024-07-25,1000000.00,4.494527,102.125
08:06:00,912810UA4,TSRYS5802849,D,B,C,2024-07-25,1000000.00,4.494527,102.125
08:06:00,912810UA4,TSRYS5802849,D,S,D,2024-07-25,1000000.00,4.494527,102.125
08:06:00,912810UA4,TSRYS5802849,D,S,D,2024-07-25,1000000.00,4.493585,102.140625
08:06:00,912810UA4,TSRYS5802849,D,B,C,2024-07-25,1000000.00,4.493585,102.140625
08:06:00,912810UA4,TSRYS5802849,D,S,D,2024-07-25,1000000.00,4.493576,102.140775
08:06:00,912810UA4,TSRYS5802849,D,B,C,2024-07-25,1000000.00,4.493585,102.140625
08:06:00,912810UA4,TSRYS5802849,D,S,C,2024-07-25,1000000.00,4.493585,102.140625
08:06:00,912810UA4,TSRYS5802849,D,S,D,2024-07-25,1000000.00,4.526681,101.59375
08:06:00,912810UA4,TSRYS5802849,D,B,C,2024-07-25,1000000.00,4.494539,102.1248
08:06:00,912810UA4,TSRYS5802849,D,S,D,2024-07-25,1000000.00,4.494527,102.125
08:06:00,912810UA4,TSRYS5802849,D,B,C,2024-07-25,1000000.00,4.494539,102.1248
08:06:00,912810UA4,TSRYS5802849,D,S,D,2024-07-25,1000000.00,4.494527,102.125
08:06:00,912810UA4,TSRYS5802849,D,S,D,2024-07-25,1000000.00,4.494527,102.125
08:06:00,912810UA4,TSRYS5802849,D,B,C,2024-07-25,1000000.00,4.494539,102.1248
08:06:00,912810UA4,TSRYS5802849,D,S,T,2024-07-25,1000000.00,4.477015,102.416015625
08:06:00,912810UA4,TSRYS5802849,D,S,C,2024-07-25,1000000.00,4.494527,102.125
08:06:00,912810UA4,TSRYS5802849,D,B,C,2024-07-25,1000000.00,4.494539,102.1248
08:06:00,912810UA4,TSRYS5802849,D,S,D,2024-07-25,1000000.00,4.494527,102.125
08:06:00,912810UA4,TSRYS5802849,D,S,D,2024-07-25,2000000.00,4.494527,102.125
08:06:00,912810UA4,TSRYS5802849,D,B,C,2024-07-25,250000.00,4.515068,101.78515625
08:06:00,912810UA4,TSRYS5802849,D,S,C,2024-07-25,9000000.00,4.509392,101.87890625
08:06:01,912810UA4,TSRYS5802849,D,S,C,2024-07-25,1000000.00,4.494527,102.125
08:06:01,912810UA4,TSRYS5802849,D,S,C,2024-07-25,1000000.00,4.494527,102.125
08:06:01,912810UA4,TSRYS5802849,D,S,C,2024-07-25,1000000.00,4.494527,102.125
08:06:01,912810UA4,TSRYS5802849,D,B,C,2024-07-25,1000000.00,4.494527,102.125
08:06:01,912810UA4,TSRYS5802849,D,S,D,2024-07-25,1000000.00,4.494527,102.125
08:06:01,912810UA4,TSRYS5802849,D,S,D,2024-07-25,1000000.00,4.493585,102.140625
08:06:01,912810UA4,TSRYS5802849,D,S,C,2024-07-25,1000000.00,4.493585,102.140625
08:06:01,912810UA4,TSRYS5802849,D,S,C,2024-07-25,2000000.00,4.492643,102.15625
08:06:01,912810UA4,TSRYS5802849,D,S,D,2024-07-25,1000000.00,4.492643,102.15625
08:06:01,912810UA4,TSRYS5802849,D,S,C,2024-07-25,2000000.00,4.492631,102.15645
08:06:01,912810UA4,TSRYS5802849,D,S,D,2024-07-25,1000000.00,4.492643,102.15625
08:06:01,912810UA4,TSRYS5802849,D,S,C,2024-07-25,1000000.00,4.492643,102.15625
08:06:01,912810UA4,TSRYS5802849,D,B,C,2024-07-25,1000000.00,4.492643,102.15625
08:06:01,912810UA4,TSRYS5802849,D,S,D,2024-07-25,1000000.00,4.492634,102.1564
08:06:01,912810UA4,TSRYS5802849,D,S,A,2024-07-25,237000.00,4.490996,102.18359375
08:06:01,912810UA4,TSRYS5802849,D,S,C,2024-07-25,2000000.00,4.492643,102.15625
08:06:01,912810UA4,TSRYS5802849,D,S,C,2024-07-25,50MM+,4.491388,102.177083
08:06:01,912810UA4,TSRYS5802849,D,S,C,2024-07-25,14000000.00,4.492643,102.15625
08:06:01,912810UA4,TSRYS5802849,D,S,D,2024-07-25,2000000.00,4.492643,102.15625
08:06:01,912810UA4,TSRYS5802849,D,S,D,2024-07-25,1000000.00,4.492643,102.15625
08:06:01,912810UA4,TSRYS5802849,D,B,C,2024-07-25,10000000.00,4.491726,102.171475
08:06:01,912810UA4,TSRYS5802849,D,B,C,2024-07-25,1000000.00,4.492643,102.15625
08:06:01,912810UA4,TSRYS5802849,D,S,T,2024-07-25,1000000.00,4.492643,102.15625
08:06:01,912810UA4,TSRYS5802849,D,S,T,2024-07-25,1000000.00,4.492643,102.15625
08:06:01,912810UA4,TSRYS5802849,D,S,T,2024-07-25,1000000.00,4.492643,102.15625
08:06:01,912810UA4,TSRYS5802849,D,S,T,2024-07-25,1000000.00,4.492643,102.15625
08:06:01,912810UA4,TSRYS5802849,D,S,T,2024-07-25,1000000.00,4.492643,102.15625
08:06:01,912810UA4,TSRYS5802849,D,B,C,2024-07-25,1000000.00,4.492643,102.15625
08:06:01,912810UA4,TSRYS5802849,D,S,D,2024-07-25,1000000.00,4.492643,102.15625
08:06:01,912810UA4,TSRYS5802849,D,S,D,2024-07-25,1000000.00,4.492643,102.15625
08:06:01,912810UA4,TSRYS5802849,D,B,C,2024-07-25,1000000.00,4.492655,102.15605
08:06:02,912810UA4,TSRYS5802849,D,S,D,2024-07-25,1000000.00,4.492643,102.15625
08:06:02,912810UA4,TSRYS5802849,D,B,C,2024-07-25,10000000.00,4.494316,102.12850625
08:06:02,912810UA4,TSRYS5802849,D,S,T,2024-07-25,1000000.00,4.493585,102.140625
08:06:02,912810UA4,TSRYS5802849,D,S,T,2024-07-25,1000000.00,4.493585,102.140625
08:06:02,912810UA4,TSRYS5802849,D,S,T,2024-07-25,1000000.00,4.493585,102.140625
08:06:02,912810UA4,TSRYS5802849,D,S,T,2024-07-25,1000000.00,4.493585,102.140625
08:06:02,912810UA4,TSRYS5802849,D,S,D,2024-07-25,1000000.00,4.493585,102.140625
08:06:02,912810UA4,TSRYS5802849,D,S,D,2024-07-25,1000000.00,4.493585,102.140625
08:06:02,912810UA4,TSRYS5802849,D,S,C,2024-07-25,1000000.00,4.493572,102.14085
08:06:02,912810UA4,TSRYS5802849,D,S,T,2024-07-25,1000000.00,4.493585,102.140625
08:06:02,912810UA4,TSRYS5802849,D,S,T,2024-07-25,1000000.00,4.493585,102.140625
08:06:02,912810UA4,TSRYS5802849,D,S,T,2024-07-25,1000000.00,4.493585,102.140625
08:06:02,912810UA4,TSRYS5802849,D,S,T,2024-07-25,1000000.00,4.493585,102.140625
08:06:02,912810UA4,TSRYS5802849,D,S,T,2024-07-25,1000000.00,4.493585,102.140625
08:06:02,912810UA4,TSRYS5802849,D,S,T,2024-07-25,1000000.00,4.491702,102.171875
08:06:02,912810UA4,TSRYS5802849,D,S,D,2024-07-25,1000000.00,4.494527,102.125
08:06:02,912810UA4,TSRYS5802849,D,B,C,2024-07-25,1000000.00,4.493585,102.140625
08:06:02,912810UA4,TSRYS5802849,D,S,T,2024-07-25,1000000.00,4.492643,102.15625
08:06:02,912810UA4,TSRYS5802849,D,S,C,2024-07-25,1000000.00,4.494517,102.125175
08:06:02,912810UA4,TSRYS5802849,D,S,C,2024-07-25,1000000.00,4.493575,102.1408
08:06:02,912810UA4,TSRYS5802849,D,S,T,2024-07-25,1000000.00,4.492643,102.15625
08:06:02,912810UA4,TSRYS5802849,D,S,T,2024-07-25,1000000.00,4.491702,102.171875
08:06:02,912810UA4,TSRYS5802849,D,S,T,2024-07-25,1000000.00,4.491702,102.171875
08:06:02,912810UA4,TSRYS5802849,D,S,C,2024-07-25,1000000.00,4.516252,101.765625
08:06:02,912810UA4,TSRYS5802849,D,B,C,2024-07-25,1000000.00,4.511756,101.83984375
08:06:02,912810UA4,TSRYS5802849,D,S,D,2024-07-25,1000000.00,4.511756,101.83984375
08:06:02,912810UA4,TSRYS5802849,D,S,C,2024-07-25,1000000.00,4.493585,102.140625
08:06:03,912810UA4,TSRYS5802849,D,S,C,2024-07-25,1000000.00,4.494517,102.125175
08:06:03,912810UA4,TSRYS5802849,D,S,C,2024-07-25,1000000.00,4.494527,102.125
08:06:03,912810UA4,TSRYS5802849,D,S,C,2024-07-25,1000000.00,4.494521,102.1251
08:06:03,912810UA4,TSRYS5802849,D,S,C,2024-07-25,1000000.00,4.494521,102.1251
08:06:03,912810UA4,TSRYS5802849,D,B,C,2024-07-25,1000000.00,4.494527,102.125
08:06:03,912810UA4,TSRYS5802849,D,S,C,2024-07-25,1000000.00,4.494527,102.125
08:06:03,912810UA4,TSRYS5802849,D,S,C,2024-07-25,1000000.00,4.494527,102.125
08:06:03,912810UA4,TSRYS5802849,D,B,C,2024-07-25,1000000.00,4.494527,102.125
08:06:03,912810UA4,TSRYS5802849,D,S,C,2024-07-25,1000000.00,4.495469,102.109375
08:06:03,912810UA4,TSRYS5802849,D,S,C,2024-07-25,1000000.00,4.495469,102.109375
08:06:03,912810UA4,TSRYS5802849,D,S,C,2024-07-25,1000000.00,4.495456,102.109602
08:06:03,912810UA4,TSRYS5802849,D,B,C,2024-07-25,1000000.00,4.495469,102.109375
08:06:03,912810UA4,TSRYS5802849,D,S,C,2024-07-25,1000000.00,4.495469,102.109375
08:06:03,912810UA4,TSRYS5802849,D,S,D,2024-07-25,1000000.00,4.495469,102.109375
08:06:03,912810UA4,TSRYS5802849,D,S,D,2024-07-25,1000000.00,4.495469,102.109375
08:06:03,912810UA4,TSRYS5802849,D,S,D,2024-07-25,1000000.00,4.495469,102.109375
08:06:03,912810UA4,TSRYS5802849,D,S,C,2024-07-25,1000000.00,4.495469,102.109375
08:06:03,912810UA4,TSRYS5802849,D,B,C,2024-07-25,10000000.00,4.495469,102.109375
08:06:03,912810UA4,TSRYS5802849,D,B,C,2024-07-25,1000000.00,4.495484,102.109125
08:06:03,912810UA4,TSRYS5802849,D,S,D,2024-07-25,1000000.00,4.495469,102.109375
08:06:03,912810UA4,TSRYS5802849,D,S,D,2024-07-25,1000000.00,4.495469,102.109375
08:06:03,912810UA4,TSRYS5802849,D,S,D,2024-07-25,1000000.00,4.495469,102.109375
08:06:03,912810UA4,TSRYS5802849,D,B,C,2024-07-25,1000000.00,4.495469,102.109375
08:06:03,912810UA4,TSRYS5802849,D,B,C,2024-07-25,1000000.00,4.475022,102.44921875
08:06:03,912810UA4,TSRYS5802849,D,S,T,2024-07-25,1000000.00,4.476672,102.421725
08:06:03,912810UA4,TSRYS5802849,D,S,T,2024-07-25,1000000.00,4.495469,102.109375
08:06:03,912810UA4,TSRYS5802849,D,S,D,2024-07-25,1000000.00,4.512111,101.833984375
08:06:03,912810UA4,TSRYS5802849,D,S,T,2024-07-25,1000000.00,4.495469,102.109375
08:06:04,912810UA4,TSRYS5802849,D,S,T,2024-07-25,1000000.00,4.495469,102.109375
08:06:04,912810UA4,TSRYS5802849,D,S,T,2024-07-25,1000000.00,4.495469,102.109375
08:06:04,912810UA4,TSRYS5802849,D,S,T,2024-07-25,1000000.00,4.494527,102.125
08:06:04,912810UA4,TSRYS5802849,D,S,T,2024-07-25,1000000.00,4.494527,102.125
08:06:04,912810UA4,TSRYS5802849,D,S,T,2024-07-25,1000000.00,4.494527,102.125
08:06:04,912810UA4,TSRYS5802849,D,S,D,2024-07-25,1000000.00,4.511638,101.841796875
08:06:04,912810UA4,TSRYS5802849,D,S,T,2024-07-25,1000000.00,4.493585,102.140625
08:06:04,912810UA4,TSRYS5802849,D,S,T,2024-07-25,1000000.00,4.493585,102.140625
08:06:04,912810UA4,TSRYS5802849,D,S,T,2024-07-25,1000000.00,4.49076,102.1875
08:06:04,912810UA4,TSRYS5802849,D,S,D,2024-07-25,1000000.00,4.509155,101.8828125
08:06:04,912810UA4,TSRYS5802849,D,S,D,2024-07-25,1000000.00,4.494527,102.125
08:06:04,912810UA4,TSRYS5802849,D,S,D,2024-07-25,1000000.00,4.494527,102.125
08:06:04,912810UA4,TSRYS5802849,D,S,C,2024-07-25,1000000.00,4.494517,102.125175
08:06:04,912810UA4,TSRYS5802849,D,S,D,2024-07-25,1000000.00,4.494527,102.125
08:06:04,912810UA4,TSRYS5802849,D,B,C,2024-07-25,1000000.00,4.493585,102.140625
08:06:04,912810UA4,TSRYS5802849,D,S,C,2024-07-25,1000000.00,4.493575,102.1408
08:06:04,912810UA4,TSRYS5802849,D,S,C,2024-07-25,1000000.00,4.493585,102.140625
08:06:04,912810UA4,TSRYS5802849,D,B,C,2024-07-25,1000000.00,4.4936,102.140375
08:06:04,912810UA4,TSRYS5802849,D,B,C,2024-07-25,1000000.00,4.493596,102.14045
08:06:04,912810UA4,TSRYS5802849,D,S,C,2024-07-25,1000000.00,4.493585,102.140625
08:06:04,912810UA4,TSRYS5802849,D,B,C,2024-07-25,1000000.00,4.494539,102.1248
08:06:04,912810UA4,TSRYS5802849,D,S,C,2024-07-25,1000000.00,4.494517,102.125175
08:06:04,912810UA4,TSRYS5802849,D,S,D,2024-07-25,1000000.00,4.494527,102.125
08:06:04,912810UA4,TSRYS5802849,D,B,C,2024-07-25,1000000.00,4.494539,102.1248
08:06:04,912810UA4,TSRYS5802849,D,S,C,2024-07-25,1000000.00,4.494517,102.125175
08:06:04,912810UA4,TSRYS5802849,D,B,C,2024-07-25,1000000.00,4.494539,102.1248
08:06:04,912810UA4,TSRYS5802849,D,S,C,2024-07-25,1000000.00,4.494527,102.125
08:06:04,912810UA4,TSRYS5802849,D,S,C,2024-07-25,1000000.00,4.494521,102.1251
08:06:04,912810UA4,TSRYS5802849,D,B,C,2024-07-25,1000000.00,4.494527,102.125
08:06:04,912810UA4,TSRYS5802849,D,S,D,2024-07-25,1000000.00,4.493585,102.140625
08:06:04,912810UA4,TSRYS5802849,D,S,D,2024-07-25,1000000.00,4.493585,102.140625
08:06:04,912810UA4,TSRYS5802849,D,S,D,2024-07-25,1000000.00,4.493576,102.140775
08:06:05,912810UA4,TSRYS5802849,D,B,C,2024-07-25,1000000.00,4.493585,102.140625
08:06:05,912810UA4,TSRYS5802849,D,S,D,2024-07-25,1000000.00,4.493585,102.140625
08:06:05,912810UA4,TSRYS5802849,D,S,D,2024-07-25,1000000.00,4.493585,102.140625
08:06:05,912810UA4,TSRYS5802849,D,S,C,2024-07-25,1000000.00,4.492643,102.15625
08:06:05,912810UA4,TSRYS5802849,D,S,C,2024-07-25,1000000.00,4.491702,102.171875
08:06:05,912810UA4,TSRYS5802849,D,S,C,2024-07-25,1000000.00,4.491691,102.17205
08:06:05,912810UA4,TSRYS5802849,D,S,C,2024-07-25,1000000.00,4.491691,102.17205
08:06:05,912810UA4,TSRYS5802849,D,S,C,2024-07-25,1000000.00,4.491691,102.17205
08:06:05,912810UA4,TSRYS5802849,D,S,C,2024-07-25,1000000.00,4.491691,102.17205
08:06:05,912810UA4,TSRYS5802849,D,B,C,2024-07-25,1000000.00,4.49076,102.1875
08:06:05,912810UA4,TSRYS5802849,D,S,D,2024-07-25,1000000.00,4.490751,102.187652
08:06:05,912810UA4,TSRYS5802849,D,S,D,2024-07-25,1000000.00,4.490751,102.187652
08:06:05,912810UA4,TSRYS5802849,D,S,D,2024-07-25,1000000.00,4.49076,102.1875
08:06:05,912810UA4,TSRYS5802849,D,S,D,2024-07-25,1000000.00,4.49076,102.1875
08:06:05,912810UA4,TSRYS5802849,D,B,C,2024-07-25,1000000.00,4.49076,102.1875
08:06:05,912810UA4,TSRYS5802849,D,S,D,2024-07-25,1000000.00,4.49076,102.1875
08:06:05,912810UA4,TSRYS5802849,D,S,D,2024-07-25,1000000.00,4.49076,102.1875
08:06:05,912810UA4,TSRYS5802849,D,S,D,2024-07-25,1000000.00,4.49076,102.1875
08:06:05,912810UA4,TSRYS5802849,D,S,T,2024-07-25,1000000.00,4.53238,101.5
08:06:05,912810UA4,TSRYS5802849,D,S,T,2024-07-25,1000000.00,4.53238,101.5
08:06:05,912810UA4,TSRYS5802849,D,S,C,2024-07-25,1000000.00,4.490747,102.187727
08:06:05,912810UA4,TSRYS5802849,D,S,C,2024-07-25,1000000.00,4.490747,102.187727
08:06:05,912810UA4,TSRYS5802849,D,S,T,2024-07-25,1000000.00,4.528579,101.5625
08:06:06,912810UA4,TSRYS5802849,D,S,T,2024-07-25,1000000.00,4.528579,101.5625
08:06:06,912810UA4,TSRYS5802849,D,S,D,2024-07-25,1000000.00,4.49076,102.1875
08:06:06,912810UA4,TSRYS5802849,D,B,C,2024-07-25,1000000.00,4.49076,102.1875
08:06:06,912810UA4,TSRYS5802849,D,B,C,2024-07-25,1000000.00,4.49076,102.1875
08:06:06,912810UA4,TSRYS5802849,D,S,D,2024-07-25,1000000.00,4.49076,102.1875
