tradeTime,cusip,issueSymbolIdentifier,priceType,reportingSideCode,contraPartyTypeCode,tradeDate,reportedTradeVolume,lastSaleYield,lastSalePrice
08:00:05,912810UA4,TSRYS5802849,D,S,A,2024-07-17,100000.00,4.376616,104.114375
08:00:05,912810UA4,TSRYS5802849,D,S,T,2024-07-17,1000000.00,4.380282,104.046875
08:00:05,912810UA4,TSRYS5802849,D,S,T,2024-07-17,1000000.00,4.377532,104.09375
08:00:05,912810UA4,TSRYS5802849,D,S,T,2024-07-17,1000000.00,4.374784,104.140625
08:00:05,912810UA4,TSRYS5802849,D,S,T,2024-07-17,1000000.00,4.374784,104.140625
08:00:05,912810UA4,TSRYS5802849,D,S,T,2024-07-17,1000000.00,4.367463,104.265625
08:00:05,912810UA4,TSRYS5802849,D,S,T,2024-07-17,1000000.00,4.365635,104.296875
08:00:05,912810UA4,TSRYS5802849,D,S,T,2024-07-17,1000000.00,4.376616,104.109375
08:00:05,912810UA4,TSRYS5802849,D,S,T,2024-07-17,1000000.00,4.374784,104.140625
08:00:05,912810UA4,TSRYS5802849,D,S,T,2024-07-17,1000000.00,4.3757,104.125
08:00:05,912810UA4,TSRYS5802849,D,S,D,2024-07-17,1000000.00,4.376616,104.109375
08:00:06,912810UA4,TSRYS5802849,D,S,D,2024-07-17,1000000.00,4.38464,103.97265625
08:00:06,912810UA4,TSRYS5802849,D,S,D,2024-07-17,1000000.00,4.38464,103.97265625
08:00:06,912810UA4,TSRYS5802849,D,S,T,2024-07-17,1000000.00,4.38464,103.97265625
08:00:06,912810UA4,TSRYS5802849,D,S,T,2024-07-17,1000000.00,4.383034,104.0
08:00:06,912810UA4,TSRYS5802849,D,S,T,2024-07-17,1000000.00,4.3757,104.125
08:00:06,912810UA4,TSRYS5802849,D,S,T,2024-07-17,1000000.00,4.3757,104.125
08:00:06,912810UA4,TSRYS5802849,D,S,T,2024-07-17,1000000.00,4.377647,104.091796875
08:00:06,912810UA4,TSRYS5802849,D,S,T,2024-07-17,1000000.00,4.375127,104.134765625
08:00:06,912810UA4,TSRYS5802849,D,S,T,2024-07-17,1000000.00,4.373868,104.15625
08:00:06,912810UA4,TSRYS5802849,D,S,T,2024-07-17,1000000.00,4.369292,104.234375
08:00:06,912810UA4,TSRYS5802849,D,S,T,2024-07-17,1000000.00,4.368721,104.244140625
08:00:06,912810UA4,TSRYS5802849,D,S,D,2024-07-17,1000000.00,4.364493,104.31640625
08:00:06,912810UA4,TSRYS5802849,D,S,D,2024-07-17,1000000.00,4.363008,104.341796875
08:00:06,912810UA4,TSRYS5802849,D,S,D,2024-07-17,1000000.00,4.363008,104.341796875
08:00:06,912810UA4,TSRYS5802849,D,S,D,2024-07-17,1000000.00,4.363008,104.341796875
08:00:06,912810UA4,TSRYS5802849,D,S,T,2024-07-17,1000000.00,4.376043,104.119140625
08:00:06,912810UA4,TSRYS5802849,D,S,T,2024-07-17,1000000.00,4.376043,104.119140625
08:00:06,912810UA4,TSRYS5802849,D,S,T,2024-07-17,1000000.00,4.376043,104.119140625
08:00:06,912810UA4,TSRYS5802849,D,S,T,2024-07-17,1000000.00,4.375814,104.123046875
08:00:06,912810UA4,TSRYS5802849,D,S,T,2024-07-17,1000000.00,4.375814,104.123046875
08:00:06,912810UA4,TSRYS5802849,D,S,T,2024-07-17,1000000.00,4.375814,104.123046875
08:00:06,912810UA4,TSRYS5802849,D,S,T,2024-07-17,1000000.00,4.375814,104.123046875
08:00:06,912810UA4,TSRYS5802849,D,S,T,2024-07-17,1000000.00,4.375814,104.123046875
08:00:06,912810UA4,TSRYS5802849,D,S,T,2024-07-17,1000000.00,4.375814,104.123046875
08:00:06,912810UA4,TSRYS5802849,D,S,T,2024-07-17,1000000.00,4.375814,104.123046875
08:00:06,912810UA4,TSRYS5802849,D,S,T,2024-07-17,1000000.00,4.375814,104.123046875
08:00:06,912810UA4,TSRYS5802849,D,S,T,2024-07-17,1000000.00,4.3757,104.125
08:00:06,912810UA4,TSRYS5802849,D,S,T,2024-07-17,1000000.00,4.377876,104.087890625
08:00:06,912810UA4,TSRYS5802849,D,B,C,2024-07-17,1000000.00,4.378678,104.07421875
08:00:06,912810UA4,TSRYS5802849,D,S,T,2024-07-17,1000000.00,4.378449,104.078125
08:00:06,912810UA4,TSRYS5802849,D,B,C,2024-07-17,1000000.00,4.378563,104.076171875
08:00:06,912810UA4,TSRYS5802849,D,B,C,2024-07-17,1000000.00,4.379022,104.068359375
08:00:06,912810UA4,TSRYS5802849,D,S,T,2024-07-17,1000000.00,4.378449,104.078125
08:00:06,912810UA4,TSRYS5802849,D,B,C,2024-07-17,1000000.00,4.378334,104.080078125
08:00:06,912810UA4,TSRYS5802849,D,B,C,2024-07-17,1000000.00,4.378678,104.07421875
08:00:06,912810UA4,TSRYS5802849,D,S,T,2024-07-17,1000000.00,4.378449,104.078125
08:00:06,912810UA4,TSRYS5802849,D,S,T,2024-07-17,1000000.00,4.377532,104.09375
08:00:06,912810UA4,TSRYS5802849,D,S,T,2024-07-17,1000000.00,4.377532,104.09375
08:00:06,912810UA4,TSRYS5802849,D,S,T,2024-07-17,1000000.00,4.377074,104.1015625
08:00:06,912810UA4,TSRYS5802849,D,B,C,2024-07-17,1000000.00,4.377418,104.095703125
08:00:06,912810UA4,TSRYS5802849,D,B,C,2024-07-17,1000000.00,4.376501,104.111328125
08:00:06,912810UA4,TSRYS5802849,D,S,T,2024-07-17,1000000.00,4.376158,104.1171875
08:00:06,912810UA4,TSRYS5802849,D,B,C,2024-07-17,1000000.00,4.375814,104.123046875
08:00:06,912810UA4,TSRYS5802849,D,B,C,2024-07-17,1000000.00,4.375471,104.12890625
08:00:06,912810UA4,TSRYS5802849,D,S,T,2024-07-17,1000000.00,4.374097,104.15234375
08:00:06,912810UA4,TSRYS5802849,D,S,D,2024-07-17,1000000.00,4.374555,104.14453125
08:00:06,912810UA4,TSRYS5802849,D,S,D,2024-07-17,1000000.00,4.374555,104.14453125
08:00:06,912810UA4,TSRYS5802849,D,S,D,2024-07-17,1000000.00,4.37444,104.146484375
08:00:06,912810UA4,TSRYS5802849,D,S,D,2024-07-17,1000000.00,4.37444,104.146484375
08:00:06,912810UA4,TSRYS5802849,D,S,D,2024-07-17,1000000.00,4.377303,104.09765625
08:00:06,912810UA4,TSRYS5802849,D,S,T,2024-07-17,1000000.00,4.376845,104.10546875
08:00:06,912810UA4,TSRYS5802849,D,S,D,2024-07-17,1000000.00,4.374211,104.150390625
08:00:06,912810UA4,TSRYS5802849,D,S,T,2024-07-17,1000000.00,4.374784,104.140625
08:00:06,912810UA4,TSRYS5802849,D,S,D,2024-07-17,1000000.00,4.376158,104.1171875
08:00:06,912810UA4,TSRYS5802849,D,S,D,2024-07-17,1000000.00,4.376158,104.1171875
08:00:07,912810UA4,TSRYS5802849,D,S,T,2024-07-17,1000000.00,4.377532,104.09375
08:00:08,912810UA4,TSRYS5802849,D,S,T,2024-07-17,1000000.00,4.372952,104.171875
08:00:08,912810UA4,TSRYS5802849,D,S,D,2024-07-17,1000000.00,4.366321,104.28515625
08:00:08,912810UA4,TSRYS5802849,D,S,D,2024-07-17,2000000.00,4.366092,104.2890625
08:00:09,912810UA4,TSRYS5802849,D,S,T,2024-07-17,1000000.00,4.3757,104.125
08:00:12,912810UA4,TSRYS5802849,D,S,T,2024-07-17,1000000.00,4.383952,103.984375
08:00:12,912810UA4,TSRYS5802849,D,S,T,2024-07-17,1000000.00,4.383034,104.0
08:00:12,912810UA4,TSRYS5802849,D,S,T,2024-07-17,1000000.00,4.380282,104.046875
08:00:13,912810UA4,TSRYS5802849,D,S,T,2024-07-17,1000000.00,4.3757,104.125
08:00:13,912810UA4,TSRYS5802849,D,S,T,2024-07-17,1000000.00,4.376616,104.109375
08:00:13,912810UA4,TSRYS5802849,D,S,T,2024-07-17,1000000.00,4.376616,104.109375
08:00:13,912810UA4,TSRYS5802849,D,S,T,2024-07-17,1000000.00,4.382117,104.015625
08:00:13,912810UA4,TSRYS5802849,D,S,T,2024-07-17,1000000.00,4.386706,103.9375
08:00:13,912810UA4,TSRYS5802849,D,S,T,2024-07-17,1000000.00,4.372952,104.171875
08:00:13,912810UA4,TSRYS5802849,D,S,T,2024-07-17,1000000.00,4.374784,104.140625
08:00:13,912810UA4,TSRYS5802849,D,S,T,2024-07-17,1000000.00,4.373868,104.15625
08:00:13,912810UA4,TSRYS5802849,D,S,T,2024-07-17,1000000.00,4.371122,104.203125
08:00:13,912810UA4,TSRYS5802849,D,S,T,2024-07-17,1000000.00,4.371122,104.203125
08:00:13,912810UA4,TSRYS5802849,D,S,T,2024-07-17,1000000.00,4.370207,104.21875
08:00:13,912810UA4,TSRYS5802849,D,S,T,2024-07-17,1000000.00,4.369292,104.234375
08:00:13,912810UA4,TSRYS5802849,D,S,D,2024-07-17,1000000.00,4.368835,104.2421875
08:00:13,912810UA4,TSRYS5802849,D,S,D,2024-07-17,1000000.00,4.368835,104.2421875
08:00:13,912810UA4,TSRYS5802849,D,S,D,2024-07-17,1000000.00,4.36792,104.2578125
08:00:13,912810UA4,TSRYS5802849,D,S,D,2024-07-17,1000000.00,4.364264,104.3203125
08:00:13,912810UA4,TSRYS5802849,D,S,D,2024-07-17,1000000.00,4.362894,104.34375
08:00:13,912810UA4,TSRYS5802849,D,S,D,2024-07-17,1000000.00,4.362438,104.3515625
08:00:13,912810UA4,TSRYS5802849,D,S,D,2024-07-17,1000000.00,4.362894,104.34375
08:00:13,912810UA4,TSRYS5802849,D,S,D,2024-07-17,1000000.00,4.362438,104.3515625
08:00:13,912810UA4,TSRYS5802849,D,S,D,2024-07-17,1000000.00,4.362894,104.34375
08:00:13,912810UA4,TSRYS5802849,D,S,D,2024-07-17,1000000.00,4.364264,104.3203125
08:00:13,912810UA4,TSRYS5802849,D,S,D,2024-07-17,1000000.00,4.369292,104.234375
08:00:13,912810UA4,TSRYS5802849,D,S,T,2024-07-17,1000000.00,4.370893,104.20703125
08:00:13,912810UA4,TSRYS5802849,D,S,T,2024-07-17,1000000.00,4.371236,104.201171875
08:00:13,912810UA4,TSRYS5802849,D,S,T,2024-07-17,1000000.00,4.374784,104.140625
08:00:13,912810UA4,TSRYS5802849,D,S,T,2024-07-17,1000000.00,4.376616,104.109375
08:00:13,912810UA4,TSRYS5802849,D,S,T,2024-07-17,1000000.00,4.376845,104.10546875
08:00:13,912810UA4,TSRYS5802849,D,S,T,2024-07-17,1000000.00,4.376616,104.109375
08:00:13,912810UA4,TSRYS5802849,D,S,T,2024-07-17,1000000.00,4.376616,104.109375
08:00:13,912810UA4,TSRYS5802849,D,S,T,2024-07-17,1000000.00,4.375814,104.123046875
08:00:13,912810UA4,TSRYS5802849,D,S,T,2024-07-17,1000000.00,4.375814,104.123046875
08:00:13,912810UA4,TSRYS5802849,D,S,T,2024-07-17,1000000.00,4.3757,104.125
08:00:13,912810UA4,TSRYS5802849,D,S,T,2024-07-17,1000000.00,4.377532,104.09375
08:00:13,912810UA4,TSRYS5802849,D,S,T,2024-07-17,1000000.00,4.378449,104.078125
08:00:13,912810UA4,TSRYS5802849,D,S,D,2024-07-17,1000000.00,4.378907,104.0703125
08:00:13,912810UA4,TSRYS5802849,D,S,T,2024-07-17,1000000.00,4.378449,104.078125
08:00:13,912810UA4,TSRYS5802849,D,S,T,2024-07-17,1000000.00,4.378449,104.078125
08:00:13,912810UA4,TSRYS5802849,D,S,T,2024-07-17,1000000.00,4.376616,104.109375
08:00:13,912810UA4,TSRYS5802849,D,S,T,2024-07-17,1000000.00,4.376616,104.109375
08:00:13,912810UA4,TSRYS5802849,D,S,T,2024-07-17,1000000.00,4.373868,104.15625
08:00:13,912810UA4,TSRYS5802849,D,S,T,2024-07-17,1000000.00,4.3757,104.125
08:00:13,912810UA4,TSRYS5802849,D,S,T,2024-07-17,1000000.00,4.374784,104.140625
08:00:13,912810UA4,TSRYS5802849,D,S,T,2024-07-17,1000000.00,4.373868,104.15625
08:00:13,912810UA4,TSRYS5802849,D,S,T,2024-07-17,1000000.00,4.373868,104.15625
08:00:13,912810UA4,TSRYS5802849,D,S,T,2024-07-17,1000000.00,4.372952,104.171875
08:00:13,912810UA4,TSRYS5802849,D,S,T,2024-07-17,1000000.00,4.372952,104.171875
08:00:13,912810UA4,TSRYS5802849,D,S,T,2024-07-17,1000000.00,4.372952,104.171875
08:00:13,912810UA4,TSRYS5802849,D,S,D,2024-07-17,1000000.00,4.375242,104.1328125
08:00:13,912810UA4,TSRYS5802849,D,S,D,2024-07-17,1000000.00,4.376158,104.1171875
08:00:14,912810UA4,TSRYS5802849,D,S,T,2024-07-17,1000000.00,4.378449,104.078125
08:00:14,912810UA4,TSRYS5802849,D,S,T,2024-07-17,1000000.00,4.378449,104.078125
08:00:14,912810UA4,TSRYS5802849,D,S,D,2024-07-17,1000000.00,4.379365,104.0625
08:00:14,912810UA4,TSRYS5802849,D,S,T,2024-07-17,1000000.00,4.379365,104.0625
08:00:14,912810UA4,TSRYS5802849,D,S,T,2024-07-17,1000000.00,4.379365,104.0625
08:00:14,912810UA4,TSRYS5802849,D,S,T,2024-07-17,1000000.00,4.379365,104.0625
08:00:14,912810UA4,TSRYS5802849,D,S,T,2024-07-17,1000000.00,4.377303,104.09765625
08:00:14,912810UA4,TSRYS5802849,D,S,T,2024-07-17,1000000.00,4.374097,104.15234375
08:00:14,912810UA4,TSRYS5802849,D,S,D,2024-07-17,1000000.00,4.378907,104.0703125
08:00:14,912810UA4,TSRYS5802849,D,S,T,2024-07-17,1000000.00,4.374784,104.140625
08:00:14,912810UA4,TSRYS5802849,D,S,T,2024-07-17,1000000.00,4.374784,104.140625
08:00:14,912810UA4,TSRYS5802849,D,S,T,2024-07-17,1000000.00,4.376616,104.109375
08:00:14,912810UA4,TSRYS5802849,D,S,T,2024-07-17,1000000.00,4.376616,104.109375
08:00:14,912810UA4,TSRYS5802849,D,S,T,2024-07-17,1000000.00,4.376616,104.109375
08:00:14,912810UA4,TSRYS5802849,D,S,T,2024-07-17,1000000.00,4.3757,104.125
08:00:14,912810UA4,TSRYS5802849,D,S,T,2024-07-17,1000000.00,4.3757,104.125
08:00:14,912810UA4,TSRYS5802849,D,S,T,2024-07-17,1000000.00,4.375929,104.12109375
08:00:14,912810UA4,TSRYS5802849,D,S,T,2024-07-17,1000000.00,4.377532,104.09375
08:00:14,912810UA4,TSRYS5802849,D,S,T,2024-07-17,1000000.00,4.377532,104.09375
08:00:16,912810UA4,TSRYS5802849,D,S,A,2024-07-17,100000.00,4.378449,104.078125
08:00:16,912810UA4,TSRYS5802849,D,S,A,2024-07-17,25000.00,4.380741,104.0390625
08:00:16,912810UA4,TSRYS5802849,D,S,D,2024-07-17,1000000.00,4.376616,104.109375
08:00:20,912810UA4,TSRYS5802849,D,S,D,2024-07-17,1000000.00,4.379824,104.0546875
08:00:21,912810UA4,TSRYS5802849,D,S,T,2024-07-17,8000000.00,4.378449,104.078125
08:00:21,912810UA4,TSRYS5802849,D,S,T,2024-07-17,1000000.00,4.378449,104.078125
08:00:22,912810UA4,TSRYS5802849,D,S,T,2024-07-17,1000000.00,4.378449,104.078125
08:00:26,912810UA4,TSRYS5802849,D,B,C,2024-07-17,13300000.00,4.375929,104.12109375
08:00:27,912810UA4,TSRYS5802849,D,S,T,2024-07-17,1000000.00,4.371122,104.203125
08:00:27,912810UA4,TSRYS5802849,D,S,T,2024-07-17,1000000.00,4.371122,104.203125
08:00:27,912810UA4,TSRYS5802849,D,S,T,2024-07-17,1000000.00,4.371122,104.203125
08:00:28,912810UA4,TSRYS5802849,D,S,D,2024-07-17,1000000.00,4.374784,104.140625
08:00:28,912810UA4,TSRYS5802849,D,B,C,2024-07-17,1000000.00,4.376616,104.109375
08:00:28,912810UA4,TSRYS5802849,D,S,D,2024-07-17,1000000.00,4.376616,104.109375
08:00:28,912810UA4,TSRYS5802849,D,B,C,2024-07-17,1000000.00,4.376616,104.109375
08:00:28,912810UA4,TSRYS5802849,D,S,D,2024-07-17,1000000.00,4.376616,104.109375
08:00:28,912810UA4,TSRYS5802849,D,S,D,2024-07-17,1000000.00,4.377761,104.08984375
08:00:29,912810UA4,TSRYS5802849,D,S,D,2024-07-17,1000000.00,4.377532,104.09375
08:00:29,912810UA4,TSRYS5802849,D,S,D,2024-07-17,1000000.00,4.377303,104.09765625
08:00:29,912810UA4,TSRYS5802849,D,S,T,2024-07-17,1000000.00,4.387625,103.921875
08:00:29,912810UA4,TSRYS5802849,D,S,T,2024-07-17,1000000.00,4.38487,103.96875
08:00:29,912810UA4,TSRYS5802849,D,S,T,2024-07-17,1000000.00,4.374784,104.140625
08:00:29,912810UA4,TSRYS5802849,D,S,T,2024-07-17,1000000.00,4.371122,104.203125
08:00:29,912810UA4,TSRYS5802849,D,S,T,2024-07-17,1000000.00,4.371122,104.203125
08:00:29,912810UA4,TSRYS5802849,D,S,T,2024-07-17,1000000.00,4.371122,104.203125
08:00:29,912810UA4,TSRYS5802849,D,S,T,2024-07-17,1000000.00,4.374784,104.140625
08:00:29,912810UA4,TSRYS5802849,D,S,T,2024-07-17,1000000.00,4.376616,104.109375
08:00:29,912810UA4,TSRYS5802849,D,S,T,2024-07-17,1000000.00,4.372952,104.171875
08:00:29,912810UA4,TSRYS5802849,D,S,T,2024-07-17,1000000.00,4.373868,104.15625
08:00:29,912810UA4,TSRYS5802849,D,S,T,2024-07-17,1000000.00,4.373868,104.15625
08:00:29,912810UA4,TSRYS5802849,D,S,T,2024-07-17,1000000.00,4.374784,104.140625
08:00:30,912810UA4,TSRYS5802849,D,S,T,2024-07-17,1000000.00,4.373868,104.15625
08:00:30,912810UA4,TSRYS5802849,D,S,T,2024-07-17,1000000.00,4.373868,104.15625
08:00:30,912810UA4,TSRYS5802849,D,S,T,2024-07-17,1000000.00,4.373868,104.15625
08:00:30,912810UA4,TSRYS5802849,D,S,T,2024-07-17,1000000.00,4.381429,104.02734375
08:00:30,912810UA4,TSRYS5802849,D,S,T,2024-07-17,1000000.00,4.38097,104.03515625
08:00:30,912810UA4,TSRYS5802849,D,S,T,2024-07-17,1000000.00,4.376616,104.109375
08:00:30,912810UA4,TSRYS5802849,D,S,T,2024-07-17,1000000.00,4.379365,104.0625
08:00:30,912810UA4,TSRYS5802849,D,S,T,2024-07-17,1000000.00,4.379365,104.0625
08:00:30,912810UA4,TSRYS5802849,D,S,T,2024-07-17,1000000.00,4.379365,104.0625
08:00:30,912810UA4,TSRYS5802849,D,S,T,2024-07-17,1000000.00,4.383034,104.0
08:00:30,912810UA4,TSRYS5802849,D,S,T,2024-07-17,1000000.00,4.383034,104.0
08:00:30,912810UA4,TSRYS5802849,D,S,T,2024-07-17,1000000.00,4.383034,104.0
08:00:34,912810UA4,TSRYS5802849,D,S,T,2024-07-17,1000000.00,4.38487,103.96875
08:00:34,912810UA4,TSRYS5802849,D,S,T,2024-07-17,1000000.00,4.3757,104.125
08:00:34,912810UA4,TSRYS5802849,D,S,T,2024-07-17,1000000.00,4.3757,104.125
08:00:34,912810UA4,TSRYS5802849,D,S,T,2024-07-17,1000000.00,4.3757,104.125
08:00:34,912810UA4,TSRYS5802849,D,S,T,2024-07-17,1000000.00,4.374898,104.138671875
08:00:34,912810UA4,TSRYS5802849,D,S,T,2024-07-17,1000000.00,4.378563,104.076171875
08:00:34,912810UA4,TSRYS5802849,D,S,T,2024-07-17,1000000.00,4.378563,104.076171875
08:00:34,912810UA4,TSRYS5802849,D,S,T,2024-07-17,1000000.00,4.378563,104.076171875
08:00:34,912810UA4,TSRYS5802849,D,S,T,2024-07-17,1000000.00,4.378792,104.072265625
08:00:34,912810UA4,TSRYS5802849,D,S,T,2024-07-17,1000000.00,4.377074,104.1015625
08:00:34,912810UA4,TSRYS5802849,D,S,T,2024-07-17,1000000.00,4.375929,104.12109375
08:00:34,912810UA4,TSRYS5802849,D,S,T,2024-07-17,1000000.00,4.379824,104.0546875
08:00:34,912810UA4,TSRYS5802849,D,S,T,2024-07-17,1000000.00,4.379824,104.0546875
08:00:34,912810UA4,TSRYS5802849,D,S,T,2024-07-17,1000000.00,4.378678,104.07421875
08:00:34,912810UA4,TSRYS5802849,D,S,T,2024-07-17,1000000.00,4.378678,104.07421875
08:00:34,912810UA4,TSRYS5802849,D,S,T,2024-07-17,1000000.00,4.379136,104.06640625
08:00:34,912810UA4,TSRYS5802849,D,S,T,2024-07-17,1000000.00,4.379136,104.06640625
08:00:34,912810UA4,TSRYS5802849,D,S,T,2024-07-17,1000000.00,4.378449,104.078125
08:00:34,912810UA4,TSRYS5802849,D,S,T,2024-07-17,1000000.00,4.379365,104.0625
08:00:34,912810UA4,TSRYS5802849,D,S,T,2024-07-17,1000000.00,4.379365,104.0625
08:00:34,912810UA4,TSRYS5802849,D,S,T,2024-07-17,1000000.00,4.379365,104.0625
08:00:34,912810UA4,TSRYS5802849,D,S,T,2024-07-17,1000000.00,4.379365,104.0625
08:00:34,912810UA4,TSRYS5802849,D,S,T,2024-07-17,1000000.00,4.38097,104.03515625
08:00:34,912810UA4,TSRYS5802849,D,S,T,2024-07-17,1000000.00,4.381085,104.033203125
08:00:34,912810UA4,TSRYS5802849,D,S,T,2024-07-17,1000000.00,4.381199,104.03125
08:00:34,912810UA4,TSRYS5802849,D,S,T,2024-07-17,1000000.00,4.380282,104.046875
08:00:34,912810UA4,TSRYS5802849,D,S,T,2024-07-17,1000000.00,4.380282,104.046875
08:00:34,912810UA4,TSRYS5802849,D,S,T,2024-07-17,1000000.00,4.381199,104.03125
08:00:34,912810UA4,TSRYS5802849,D,S,T,2024-07-17,1000000.00,4.380282,104.046875
08:00:34,912810UA4,TSRYS5802849,D,S,T,2024-07-17,1000000.00,4.382117,104.015625
08:00:34,912810UA4,TSRYS5802849,D,S,T,2024-07-17,1000000.00,4.382117,104.015625
08:00:34,912810UA4,TSRYS5802849,D,S,T,2024-07-17,1000000.00,4.382117,104.015625
08:00:34,912810UA4,TSRYS5802849,D,S,T,2024-07-17,1000000.00,4.382117,104.015625
08:00:34,912810UA4,TSRYS5802849,D,S,T,2024-07-17,1000000.00,4.382117,104.015625
08:00:34,912810UA4,TSRYS5802849,D,S,T,2024-07-17,1000000.00,4.382117,104.015625
08:00:34,912810UA4,TSRYS5802849,D,S,T,2024-07-17,1000000.00,4.382117,104.015625
08:00:34,912810UA4,TSRYS5802849,D,S,T,2024-07-17,1000000.00,4.381887,104.01953125
08:00:34,912810UA4,TSRYS5802849,D,S,T,2024-07-17,1000000.00,4.382117,104.015625
08:00:34,912810UA4,TSRYS5802849,D,S,T,2024-07-17,1000000.00,4.381199,104.03125
08:00:34,912810UA4,TSRYS5802849,D,S,T,2024-07-17,1000000.00,4.381199,104.03125
08:00:34,912810UA4,TSRYS5802849,D,S,T,2024-07-17,1000000.00,4.380282,104.046875
08:00:34,912810UA4,TSRYS5802849,D,S,T,2024-07-17,1000000.00,4.380282,104.046875
08:00:34,912810UA4,TSRYS5802849,D,S,T,2024-07-17,1000000.00,4.382117,104.015625
08:00:34,912810UA4,TSRYS5802849,D,S,T,2024-07-17,1000000.00,4.382117,104.015625
08:00:34,912810UA4,TSRYS5802849,D,S,T,2024-07-17,1000000.00,4.382117,104.015625
08:00:34,912810UA4,TSRYS5802849,D,S,T,2024-07-17,1000000.00,4.385444,103.958984375
08:00:34,912810UA4,TSRYS5802849,D,S,T,2024-07-17,1000000.00,4.385329,103.9609375
08:00:34,912810UA4,TSRYS5802849,D,S,T,2024-07-17,1000000.00,4.385214,103.962890625
08:00:34,912810UA4,TSRYS5802849,D,S,T,2024-07-17,1000000.00,4.386706,103.9375
08:00:34,912810UA4,TSRYS5802849,D,S,T,2024-07-17,1000000.00,4.386706,103.9375
08:00:34,912810UA4,TSRYS5802849,D,S,T,2024-07-17,1000000.00,4.386706,103.9375
08:00:34,912810UA4,TSRYS5802849,D,S,T,2024-07-17,1000000.00,4.386592,103.939453125
08:00:34,912810UA4,TSRYS5802849,D,S,T,2024-07-17,1000000.00,4.384296,103.978515625
08:00:34,912810UA4,TSRYS5802849,D,S,T,2024-07-17,1000000.00,4.384182,103.98046875
08:00:34,912810UA4,TSRYS5802849,D,S,T,2024-07-17,1000000.00,4.384067,103.982421875
08:00:34,912810UA4,TSRYS5802849,D,S,T,2024-07-17,1000000.00,4.383952,103.984375
08:00:34,912810UA4,TSRYS5802849,D,S,T,2024-07-17,1000000.00,4.383952,103.984375
08:00:34,912810UA4,TSRYS5802849,D,S,T,2024-07-17,1000000.00,4.381199,104.03125
08:00:34,912810UA4,TSRYS5802849,D,S,T,2024-07-17,1000000.00,4.382117,104.015625
08:00:34,912810UA4,TSRYS5802849,D,S,D,2024-07-17,1000000.00,4.379824,104.0546875
08:00:34,912810UA4,TSRYS5802849,D,S,T,2024-07-17,1000000.00,4.382346,104.01171875
08:00:34,912810UA4,TSRYS5802849,D,S,T,2024-07-17,1000000.00,4.385329,103.9609375
08:00:34,912810UA4,TSRYS5802849,D,S,T,2024-07-17,1000000.00,4.386477,103.94140625
08:00:34,912810UA4,TSRYS5802849,D,S,T,2024-07-17,1000000.00,4.385788,103.953125
08:00:34,912810UA4,TSRYS5802849,D,S,T,2024-07-17,1000000.00,4.383952,103.984375
08:00:34,912810UA4,TSRYS5802849,D,S,D,2024-07-17,1000000.00,4.381429,104.02734375
08:00:34,912810UA4,TSRYS5802849,D,S,D,2024-07-17,1000000.00,4.379824,104.0546875
08:00:34,912810UA4,TSRYS5802849,D,B,C,2024-07-17,2000000.00,4.38487,103.96875
08:00:34,912810UA4,TSRYS5802849,D,S,D,2024-07-17,1000000.00,4.385559,103.95703125
08:00:34,912810UA4,TSRYS5802849,D,S,D,2024-07-17,1000000.00,4.37341,104.1640625
08:00:34,912810UA4,TSRYS5802849,D,S,T,2024-07-17,1000000.00,4.380282,104.046875
08:00:34,912810UA4,TSRYS5802849,D,S,T,2024-07-17,1000000.00,4.380282,104.046875
08:00:34,912810UA4,TSRYS5802849,D,S,T,2024-07-17,1000000.00,4.381199,104.03125
08:00:34,912810UA4,TSRYS5802849,D,S,T,2024-07-17,1000000.00,4.381199,104.03125
08:00:34,912810UA4,TSRYS5802849,D,S,T,2024-07-17,1000000.00,4.381199,104.03125
08:00:34,912810UA4,TSRYS5802849,D,S,T,2024-07-17,1000000.00,4.380282,104.046875
08:00:34,912810UA4,TSRYS5802849,D,S,D,2024-07-17,2000000.00,4.376387,104.11328125
08:00:34,912810UA4,TSRYS5802849,D,S,D,2024-07-17,1000000.00,4.376845,104.10546875
08:00:34,912810UA4,TSRYS5802849,D,S,D,2024-07-17,3000000.00,4.375471,104.12890625
08:00:34,912810UA4,TSRYS5802849,D,S,D,2024-07-17,1000000.00,4.364721,104.3125
08:00:34,912810UA4,TSRYS5802849,D,S,D,2024-07-17,1000000.00,4.366321,104.28515625
08:00:34,912810UA4,TSRYS5802849,D,S,T,2024-07-17,1000000.00,4.366321,104.28515625
08:00:34,912810UA4,TSRYS5802849,D,S,T,2024-07-17,1000000.00,4.366663,104.279296875
08:00:34,912810UA4,TSRYS5802849,D,S,D,2024-07-17,2000000.00,4.372037,104.1875
08:00:34,912810UA4,TSRYS5802849,D,S,D,2024-07-17,1000000.00,4.371579,104.1953125
08:00:34,912810UA4,TSRYS5802849,D,S,T,2024-07-17,1000000.00,4.370779,104.208984375
08:00:34,912810UA4,TSRYS5802849,D,S,D,2024-07-17,1000000.00,4.370664,104.2109375
08:00:34,912810UA4,TSRYS5802849,D,S,T,2024-07-17,1000000.00,4.373639,104.16015625
08:00:34,912810UA4,TSRYS5802849,D,S,T,2024-07-17,1000000.00,4.376845,104.10546875
08:00:34,912810UA4,TSRYS5802849,D,S,T,2024-07-17,1000000.00,4.375814,104.123046875
08:00:34,912810UA4,TSRYS5802849,D,S,T,2024-07-17,1000000.00,4.375929,104.12109375
08:00:34,912810UA4,TSRYS5802849,D,S,T,2024-07-17,1000000.00,4.383264,103.99609375
08:00:34,912810UA4,TSRYS5802849,D,S,T,2024-07-17,1000000.00,4.38487,103.96875
08:00:34,912810UA4,TSRYS5802849,D,S,T,2024-07-17,1000000.00,4.383264,103.99609375
08:00:34,912810UA4,TSRYS5802849,D,S,T,2024-07-17,1000000.00,4.383952,103.984375
08:00:34,912810UA4,TSRYS5802849,D,S,T,2024-07-17,1000000.00,4.383034,104.0
08:00:34,912810UA4,TSRYS5802849,D,S,T,2024-07-17,1000000.00,4.383952,103.984375
08:00:34,912810UA4,TSRYS5802849,D,S,T,2024-07-17,1000000.00,4.38487,103.96875
08:00:34,912810UA4,TSRYS5802849,D,S,T,2024-07-17,1000000.00,4.38487,103.96875
08:00:34,912810UA4,TSRYS5802849,D,S,T,2024-07-17,1000000.00,4.38487,103.96875
08:00:34,912810UA4,TSRYS5802849,D,S,T,2024-07-17,1000000.00,4.38487,103.96875
08:00:34,912810UA4,TSRYS5802849,D,S,T,2024-07-17,1000000.00,4.38487,103.96875
08:00:34,912810UA4,TSRYS5802849,D,S,T,2024-07-17,1000000.00,4.38487,103.96875
08:00:34,912810UA4,TSRYS5802849,D,S,T,2024-07-17,1000000.00,4.38487,103.96875
08:00:34,912810UA4,TSRYS5802849,D,S,T,2024-07-17,1000000.00,4.38487,103.96875
08:00:34,912810UA4,TSRYS5802849,D,S,T,2024-07-17,1000000.00,4.38487,103.96875
08:00:34,912810UA4,TSRYS5802849,D,S,T,2024-07-17,1000000.00,4.38487,103.96875
08:00:34,912810UA4,TSRYS5802849,D,S,T,2024-07-17,1000000.00,4.38487,103.96875
08:00:34,912810UA4,TSRYS5802849,D,S,T,2024-07-17,1000000.00,4.38487,103.96875
08:00:34,912810UA4,TSRYS5802849,D,S,T,2024-07-17,1000000.00,4.38487,103.96875
08:00:34,912810UA4,TSRYS5802849,D,S,T,2024-07-17,1000000.00,4.386132,103.947265625
08:00:34,912810UA4,TSRYS5802849,D,S,T,2024-07-17,1000000.00,4.386018,103.94921875
08:00:34,912810UA4,TSRYS5802849,D,S,T,2024-07-17,1000000.00,4.385903,103.951171875
08:00:34,912810UA4,TSRYS5802849,D,S,D,2024-07-17,1000000.00,4.374555,104.14453125
08:00:34,912810UA4,TSRYS5802849,D,S,D,2024-07-17,1000000.00,4.377303,104.09765625
08:00:34,912810UA4,TSRYS5802849,D,S,D,2024-07-17,1000000.00,4.375242,104.1328125
08:00:34,912810UA4,TSRYS5802849,D,S,D,2024-07-17,1000000.00,4.37341,104.1640625
08:00:34,912810UA4,TSRYS5802849,D,S,T,2024-07-17,1000000.00,4.377532,104.09375
08:00:34,912810UA4,TSRYS5802849,D,S,T,2024-07-17,1000000.00,4.373868,104.15625
08:00:34,912810UA4,TSRYS5802849,D,S,T,2024-07-17,1000000.00,4.373868,104.15625
08:00:34,912810UA4,TSRYS5802849,D,S,T,2024-07-17,1000000.00,4.374784,104.140625
08:00:34,912810UA4,TSRYS5802849,D,S,T,2024-07-17,1000000.00,4.373868,104.15625
08:00:34,912810UA4,TSRYS5802849,D,S,T,2024-07-17,1000000.00,4.372037,104.1875
08:00:34,912810UA4,TSRYS5802849,D,S,T,2024-07-17,1000000.00,4.372952,104.171875
08:00:34,912810UA4,TSRYS5802849,D,S,T,2024-07-17,1000000.00,4.374784,104.140625
08:00:34,912810UA4,TSRYS5802849,D,S,T,2024-07-17,1000000.00,4.3757,104.125
08:00:34,912810UA4,TSRYS5802849,D,S,T,2024-07-17,1000000.00,4.3757,104.125
08:00:34,912810UA4,TSRYS5802849,D,S,T,2024-07-17,1000000.00,4.3757,104.125
08:00:34,912810UA4,TSRYS5802849,D,S,T,2024-07-17,1000000.00,4.3757,104.125
08:00:34,912810UA4,TSRYS5802849,D,S,T,2024-07-17,1000000.00,4.3757,104.125
08:00:34,912810UA4,TSRYS5802849,D,S,T,2024-07-17,1000000.00,4.3757,104.125
08:00:34,912810UA4,TSRYS5802849,D,S,T,2024-07-17,1000000.00,4.376616,104.109375
08:00:34,912810UA4,TSRYS5802849,D,S,T,2024-07-17,1000000.00,4.376616,104.109375
08:00:34,912810UA4,TSRYS5802849,D,S,T,2024-07-17,1000000.00,4.3757,104.125
08:00:34,912810UA4,TSRYS5802849,D,S,T,2024-07-17,1000000.00,4.3757,104.125
08:00:34,912810UA4,TSRYS5802849,D,S,T,2024-07-17,1000000.00,4.3757,104.125
08:00:34,912810UA4,TSRYS5802849,D,S,T,2024-07-17,1000000.00,4.3757,104.125
08:00:34,912810UA4,TSRYS5802849,D,S,T,2024-07-17,1000000.00,4.3757,104.125
08:00:34,912810UA4,TSRYS5802849,D,S,T,2024-07-17,1000000.00,4.3757,104.125
08:00:34,912810UA4,TSRYS5802849,D,S,T,2024-07-17,1000000.00,4.3757,104.125
08:00:34,912810UA4,TSRYS5802849,D,S,T,2024-07-17,1000000.00,4.375814,104.123046875
08:00:34,912810UA4,TSRYS5802849,D,S,T,2024-07-17,1000000.00,4.3757,104.125
08:00:34,912810UA4,TSRYS5802849,D,S,T,2024-07-17,1000000.00,4.3757,104.125
08:00:34,912810UA4,TSRYS5802849,D,S,T,2024-07-17,1000000.00,4.376616,104.109375
08:00:34,912810UA4,TSRYS5802849,D,S,T,2024-07-17,1000000.00,4.376616,104.109375
08:00:34,912810UA4,TSRYS5802849,D,S,T,2024-07-17,2000000.00,4.376616,104.109375
08:00:34,912810UA4,TSRYS5802849,D,S,T,2024-07-17,2000000.00,4.376616,104.109375
08:00:34,912810UA4,TSRYS5802849,D,S,T,2024-07-17,2000000.00,4.376616,104.109375
08:00:34,912810UA4,TSRYS5802849,D,S,T,2024-07-17,3000000.00,4.376616,104.109375
08:00:34,912810UA4,TSRYS5802849,D,S,T,2024-07-17,1000000.00,4.3757,104.125
08:00:34,912810UA4,TSRYS5802849,D,S,T,2024-07-17,1000000.00,4.372037,104.1875
08:00:34,912810UA4,TSRYS5802849,D,S,T,2024-07-17,1000000.00,4.372037,104.1875
08:00:34,912810UA4,TSRYS5802849,D,S,T,2024-07-17,1000000.00,4.372037,104.1875
08:00:34,912810UA4,TSRYS5802849,D,S,T,2024-07-17,1000000.00,4.371122,104.203125
08:00:34,912810UA4,TSRYS5802849,D,S,T,2024-07-17,1000000.00,4.371122,104.203125
08:00:34,912810UA4,TSRYS5802849,D,S,T,2024-07-17,2000000.00,4.371122,104.203125
08:00:34,912810UA4,TSRYS5802849,D,S,T,2024-07-17,1000000.00,4.371122,104.203125
08:00:34,912810UA4,TSRYS5802849,D,S,T,2024-07-17,1000000.00,4.371122,104.203125
08:00:34,912810UA4,TSRYS5802849,D,S,T,2024-07-17,1000000.00,4.371122,104.203125
08:00:34,912810UA4,TSRYS5802849,D,S,T,2024-07-17,1000000.00,4.371122,104.203125
08:00:34,912810UA4,TSRYS5802849,D,S,T,2024-07-17,1000000.00,4.371122,104.203125
08:00:34,912810UA4,TSRYS5802849,D,S,T,2024-07-17,1000000.00,4.371122,104.203125
08:00:34,912810UA4,TSRYS5802849,D,S,T,2024-07-17,1000000.00,4.371122,104.203125
08:00:34,912810UA4,TSRYS5802849,D,S,T,2024-07-17,1000000.00,4.371122,104.203125
08:00:34,912810UA4,TSRYS5802849,D,S,T,2024-07-17,1000000.00,4.371122,104.203125
08:00:34,912810UA4,TSRYS5802849,D,S,T,2024-07-17,1000000.00,4.372037,104.1875
08:00:34,912810UA4,TSRYS5802849,D,S,T,2024-07-17,1000000.00,4.372037,104.1875
08:00:34,912810UA4,TSRYS5802849,D,S,T,2024-07-17,1000000.00,4.368378,104.25
08:00:34,912810UA4,TSRYS5802849,D,S,T,2024-07-17,1000000.00,4.368378,104.25
08:00:34,912810UA4,TSRYS5802849,D,S,T,2024-07-17,1000000.00,4.368378,104.25
08:00:34,912810UA4,TSRYS5802849,D,S,T,2024-07-17,1000000.00,4.368378,104.25
08:00:34,912810UA4,TSRYS5802849,D,S,T,2024-07-17,1000000.00,4.368378,104.25
08:00:34,912810UA4,TSRYS5802849,D,S,T,2024-07-17,1000000.00,4.368378,104.25
08:00:34,912810UA4,TSRYS5802849,D,S,T,2024-07-17,1000000.00,4.368378,104.25
08:00:34,912810UA4,TSRYS5802849,D,S,T,2024-07-17,1000000.00,4.368378,104.25
08:00:34,912810UA4,TSRYS5802849,D,S,T,2024-07-17,1000000.00,4.368378,104.25
08:00:34,912810UA4,TSRYS5802849,D,S,T,2024-07-17,1000000.00,4.368378,104.25
08:00:34,912810UA4,TSRYS5802849,D,S,T,2024-07-17,1000000.00,4.369292,104.234375
08:00:34,912810UA4,TSRYS5802849,D,S,T,2024-07-17,1000000.00,4.368721,104.244140625
08:00:34,912810UA4,TSRYS5802849,D,S,T,2024-07-17,1000000.00,4.368606,104.24609375
08:00:34,912810UA4,TSRYS5802849,D,S,T,2024-07-17,1000000.00,4.368378,104.25
08:00:34,912810UA4,TSRYS5802849,D,S,T,2024-07-17,1000000.00,4.368378,104.25
08:00:34,912810UA4,TSRYS5802849,D,S,T,2024-07-17,1000000.00,4.367463,104.265625
08:00:34,912810UA4,TSRYS5802849,D,S,T,2024-07-17,1000000.00,4.363808,104.328125
08:00:34,912810UA4,TSRYS5802849,D,S,T,2024-07-17,1000000.00,4.364721,104.3125
08:00:34,912810UA4,TSRYS5802849,D,S,T,2024-07-17,1000000.00,4.364721,104.3125
08:00:34,912810UA4,TSRYS5802849,D,S,T,2024-07-17,1000000.00,4.364721,104.3125
08:00:34,912810UA4,TSRYS5802849,D,S,T,2024-07-17,1000000.00,4.364721,104.3125
08:00:34,912810UA4,TSRYS5802849,D,S,T,2024-07-17,1000000.00,4.363808,104.328125
08:00:34,912810UA4,TSRYS5802849,D,S,T,2024-07-17,1000000.00,4.364721,104.3125
08:00:34,912810UA4,TSRYS5802849,D,S,T,2024-07-17,1000000.00,4.366549,104.28125
08:00:34,912810UA4,TSRYS5802849,D,S,T,2024-07-17,1000000.00,4.366435,104.283203125
08:00:34,912810UA4,TSRYS5802849,D,S,T,2024-07-17,1000000.00,4.366321,104.28515625
08:00:34,912810UA4,TSRYS5802849,D,S,T,2024-07-17,1000000.00,4.366321,104.28515625
08:00:34,912810UA4,TSRYS5802849,D,S,T,2024-07-17,1000000.00,4.366321,104.28515625
08:00:34,912810UA4,TSRYS5802849,D,S,T,2024-07-17,1000000.00,4.366321,104.28515625
08:00:34,912810UA4,TSRYS5802849,D,S,T,2024-07-17,1000000.00,4.366321,104.28515625
08:00:34,912810UA4,TSRYS5802849,D,S,T,2024-07-17,1000000.00,4.366321,104.28515625
08:00:34,912810UA4,TSRYS5802849,D,S,T,2024-07-17,1000000.00,4.366321,104.28515625
08:00:34,912810UA4,TSRYS5802849,D,S,T,2024-07-17,1000000.00,4.366321,104.28515625
08:00:34,912810UA4,TSRYS5802849,D,S,T,2024-07-17,1000000.00,4.366206,104.287109375
08:00:34,912810UA4,TSRYS5802849,D,S,T,2024-07-17,1000000.00,4.366092,104.2890625
08:00:34,912810UA4,TSRYS5802849,D,S,T,2024-07-17,1000000.00,4.366549,104.28125
08:00:34,912810UA4,TSRYS5802849,D,S,T,2024-07-17,1000000.00,4.367463,104.265625
08:00:34,912810UA4,TSRYS5802849,D,S,T,2024-07-17,1000000.00,4.367463,104.265625
08:00:34,912810UA4,TSRYS5802849,D,S,T,2024-07-17,1000000.00,4.367463,104.265625
08:00:34,912810UA4,TSRYS5802849,D,S,T,2024-07-17,1000000.00,4.367463,104.265625
08:00:34,912810UA4,TSRYS5802849,D,S,T,2024-07-17,1000000.00,4.368378,104.25
08:00:34,912810UA4,TSRYS5802849,D,S,T,2024-07-17,1000000.00,4.368378,104.25
08:00:34,912810UA4,TSRYS5802849,D,S,T,2024-07-17,1000000.00,4.368378,104.25
08:00:34,912810UA4,TSRYS5802849,D,S,T,2024-07-17,1000000.00,4.368378,104.25
08:00:34,912810UA4,TSRYS5802849,D,S,T,2024-07-17,1000000.00,4.368378,104.25
08:00:34,912810UA4,TSRYS5802849,D,S,T,2024-07-17,1000000.00,4.368378,104.25
08:00:34,912810UA4,TSRYS5802849,D,S,T,2024-07-17,1000000.00,4.368378,104.25
08:00:34,912810UA4,TSRYS5802849,D,S,T,2024-07-17,1000000.00,4.369292,104.234375
08:00:34,912810UA4,TSRYS5802849,D,S,T,2024-07-17,1000000.00,4.369292,104.234375
08:00:34,912810UA4,TSRYS5802849,D,S,T,2024-07-17,1000000.00,4.369292,104.234375
08:00:34,912810UA4,TSRYS5802849,D,S,T,2024-07-17,1000000.00,4.369292,104.234375
08:00:34,912810UA4,TSRYS5802849,D,S,T,2024-07-17,1000000.00,4.369292,104.234375
08:00:34,912810UA4,TSRYS5802849,D,S,T,2024-07-17,1000000.00,4.369292,104.234375
08:00:34,912810UA4,TSRYS5802849,D,S,D,2024-07-17,1000000.00,4.367006,104.2734375
08:00:34,912810UA4,TSRYS5802849,D,S,T,2024-07-17,1000000.00,4.366549,104.28125
08:00:34,912810UA4,TSRYS5802849,D,S,T,2024-07-17,1000000.00,4.366549,104.28125
08:00:34,912810UA4,TSRYS5802849,D,S,T,2024-07-17,1000000.00,4.365635,104.296875
08:00:34,912810UA4,TSRYS5802849,D,S,T,2024-07-17,1000000.00,4.365635,104.296875
08:00:34,912810UA4,TSRYS5802849,D,S,T,2024-07-17,1000000.00,4.365635,104.296875
08:00:34,912810UA4,TSRYS5802849,D,S,T,2024-07-17,1000000.00,4.366092,104.2890625
08:00:34,912810UA4,TSRYS5802849,D,S,D,2024-07-17,1000000.00,4.365635,104.296875
08:00:34,912810UA4,TSRYS5802849,D,S,T,2024-07-17,1000000.00,4.365635,104.296875
08:00:34,912810UA4,TSRYS5802849,D,S,T,2024-07-17,1000000.00,4.372037,104.1875
08:00:34,912810UA4,TSRYS5802849,D,S,T,2024-07-17,1000000.00,4.371923,104.189453125
08:00:34,912810UA4,TSRYS5802849,D,S,T,2024-07-17,1000000.00,4.371122,104.203125
08:00:34,912810UA4,TSRYS5802849,D,S,T,2024-07-17,1000000.00,4.370207,104.21875
08:00:34,912810UA4,TSRYS5802849,D,S,T,2024-07-17,1000000.00,4.370207,104.21875
08:00:34,912810UA4,TSRYS5802849,D,S,T,2024-07-17,1000000.00,4.371122,104.203125
08:00:34,912810UA4,TSRYS5802849,D,S,T,2024-07-17,1000000.00,4.372495,104.1796875
08:00:34,912810UA4,TSRYS5802849,D,S,T,2024-07-17,1000000.00,4.372952,104.171875
08:00:34,912810UA4,TSRYS5802849,D,S,T,2024-07-17,1000000.00,4.372952,104.171875
08:00:34,912810UA4,TSRYS5802849,D,S,T,2024-07-17,1000000.00,4.371122,104.203125
08:00:34,912810UA4,TSRYS5802849,D,S,T,2024-07-17,1000000.00,4.371122,104.203125
08:00:34,912810UA4,TSRYS5802849,D,S,T,2024-07-17,1000000.00,4.371122,104.203125
08:00:34,912810UA4,TSRYS5802849,D,S,T,2024-07-17,1000000.00,4.371122,104.203125
08:00:34,912810UA4,TSRYS5802849,D,S,T,2024-07-17,1000000.00,4.371122,104.203125
08:00:34,912810UA4,TSRYS5802849,D,S,T,2024-07-17,1000000.00,4.371122,104.203125
08:00:34,912810UA4,TSRYS5802849,D,S,T,2024-07-17,1000000.00,4.371122,104.203125
08:00:34,912810UA4,TSRYS5802849,D,S,T,2024-07-17,1000000.00,4.371122,104.203125
08:00:34,912810UA4,TSRYS5802849,D,S,T,2024-07-17,1000000.00,4.371122,104.203125
08:00:34,912810UA4,TSRYS5802849,D,S,T,2024-07-17,1000000.00,4.371122,104.203125
08:00:34,912810UA4,TSRYS5802849,D,S,T,2024-07-17,1000000.00,4.371122,104.203125
08:00:34,912810UA4,TSRYS5802849,D,S,T,2024-07-17,2000000.00,4.371122,104.203125
08:00:34,912810UA4,TSRYS5802849,D,S,T,2024-07-17,1000000.00,4.371122,104.203125
08:00:34,912810UA4,TSRYS5802849,D,S,T,2024-07-17,1000000.00,4.372037,104.1875
08:00:34,912810UA4,TSRYS5802849,D,S,T,2024-07-17,1000000.00,4.373525,104.162109375
08:00:34,912810UA4,TSRYS5802849,D,S,T,2024-07-17,1000000.00,4.373868,104.15625
08:00:34,912810UA4,TSRYS5802849,D,S,T,2024-07-17,1000000.00,4.373868,104.15625
08:00:34,912810UA4,TSRYS5802849,D,S,T,2024-07-17,1000000.00,4.373868,104.15625
08:00:34,912810UA4,TSRYS5802849,D,S,T,2024-07-17,1000000.00,4.373868,104.15625
08:00:34,912810UA4,TSRYS5802849,D,S,T,2024-07-17,1000000.00,4.372952,104.171875
08:00:34,912810UA4,TSRYS5802849,D,S,T,2024-07-17,1000000.00,4.372952,104.171875
08:00:34,912810UA4,TSRYS5802849,D,S,T,2024-07-17,1000000.00,4.372952,104.171875
08:00:34,912810UA4,TSRYS5802849,D,S,T,2024-07-17,1000000.00,4.372952,104.171875
08:00:34,912810UA4,TSRYS5802849,D,S,T,2024-07-17,1000000.00,4.372838,104.173828125
08:00:34,912810UA4,TSRYS5802849,D,S,T,2024-07-17,1000000.00,4.373868,104.15625
08:00:34,912810UA4,TSRYS5802849,D,S,T,2024-07-17,1000000.00,4.373868,104.15625
08:00:34,912810UA4,TSRYS5802849,D,S,T,2024-07-17,1000000.00,4.373868,104.15625
08:00:34,912810UA4,TSRYS5802849,D,S,T,2024-07-17,1000000.00,4.373868,104.15625
08:00:34,912810UA4,TSRYS5802849,D,S,T,2024-07-17,1000000.00,4.373868,104.15625
08:00:34,912810UA4,TSRYS5802849,D,S,T,2024-07-17,1000000.00,4.372037,104.1875
08:00:34,912810UA4,TSRYS5802849,D,S,T,2024-07-17,1000000.00,4.3757,104.125
08:00:34,912810UA4,TSRYS5802849,D,S,T,2024-07-17,1000000.00,4.3757,104.125
08:00:34,912810UA4,TSRYS5802849,D,S,T,2024-07-17,1000000.00,4.3757,104.125
08:00:34,912810UA4,TSRYS5802849,D,S,T,2024-07-17,1000000.00,4.3757,104.125
08:00:34,912810UA4,TSRYS5802849,D,S,T,2024-07-17,1000000.00,4.3757,104.125
08:00:34,912810UA4,TSRYS5802849,D,S,T,2024-07-17,1000000.00,4.373868,104.15625
08:00:34,912810UA4,TSRYS5802849,D,S,T,2024-07-17,1000000.00,4.373868,104.15625
08:00:34,912810UA4,TSRYS5802849,D,S,T,2024-07-17,1000000.00,4.373868,104.15625
08:00:34,912810UA4,TSRYS5802849,D,S,T,2024-07-17,1000000.00,4.373868,104.15625
08:00:34,912810UA4,TSRYS5802849,D,S,T,2024-07-17,1000000.00,4.373868,104.15625
08:00:34,912810UA4,TSRYS5802849,D,S,T,2024-07-17,1000000.00,4.373868,104.15625
08:00:34,912810UA4,TSRYS5802849,D,S,T,2024-07-17,1000000.00,4.373868,104.15625
08:00:34,912810UA4,TSRYS5802849,D,S,T,2024-07-17,1000000.00,4.3757,104.125
08:00:34,912810UA4,TSRYS5802849,D,S,T,2024-07-17,1000000.00,4.376616,104.109375
08:00:34,912810UA4,TSRYS5802849,D,S,T,2024-07-17,1000000.00,4.377532,104.09375
08:00:34,912810UA4,TSRYS5802849,D,S,T,2024-07-17,1000000.00,4.376959,104.103515625
08:00:34,912810UA4,TSRYS5802849,D,S,T,2024-07-17,1000000.00,4.376845,104.10546875
08:00:34,912810UA4,TSRYS5802849,D,S,T,2024-07-17,1000000.00,4.376616,104.109375
08:00:34,912810UA4,TSRYS5802849,D,S,T,2024-07-17,1000000.00,4.376616,104.109375
08:00:34,912810UA4,TSRYS5802849,D,S,T,2024-07-17,1000000.00,4.376845,104.10546875
08:00:34,912810UA4,TSRYS5802849,D,S,T,2024-07-17,1000000.00,4.375814,104.123046875
08:00:34,912810UA4,TSRYS5802849,D,S,T,2024-07-17,1000000.00,4.375814,104.123046875
08:00:34,912810UA4,TSRYS5802849,D,S,T,2024-07-17,1000000.00,4.375814,104.123046875
08:00:34,912810UA4,TSRYS5802849,D,S,T,2024-07-17,1000000.00,4.375814,104.123046875
08:00:34,912810UA4,TSRYS5802849,D,S,T,2024-07-17,1000000.00,4.375013,104.13671875
08:00:34,912810UA4,TSRYS5802849,D,S,T,2024-07-17,1000000.00,4.3757,104.125
08:00:34,912810UA4,TSRYS5802849,D,S,T,2024-07-17,1000000.00,4.3757,104.125
08:00:34,912810UA4,TSRYS5802849,D,S,T,2024-07-17,1000000.00,4.376616,104.109375
08:00:34,912810UA4,TSRYS5802849,D,S,T,2024-07-17,1000000.00,4.378449,104.078125
08:00:34,912810UA4,TSRYS5802849,D,S,T,2024-07-17,1000000.00,4.379365,104.0625
08:00:34,912810UA4,TSRYS5802849,D,S,T,2024-07-17,1000000.00,4.379365,104.0625
08:00:34,912810UA4,TSRYS5802849,D,S,T,2024-07-17,1000000.00,4.37799,104.0859375
08:00:34,912810UA4,TSRYS5802849,D,S,T,2024-07-17,1000000.00,4.377876,104.087890625
08:00:34,912810UA4,TSRYS5802849,D,S,T,2024-07-17,1000000.00,4.376616,104.109375
08:00:34,912810UA4,TSRYS5802849,D,S,T,2024-07-17,1000000.00,4.376616,104.109375
08:00:34,912810UA4,TSRYS5802849,D,S,T,2024-07-17,1000000.00,4.376616,104.109375
08:00:34,912810UA4,TSRYS5802849,D,S,T,2024-07-17,1000000.00,4.374784,104.140625
08:00:34,912810UA4,TSRYS5802849,D,S,T,2024-07-17,1000000.00,4.3757,104.125
08:00:34,912810UA4,TSRYS5802849,D,S,T,2024-07-17,1000000.00,4.3757,104.125
08:00:34,912810UA4,TSRYS5802849,D,S,T,2024-07-17,1000000.00,4.3757,104.125
08:00:34,912810UA4,TSRYS5802849,D,S,T,2024-07-17,1000000.00,4.3757,104.125
08:00:34,912810UA4,TSRYS5802849,D,S,T,2024-07-17,1000000.00,4.3757,104.125
08:00:34,912810UA4,TSRYS5802849,D,S,T,2024-07-17,1000000.00,4.373868,104.15625
08:00:34,912810UA4,TSRYS5802849,D,S,T,2024-07-17,1000000.00,4.373868,104.15625
08:00:34,912810UA4,TSRYS5802849,D,S,T,2024-07-17,1000000.00,4.373868,104.15625
08:00:34,912810UA4,TSRYS5802849,D,S,T,2024-07-17,1000000.00,4.373868,104.15625
08:00:34,912810UA4,TSRYS5802849,D,S,T,2024-07-17,1000000.00,4.373868,104.15625
08:00:34,912810UA4,TSRYS5802849,D,S,T,2024-07-17,1000000.00,4.373868,104.15625
08:00:34,912810UA4,TSRYS5802849,D,S,T,2024-07-17,1000000.00,4.373868,104.15625
08:00:34,912810UA4,TSRYS5802849,D,S,T,2024-07-17,1000000.00,4.373868,104.15625
08:00:34,912810UA4,TSRYS5802849,D,S,T,2024-07-17,1000000.00,4.373868,104.15625
08:00:34,912810UA4,TSRYS5802849,D,S,T,2024-07-17,1000000.00,4.373868,104.15625
08:00:34,912810UA4,TSRYS5802849,D,S,T,2024-07-17,1000000.00,4.373868,104.15625
08:00:34,912810UA4,TSRYS5802849,D,S,T,2024-07-17,1000000.00,4.373868,104.15625
08:00:34,912810UA4,TSRYS5802849,D,S,T,2024-07-17,1000000.00,4.373868,104.15625
08:00:34,912810UA4,TSRYS5802849,D,S,T,2024-07-17,1000000.00,4.373296,104.166015625
08:00:34,912810UA4,TSRYS5802849,D,S,T,2024-07-17,1000000.00,4.373181,104.16796875
08:00:34,912810UA4,TSRYS5802849,D,S,T,2024-07-17,1000000.00,4.373067,104.169921875
08:00:34,912810UA4,TSRYS5802849,D,S,T,2024-07-17,1000000.00,4.372952,104.171875
08:00:34,912810UA4,TSRYS5802849,D,S,T,2024-07-17,1000000.00,4.373067,104.169921875
08:00:34,912810UA4,TSRYS5802849,D,S,T,2024-07-17,1000000.00,4.372952,104.171875
08:00:34,912810UA4,TSRYS5802849,D,S,T,2024-07-17,1000000.00,4.372952,104.171875
08:00:34,912810UA4,TSRYS5802849,D,S,T,2024-07-17,1000000.00,4.373868,104.15625
08:00:34,912810UA4,TSRYS5802849,D,S,T,2024-07-17,1000000.00,4.379365,104.0625
08:00:34,912810UA4,TSRYS5802849,D,S,T,2024-07-17,1000000.00,4.379365,104.0625
08:00:34,912810UA4,TSRYS5802849,D,S,T,2024-07-17,1000000.00,4.379365,104.0625
08:00:34,912810UA4,TSRYS5802849,D,S,T,2024-07-17,1000000.00,4.378449,104.078125
08:00:34,912810UA4,TSRYS5802849,D,S,T,2024-07-17,1000000.00,4.378449,104.078125
08:00:34,912810UA4,TSRYS5802849,D,S,T,2024-07-17,1000000.00,4.378449,104.078125
08:00:34,912810UA4,TSRYS5802849,D,S,T,2024-07-17,1000000.00,4.378449,104.078125
08:00:34,912810UA4,TSRYS5802849,D,S,T,2024-07-17,1000000.00,4.378449,104.078125
08:00:34,912810UA4,TSRYS5802849,D,S,T,2024-07-17,1000000.00,4.378449,104.078125
08:00:34,912810UA4,TSRYS5802849,D,S,T,2024-07-17,1000000.00,4.378449,104.078125
08:00:34,912810UA4,TSRYS5802849,D,S,T,2024-07-17,1000000.00,4.378449,104.078125
08:00:34,912810UA4,TSRYS5802849,D,S,T,2024-07-17,1000000.00,4.377303,104.09765625
08:00:34,912810UA4,TSRYS5802849,D,S,T,2024-07-17,1000000.00,4.376845,104.10546875
08:00:34,912810UA4,TSRYS5802849,D,S,T,2024-07-17,1000000.00,4.377532,104.09375
08:00:34,912810UA4,TSRYS5802849,D,S,T,2024-07-17,1000000.00,4.377532,104.09375
08:00:34,912810UA4,TSRYS5802849,D,S,T,2024-07-17,1000000.00,4.377418,104.095703125
08:00:34,912810UA4,TSRYS5802849,D,S,T,2024-07-17,1000000.00,4.377074,104.1015625
08:00:34,912810UA4,TSRYS5802849,D,S,T,2024-07-17,1000000.00,4.377074,104.1015625
08:00:34,912810UA4,TSRYS5802849,D,S,T,2024-07-17,1000000.00,4.377074,104.1015625
08:00:34,912810UA4,TSRYS5802849,D,S,T,2024-07-17,1000000.00,4.377418,104.095703125
08:00:34,912810UA4,TSRYS5802849,D,S,T,2024-07-17,1000000.00,4.3757,104.125
08:00:34,912810UA4,TSRYS5802849,D,S,T,2024-07-17,1000000.00,4.3757,104.125
08:00:34,912810UA4,TSRYS5802849,D,S,T,2024-07-17,1000000.00,4.3757,104.125
08:00:34,912810UA4,TSRYS5802849,D,S,T,2024-07-17,1000000.00,4.3757,104.125
08:00:34,912810UA4,TSRYS5802849,D,S,T,2024-07-17,1000000.00,4.3757,104.125
08:00:34,912810UA4,TSRYS5802849,D,S,T,2024-07-17,1000000.00,4.3757,104.125
08:00:34,912810UA4,TSRYS5802849,D,S,T,2024-07-17,1000000.00,4.376616,104.109375
08:00:34,912810UA4,TSRYS5802849,D,S,T,2024-07-17,1000000.00,4.374784,104.140625
08:00:34,912810UA4,TSRYS5802849,D,S,T,2024-07-17,1000000.00,4.378449,104.078125
08:00:34,912810UA4,TSRYS5802849,D,S,T,2024-07-17,1000000.00,4.376959,104.103515625
08:00:34,912810UA4,TSRYS5802849,D,S,T,2024-07-17,1000000.00,4.375471,104.12890625
08:00:34,912810UA4,TSRYS5802849,D,S,T,2024-07-17,1000000.00,4.375471,104.12890625
08:00:34,912810UA4,TSRYS5802849,D,S,T,2024-07-17,1000000.00,4.374784,104.140625
08:00:34,912810UA4,TSRYS5802849,D,S,T,2024-07-17,1000000.00,4.374784,104.140625
08:00:34,912810UA4,TSRYS5802849,D,S,T,2024-07-17,1000000.00,4.374784,104.140625
08:00:34,912810UA4,TSRYS5802849,D,S,T,2024-07-17,1000000.00,4.375929,104.12109375
08:00:34,912810UA4,TSRYS5802849,D,S,T,2024-07-17,1000000.00,4.373868,104.15625
08:00:34,912810UA4,TSRYS5802849,D,S,T,2024-07-17,1000000.00,4.3757,104.125
08:00:34,912810UA4,TSRYS5802849,D,S,T,2024-07-17,1000000.00,4.3757,104.125
08:00:34,912810UA4,TSRYS5802849,D,S,T,2024-07-17,1000000.00,4.377532,104.09375
08:00:34,912810UA4,TSRYS5802849,D,S,T,2024-07-17,1000000.00,4.375356,104.130859375
08:00:34,912810UA4,TSRYS5802849,D,S,T,2024-07-17,1000000.00,4.373868,104.15625
08:00:34,912810UA4,TSRYS5802849,D,S,T,2024-07-17,1000000.00,4.373639,104.16015625
08:00:34,912810UA4,TSRYS5802849,D,S,T,2024-07-17,1000000.00,4.373868,104.15625
08:00:34,912810UA4,TSRYS5802849,D,S,T,2024-07-17,1000000.00,4.373868,104.15625
08:00:34,912810UA4,TSRYS5802849,D,S,T,2024-07-17,1000000.00,4.373868,104.15625
08:00:34,912810UA4,TSRYS5802849,D,S,T,2024-07-17,1000000.00,4.374784,104.140625
08:00:34,912810UA4,TSRYS5802849,D,S,T,2024-07-17,1000000.00,4.374784,104.140625
08:00:34,912810UA4,TSRYS5802849,D,S,T,2024-07-17,1000000.00,4.374784,104.140625
08:00:34,912810UA4,TSRYS5802849,D,S,T,2024-07-17,1000000.00,4.3757,104.125
08:00:34,912810UA4,TSRYS5802849,D,S,T,2024-07-17,1000000.00,4.3757,104.125
08:00:34,912810UA4,TSRYS5802849,D,S,T,2024-07-17,1000000.00,4.3757,104.125
08:00:34,912810UA4,TSRYS5802849,D,S,T,2024-07-17,1000000.00,4.375242,104.1328125
08:00:34,912810UA4,TSRYS5802849,D,S,T,2024-07-17,1000000.00,4.3757,104.125
08:00:34,912810UA4,TSRYS5802849,D,S,T,2024-07-17,1000000.00,4.3757,104.125
08:00:34,912810UA4,TSRYS5802849,D,S,T,2024-07-17,1000000.00,4.375814,104.123046875
08:00:34,912810UA4,TSRYS5802849,D,S,T,2024-07-17,1000000.00,4.375814,104.123046875
08:00:34,912810UA4,TSRYS5802849,D,S,T,2024-07-17,1000000.00,4.376616,104.109375
08:00:34,912810UA4,TSRYS5802849,D,S,T,2024-07-17,1000000.00,4.376616,104.109375
08:00:34,912810UA4,TSRYS5802849,D,S,T,2024-07-17,1000000.00,4.377532,104.09375
08:00:34,912810UA4,TSRYS5802849,D,S,T,2024-07-17,1000000.00,4.377532,104.09375
08:00:34,912810UA4,TSRYS5802849,D,S,T,2024-07-17,1000000.00,4.377532,104.09375
08:00:34,912810UA4,TSRYS5802849,D,S,T,2024-07-17,1000000.00,4.377532,104.09375
08:00:34,912810UA4,TSRYS5802849,D,S,T,2024-07-17,1000000.00,4.377532,104.09375
08:00:34,912810UA4,TSRYS5802849,D,S,T,2024-07-17,1000000.00,4.377532,104.09375
08:00:34,912810UA4,TSRYS5802849,D,S,D,2024-07-17,1000000.00,4.376616,104.109375
08:00:34,912810UA4,TSRYS5802849,D,S,D,2024-07-17,1000000.00,4.38487,103.96875
08:00:34,912810UA4,TSRYS5802849,D,S,D,2024-07-17,1000000.00,4.38464,103.97265625
08:00:34,912810UA4,TSRYS5802849,D,S,D,2024-07-17,1000000.00,4.374784,104.140625
08:00:34,912810UA4,TSRYS5802849,D,S,D,2024-07-17,1000000.00,4.386706,103.9375
08:00:34,912810UA4,TSRYS5802849,D,S,D,2024-07-17,1000000.00,4.38487,103.96875
08:00:34,912810UA4,TSRYS5802849,D,S,D,2024-07-17,1000000.00,4.381658,104.0234375
08:00:34,912810UA4,TSRYS5802849,D,S,D,2024-07-17,1000000.00,4.381429,104.02734375
08:00:34,912810UA4,TSRYS5802849,D,S,D,2024-07-17,1000000.00,4.3757,104.125
08:00:34,912810UA4,TSRYS5802849,D,S,D,2024-07-17,1000000.00,4.374784,104.140625
08:00:34,912810UA4,TSRYS5802849,D,S,D,2024-07-17,1000000.00,4.375242,104.1328125
08:00:34,912810UA4,TSRYS5802849,D,S,D,2024-07-17,1000000.00,4.372952,104.171875
08:00:34,912810UA4,TSRYS5802849,D,S,D,2024-07-17,1000000.00,4.375471,104.12890625
08:00:34,912810UA4,TSRYS5802849,D,S,D,2024-07-17,1000000.00,4.375471,104.12890625
08:00:34,912810UA4,TSRYS5802849,D,S,D,2024-07-17,1000000.00,4.375242,104.1328125
08:00:34,912810UA4,TSRYS5802849,D,S,D,2024-07-17,1000000.00,4.374784,104.140625
08:00:34,912810UA4,TSRYS5802849,D,S,D,2024-07-17,1000000.00,4.362438,104.3515625
08:00:34,912810UA4,TSRYS5802849,D,S,D,2024-07-17,1000000.00,4.364264,104.3203125
08:00:34,912810UA4,TSRYS5802849,D,S,D,2024-07-17,1000000.00,4.363808,104.328125
08:00:34,912810UA4,TSRYS5802849,D,S,D,2024-07-17,1000000.00,4.368378,104.25
08:00:34,912810UA4,TSRYS5802849,D,S,D,2024-07-17,1000000.00,4.366549,104.28125
08:00:34,912810UA4,TSRYS5802849,D,S,D,2024-07-17,1000000.00,4.365635,104.296875
08:00:34,912810UA4,TSRYS5802849,D,S,D,2024-07-17,1000000.00,4.365635,104.296875
08:00:34,912810UA4,TSRYS5802849,D,S,D,2024-07-17,1000000.00,4.366092,104.2890625
08:00:34,912810UA4,TSRYS5802849,D,S,D,2024-07-17,1000000.00,4.368378,104.25
08:00:34,912810UA4,TSRYS5802849,D,S,D,2024-07-17,1000000.00,4.372952,104.171875
08:00:34,912810UA4,TSRYS5802849,D,S,D,2024-07-17,1000000.00,4.373868,104.15625
08:00:34,912810UA4,TSRYS5802849,D,S,D,2024-07-17,1000000.00,4.375471,104.12890625
08:00:34,912810UA4,TSRYS5802849,D,S,D,2024-07-17,1000000.00,4.373868,104.15625
08:00:34,912810UA4,TSRYS5802849,D,S,D,2024-07-17,1000000.00,4.375929,104.12109375
08:00:34,912810UA4,TSRYS5802849,D,S,D,2024-07-17,1000000.00,4.373639,104.16015625
08:00:34,912810UA4,TSRYS5802849,D,S,D,2024-07-17,1000000.00,4.375013,104.13671875
08:00:34,912810UA4,TSRYS5802849,D,S,D,2024-07-17,1000000.00,4.374784,104.140625
08:00:34,912810UA4,TSRYS5802849,D,S,D,2024-07-17,1000000.00,4.377303,104.09765625
08:00:34,912810UA4,TSRYS5802849,D,S,D,2024-07-17,1000000.00,4.376616,104.109375
08:00:34,912810UA4,TSRYS5802849,D,S,D,2024-07-17,1000000.00,4.375471,104.12890625
08:00:34,912810UA4,TSRYS5802849,D,S,D,2024-07-17,1000000.00,4.375929,104.12109375
08:00:34,912810UA4,TSRYS5802849,D,S,D,2024-07-17,1000000.00,4.376845,104.10546875
08:00:34,912810UA4,TSRYS5802849,D,S,D,2024-07-17,1000000.00,4.376387,104.11328125
08:00:34,912810UA4,TSRYS5802849,D,S,D,2024-07-17,1000000.00,4.385329,103.9609375
08:00:34,912810UA4,TSRYS5802849,D,S,D,2024-07-17,1000000.00,4.385329,103.9609375
08:00:34,912810UA4,TSRYS5802849,D,S,D,2024-07-17,1000000.00,4.38487,103.96875
08:00:34,912810UA4,TSRYS5802849,D,S,D,2024-07-17,1000000.00,4.384755,103.970703125
08:00:34,912810UA4,TSRYS5802849,D,S,D,2024-07-17,1000000.00,4.37799,104.0859375
08:00:34,912810UA4,TSRYS5802849,D,S,D,2024-07-17,1000000.00,4.37799,104.0859375
08:00:34,912810UA4,TSRYS5802849,D,S,D,2024-07-17,1000000.00,4.364721,104.3125
08:00:34,912810UA4,TSRYS5802849,D,S,D,2024-07-17,1000000.00,4.365178,104.3046875
08:00:34,912810UA4,TSRYS5802849,D,S,D,2024-07-17,1000000.00,4.365178,104.3046875
08:00:34,912810UA4,TSRYS5802849,D,S,D,2024-07-17,1000000.00,4.365178,104.3046875
08:00:34,912810UA4,TSRYS5802849,D,S,D,2024-07-17,1000000.00,4.365178,104.3046875
08:00:34,912810UA4,TSRYS5802849,D,S,D,2024-07-17,1000000.00,4.365178,104.3046875
08:00:34,912810UA4,TSRYS5802849,D,S,D,2024-07-17,1000000.00,4.365178,104.3046875
08:00:34,912810UA4,TSRYS5802849,D,S,D,2024-07-17,1000000.00,4.365178,104.3046875
08:00:34,912810UA4,TSRYS5802849,D,S,D,2024-07-17,1000000.00,4.365292,104.302734375
08:00:34,912810UA4,TSRYS5802849,D,S,D,2024-07-17,1000000.00,4.365178,104.3046875
08:00:34,912810UA4,TSRYS5802849,D,S,D,2024-07-17,1000000.00,4.364264,104.3203125
08:00:34,912810UA4,TSRYS5802849,D,S,D,2024-07-17,1000000.00,4.363808,104.328125
08:00:34,912810UA4,TSRYS5802849,D,S,D,2024-07-17,1000000.00,4.363579,104.33203125
08:00:34,912810UA4,TSRYS5802849,D,S,D,2024-07-17,1000000.00,4.362894,104.34375
08:00:34,912810UA4,TSRYS5802849,D,S,D,2024-07-17,1000000.00,4.362894,104.34375
08:00:34,912810UA4,TSRYS5802849,D,S,D,2024-07-17,1000000.00,4.36278,104.345703125
08:00:34,912810UA4,TSRYS5802849,D,S,D,2024-07-17,1000000.00,4.36278,104.345703125
08:00:34,912810UA4,TSRYS5802849,D,S,D,2024-07-17,1000000.00,4.363008,104.341796875
08:00:34,912810UA4,TSRYS5802849,D,S,D,2024-07-17,1000000.00,4.362894,104.34375
08:00:34,912810UA4,TSRYS5802849,D,S,D,2024-07-17,1000000.00,4.362894,104.34375
08:00:34,912810UA4,TSRYS5802849,D,S,D,2024-07-17,1000000.00,4.363237,104.337890625
08:00:34,912810UA4,TSRYS5802849,D,S,D,2024-07-17,1000000.00,4.363351,104.3359375
08:00:34,912810UA4,TSRYS5802849,D,S,D,2024-07-17,1000000.00,4.364264,104.3203125
08:00:34,912810UA4,TSRYS5802849,D,S,D,2024-07-17,1000000.00,4.364264,104.3203125
08:00:34,912810UA4,TSRYS5802849,D,S,D,2024-07-17,1000000.00,4.367006,104.2734375
08:00:34,912810UA4,TSRYS5802849,D,S,D,2024-07-17,1000000.00,4.366892,104.275390625
08:00:34,912810UA4,TSRYS5802849,D,S,D,2024-07-17,1000000.00,4.367806,104.259765625
08:00:34,912810UA4,TSRYS5802849,D,S,D,2024-07-17,1000000.00,4.367349,104.267578125
08:00:34,912810UA4,TSRYS5802849,D,S,D,2024-07-17,1000000.00,4.367006,104.2734375
08:00:34,912810UA4,TSRYS5802849,D,S,D,2024-07-17,1000000.00,4.366892,104.275390625
08:00:34,912810UA4,TSRYS5802849,D,S,D,2024-07-17,1000000.00,4.371122,104.203125
08:00:34,912810UA4,TSRYS5802849,D,S,D,2024-07-17,1000000.00,4.373982,104.154296875
08:00:34,912810UA4,TSRYS5802849,D,S,D,2024-07-17,1000000.00,4.373525,104.162109375
08:00:34,912810UA4,TSRYS5802849,D,S,D,2024-07-17,1000000.00,4.374784,104.140625
08:00:34,912810UA4,TSRYS5802849,D,S,D,2024-07-17,1000000.00,4.374669,104.142578125
08:00:34,912810UA4,TSRYS5802849,D,S,D,2024-07-17,1000000.00,4.375013,104.13671875
08:00:34,912810UA4,TSRYS5802849,D,S,D,2024-07-17,1000000.00,4.374784,104.140625
08:00:34,912810UA4,TSRYS5802849,D,S,D,2024-07-17,1000000.00,4.374784,104.140625
08:00:34,912810UA4,TSRYS5802849,D,S,D,2024-07-17,1000000.00,4.374784,104.140625
08:00:34,912810UA4,TSRYS5802849,D,S,D,2024-07-17,1000000.00,4.374784,104.140625
08:00:34,912810UA4,TSRYS5802849,D,S,D,2024-07-17,1000000.00,4.374784,104.140625
08:00:34,912810UA4,TSRYS5802849,D,S,D,2024-07-17,1000000.00,4.374784,104.140625
08:00:34,912810UA4,TSRYS5802849,D,S,D,2024-07-17,1000000.00,4.374784,104.140625
08:00:34,912810UA4,TSRYS5802849,D,S,D,2024-07-17,1000000.00,4.374211,104.150390625
08:00:34,912810UA4,TSRYS5802849,D,S,D,2024-07-17,1000000.00,4.376845,104.10546875
08:00:34,912810UA4,TSRYS5802849,D,S,D,2024-07-17,1000000.00,4.377303,104.09765625
08:00:34,912810UA4,TSRYS5802849,D,S,D,2024-07-17,1000000.00,4.377303,104.09765625
08:00:34,912810UA4,TSRYS5802849,D,S,D,2024-07-17,1000000.00,4.377303,104.09765625
08:00:34,912810UA4,TSRYS5802849,D,S,D,2024-07-17,1000000.00,4.377303,104.09765625
08:00:34,912810UA4,TSRYS5802849,D,S,D,2024-07-17,1000000.00,4.377189,104.099609375
08:00:34,912810UA4,TSRYS5802849,D,S,D,2024-07-17,1000000.00,4.377303,104.09765625
08:00:34,912810UA4,TSRYS5802849,D,S,D,2024-07-17,1000000.00,4.378678,104.07421875
08:00:34,912810UA4,TSRYS5802849,D,S,D,2024-07-17,1000000.00,4.376959,104.103515625
08:00:34,912810UA4,TSRYS5802849,D,S,D,2024-07-17,1000000.00,4.376043,104.119140625
08:00:34,912810UA4,TSRYS5802849,D,S,D,2024-07-17,1000000.00,4.379365,104.0625
08:00:34,912810UA4,TSRYS5802849,D,S,D,2024-07-17,1000000.00,4.37673,104.107421875
08:00:34,912810UA4,TSRYS5802849,D,S,D,2024-07-17,1000000.00,4.377189,104.099609375
08:00:34,912810UA4,TSRYS5802849,D,S,D,2024-07-17,1000000.00,4.373296,104.166015625
08:00:34,912810UA4,TSRYS5802849,D,S,D,2024-07-17,1000000.00,4.372724,104.17578125
08:00:34,912810UA4,TSRYS5802849,D,S,D,2024-07-17,1000000.00,4.375127,104.134765625
08:00:34,912810UA4,TSRYS5802849,D,S,D,2024-07-17,1000000.00,4.376272,104.115234375
08:00:34,912810UA4,TSRYS5802849,D,S,D,2024-07-17,1000000.00,4.376043,104.119140625
08:00:34,912810UA4,TSRYS5802849,D,S,D,2024-07-17,1000000.00,4.373982,104.154296875
08:00:34,912810UA4,TSRYS5802849,D,S,D,2024-07-17,1000000.00,4.375242,104.1328125
08:00:34,912810UA4,TSRYS5802849,D,S,D,2024-07-17,1000000.00,4.376272,104.115234375
08:00:34,912810UA4,TSRYS5802849,D,S,D,2024-07-17,1000000.00,4.373982,104.154296875
08:00:34,912810UA4,TSRYS5802849,D,S,D,2024-07-17,1000000.00,4.373868,104.15625
08:00:34,912810UA4,TSRYS5802849,D,S,D,2024-07-17,1000000.00,4.375127,104.134765625
08:00:34,912810UA4,TSRYS5802849,D,S,D,2024-07-17,1000000.00,4.375013,104.13671875
08:00:34,912810UA4,TSRYS5802849,D,S,D,2024-07-17,1000000.00,4.376158,104.1171875
08:00:34,912810UA4,TSRYS5802849,D,S,D,2024-07-17,1000000.00,4.375929,104.12109375
08:00:34,912810UA4,TSRYS5802849,D,S,D,2024-07-17,1000000.00,4.375929,104.12109375
08:00:34,912810UA4,TSRYS5802849,D,S,D,2024-07-17,1000000.00,4.375929,104.12109375
08:00:34,912810UA4,TSRYS5802849,D,S,T,2024-07-17,1000000.00,4.377074,104.1015625
08:00:34,912810UA4,TSRYS5802849,D,S,T,2024-07-17,1000000.00,4.383034,104.0
08:00:34,912810UA4,TSRYS5802849,D,S,T,2024-07-17,1000000.00,4.38487,103.96875
08:00:34,912810UA4,TSRYS5802849,D,S,T,2024-07-17,1000000.00,4.384755,103.970703125
08:00:34,912810UA4,TSRYS5802849,D,S,T,2024-07-17,1000000.00,4.3757,104.125
08:00:34,912810UA4,TSRYS5802849,D,S,T,2024-07-17,1000000.00,4.3757,104.125
08:00:34,912810UA4,TSRYS5802849,D,S,T,2024-07-17,1000000.00,4.3757,104.125
08:00:34,912810UA4,TSRYS5802849,D,S,T,2024-07-17,1000000.00,4.376387,104.11328125
08:00:34,912810UA4,TSRYS5802849,D,S,T,2024-07-17,1000000.00,4.376387,104.11328125
08:00:34,912810UA4,TSRYS5802849,D,S,T,2024-07-17,1000000.00,4.374784,104.140625
08:00:34,912810UA4,TSRYS5802849,D,S,T,2024-07-17,1000000.00,4.38487,103.96875
08:00:34,912810UA4,TSRYS5802849,D,S,T,2024-07-17,1000000.00,4.38487,103.96875
08:00:34,912810UA4,TSRYS5802849,D,S,T,2024-07-17,1000000.00,4.38487,103.96875
08:00:34,912810UA4,TSRYS5802849,D,S,T,2024-07-17,1000000.00,4.38487,103.96875
08:00:34,912810UA4,TSRYS5802849,D,S,T,2024-07-17,1000000.00,4.38487,103.96875
08:00:34,912810UA4,TSRYS5802849,D,S,T,2024-07-17,1000000.00,4.38487,103.96875
08:00:34,912810UA4,TSRYS5802849,D,S,T,2024-07-17,1000000.00,4.38487,103.96875
08:00:34,912810UA4,TSRYS5802849,D,S,T,2024-07-17,1000000.00,4.385099,103.96484375
08:00:34,912810UA4,TSRYS5802849,D,S,T,2024-07-17,1000000.00,4.38487,103.96875
08:00:34,912810UA4,TSRYS5802849,D,S,T,2024-07-17,1000000.00,4.381658,104.0234375
08:00:34,912810UA4,TSRYS5802849,D,S,T,2024-07-17,1000000.00,4.381543,104.025390625
08:00:34,912810UA4,TSRYS5802849,D,S,T,2024-07-17,1000000.00,4.375127,104.134765625
08:00:34,912810UA4,TSRYS5802849,D,S,T,2024-07-17,1000000.00,4.365178,104.3046875
08:00:34,912810UA4,TSRYS5802849,D,S,T,2024-07-17,1000000.00,4.365178,104.3046875
08:00:34,912810UA4,TSRYS5802849,D,S,T,2024-07-17,1000000.00,4.364264,104.3203125
08:00:34,912810UA4,TSRYS5802849,D,S,T,2024-07-17,1000000.00,4.362894,104.34375
08:00:34,912810UA4,TSRYS5802849,D,S,T,2024-07-17,1000000.00,4.36278,104.345703125
08:00:34,912810UA4,TSRYS5802849,D,S,T,2024-07-17,1000000.00,4.363237,104.337890625
08:00:34,912810UA4,TSRYS5802849,D,S,T,2024-07-17,1000000.00,4.366892,104.275390625
08:00:34,912810UA4,TSRYS5802849,D,S,T,2024-07-17,1000000.00,4.367349,104.267578125
08:00:34,912810UA4,TSRYS5802849,D,S,T,2024-07-17,1000000.00,4.366778,104.27734375
08:00:34,912810UA4,TSRYS5802849,D,S,T,2024-07-17,1000000.00,4.366778,104.27734375
08:00:34,912810UA4,TSRYS5802849,D,S,T,2024-07-17,1000000.00,4.366663,104.279296875
08:00:34,912810UA4,TSRYS5802849,D,S,T,2024-07-17,1000000.00,4.366549,104.28125
08:00:34,912810UA4,TSRYS5802849,D,S,T,2024-07-17,1000000.00,4.365864,104.29296875
08:00:34,912810UA4,TSRYS5802849,D,S,T,2024-07-17,1000000.00,4.365635,104.296875
08:00:34,912810UA4,TSRYS5802849,D,S,T,2024-07-17,1000000.00,4.365635,104.296875
08:00:34,912810UA4,TSRYS5802849,D,S,T,2024-07-17,1000000.00,4.365635,104.296875
08:00:34,912810UA4,TSRYS5802849,D,S,T,2024-07-17,1000000.00,4.365635,104.296875
08:00:34,912810UA4,TSRYS5802849,D,S,T,2024-07-17,1000000.00,4.365635,104.296875
08:00:34,912810UA4,TSRYS5802849,D,S,T,2024-07-17,1000000.00,4.365864,104.29296875
08:00:34,912810UA4,TSRYS5802849,D,S,T,2024-07-17,2000000.00,4.365864,104.29296875
08:00:34,912810UA4,TSRYS5802849,D,S,T,2024-07-17,1000000.00,4.366092,104.2890625
08:00:34,912810UA4,TSRYS5802849,D,S,T,2024-07-17,1000000.00,4.367463,104.265625
08:00:34,912810UA4,TSRYS5802849,D,S,T,2024-07-17,1000000.00,4.367463,104.265625
08:00:34,912810UA4,TSRYS5802849,D,S,T,2024-07-17,1000000.00,4.367463,104.265625
08:00:34,912810UA4,TSRYS5802849,D,S,T,2024-07-17,1000000.00,4.367463,104.265625
08:00:34,912810UA4,TSRYS5802849,D,S,T,2024-07-17,1000000.00,4.367463,104.265625
08:00:34,912810UA4,TSRYS5802849,D,S,T,2024-07-17,1000000.00,4.369064,104.23828125
08:00:34,912810UA4,TSRYS5802849,D,S,T,2024-07-17,1000000.00,4.369292,104.234375
08:00:34,912810UA4,TSRYS5802849,D,S,T,2024-07-17,1000000.00,4.369064,104.23828125
08:00:34,912810UA4,TSRYS5802849,D,S,T,2024-07-17,1000000.00,4.369292,104.234375
08:00:34,912810UA4,TSRYS5802849,D,S,T,2024-07-17,1000000.00,4.369292,104.234375
08:00:34,912810UA4,TSRYS5802849,D,S,T,2024-07-17,1000000.00,4.369978,104.22265625
08:00:34,912810UA4,TSRYS5802849,D,S,T,2024-07-17,1000000.00,4.372495,104.1796875
08:00:34,912810UA4,TSRYS5802849,D,S,T,2024-07-17,1000000.00,4.372495,104.1796875
08:00:34,912810UA4,TSRYS5802849,D,S,T,2024-07-17,1000000.00,4.372495,104.1796875
08:00:34,912810UA4,TSRYS5802849,D,S,T,2024-07-17,1000000.00,4.373639,104.16015625
08:00:34,912810UA4,TSRYS5802849,D,S,T,2024-07-17,1000000.00,4.373868,104.15625
08:00:34,912810UA4,TSRYS5802849,D,S,T,2024-07-17,1000000.00,4.3757,104.125
08:00:34,912810UA4,TSRYS5802849,D,S,T,2024-07-17,1000000.00,4.3757,104.125
08:00:34,912810UA4,TSRYS5802849,D,S,T,2024-07-17,1000000.00,4.376845,104.10546875
08:00:34,912810UA4,TSRYS5802849,D,S,T,2024-07-17,1000000.00,4.376845,104.10546875
08:00:34,912810UA4,TSRYS5802849,D,S,T,2024-07-17,2000000.00,4.375814,104.123046875
08:00:34,912810UA4,TSRYS5802849,D,S,T,2024-07-17,1000000.00,4.375814,104.123046875
08:00:34,912810UA4,TSRYS5802849,D,S,T,2024-07-17,1000000.00,4.375814,104.123046875
08:00:34,912810UA4,TSRYS5802849,D,S,T,2024-07-17,1000000.00,4.377303,104.09765625
08:00:34,912810UA4,TSRYS5802849,D,S,T,2024-07-17,1000000.00,4.377189,104.099609375
08:00:34,912810UA4,TSRYS5802849,D,S,T,2024-07-17,1000000.00,4.376845,104.10546875
08:00:34,912810UA4,TSRYS5802849,D,S,T,2024-07-17,1000000.00,4.376845,104.10546875
08:00:34,912810UA4,TSRYS5802849,D,S,T,2024-07-17,1000000.00,4.377074,104.1015625
08:00:34,912810UA4,TSRYS5802849,D,S,T,2024-07-17,1000000.00,4.376043,104.119140625
08:00:34,912810UA4,TSRYS5802849,D,S,T,2024-07-17,1000000.00,4.374211,104.150390625
08:00:34,912810UA4,TSRYS5802849,D,S,T,2024-07-17,1000000.00,4.374555,104.14453125
08:00:34,912810UA4,TSRYS5802849,D,S,T,2024-07-17,1000000.00,4.37444,104.146484375
08:00:34,912810UA4,TSRYS5802849,D,S,T,2024-07-17,1000000.00,4.37444,104.146484375
08:00:34,912810UA4,TSRYS5802849,D,S,T,2024-07-17,1000000.00,4.373639,104.16015625
08:00:34,912810UA4,TSRYS5802849,D,S,T,2024-07-17,1000000.00,4.374784,104.140625
08:00:34,912810UA4,TSRYS5802849,D,S,T,2024-07-17,1000000.00,4.374784,104.140625
08:00:34,912810UA4,TSRYS5802849,D,S,T,2024-07-17,1000000.00,4.374097,104.15234375
08:00:34,912810UA4,TSRYS5802849,D,S,T,2024-07-17,1000000.00,4.377303,104.09765625
08:00:34,912810UA4,TSRYS5802849,D,S,T,2024-07-17,1000000.00,4.378907,104.0703125
08:00:34,912810UA4,TSRYS5802849,D,S,T,2024-07-17,1000000.00,4.376959,104.103515625
08:00:34,912810UA4,TSRYS5802849,D,S,T,2024-07-17,1000000.00,4.379251,104.064453125
08:00:34,912810UA4,TSRYS5802849,D,S,T,2024-07-17,1000000.00,4.375471,104.12890625
08:00:34,912810UA4,TSRYS5802849,D,S,T,2024-07-17,1000000.00,4.375471,104.12890625
08:00:34,912810UA4,TSRYS5802849,D,S,T,2024-07-17,1000000.00,4.375471,104.12890625
08:00:34,912810UA4,TSRYS5802849,D,S,T,2024-07-17,1000000.00,4.3757,104.125
08:00:34,912810UA4,TSRYS5802849,D,S,T,2024-07-17,1000000.00,4.373982,104.154296875
08:00:34,912810UA4,TSRYS5802849,D,S,T,2024-07-17,1000000.00,4.375127,104.134765625
08:00:34,912810UA4,TSRYS5802849,D,S,T,2024-07-17,1000000.00,4.374784,104.140625
08:00:34,912810UA4,TSRYS5802849,D,S,T,2024-07-17,1000000.00,4.375929,104.12109375
08:00:34,912810UA4,TSRYS5802849,D,S,T,2024-07-17,1000000.00,4.375929,104.12109375
08:00:34,912810UA4,TSRYS5802849,D,S,T,2024-07-17,1000000.00,4.368378,104.25
08:00:34,912810UA4,TSRYS5802849,D,S,T,2024-07-17,1000000.00,4.369292,104.234375
08:00:34,912810UA4,TSRYS5802849,D,S,T,2024-07-17,1000000.00,4.370207,104.21875
08:00:34,912810UA4,TSRYS5802849,D,S,T,2024-07-17,1000000.00,4.368378,104.25
08:00:34,912810UA4,TSRYS5802849,D,S,T,2024-07-17,1000000.00,4.368378,104.25
08:00:34,912810UA4,TSRYS5802849,D,S,T,2024-07-17,1000000.00,4.367006,104.2734375
08:00:34,912810UA4,TSRYS5802849,D,S,T,2024-07-17,1000000.00,4.367006,104.2734375
08:00:34,912810UA4,TSRYS5802849,D,S,D,2024-07-17,1000000.00,4.378449,104.078125
08:00:34,912810UA4,TSRYS5802849,D,S,D,2024-07-17,1000000.00,4.378449,104.078125
08:00:34,912810UA4,TSRYS5802849,D,S,D,2024-07-17,1000000.00,4.378449,104.078125
08:00:34,912810UA4,TSRYS5802849,D,S,T,2024-07-17,1000000.00,4.367006,104.2734375
08:00:34,912810UA4,TSRYS5802849,D,S,T,2024-07-17,1000000.00,4.366321,104.28515625
08:00:34,912810UA4,TSRYS5802849,D,S,T,2024-07-17,1000000.00,4.366549,104.28125
08:00:34,912810UA4,TSRYS5802849,D,S,T,2024-07-17,1000000.00,4.366092,104.2890625
08:00:34,912810UA4,TSRYS5802849,D,S,T,2024-07-17,1000000.00,4.366092,104.2890625
08:00:34,912810UA4,TSRYS5802849,D,S,T,2024-07-17,1000000.00,4.365978,104.291015625
08:00:34,912810UA4,TSRYS5802849,D,S,T,2024-07-17,1000000.00,4.365635,104.296875
08:00:34,912810UA4,TSRYS5802849,D,S,T,2024-07-17,1000000.00,4.365635,104.296875
08:00:34,912810UA4,TSRYS5802849,D,S,T,2024-07-17,1000000.00,4.365635,104.296875
08:00:34,912810UA4,TSRYS5802849,D,S,T,2024-07-17,1000000.00,4.365864,104.29296875
08:00:34,912810UA4,TSRYS5802849,D,S,T,2024-07-17,1000000.00,4.365635,104.296875
08:00:34,912810UA4,TSRYS5802849,D,S,T,2024-07-17,1000000.00,4.365864,104.29296875
08:00:34,912810UA4,TSRYS5802849,D,S,T,2024-07-17,1000000.00,4.365864,104.29296875
08:00:34,912810UA4,TSRYS5802849,D,S,T,2024-07-17,1000000.00,4.365635,104.296875
08:00:34,912810UA4,TSRYS5802849,D,S,T,2024-07-17,1000000.00,4.365635,104.296875
08:00:34,912810UA4,TSRYS5802849,D,S,T,2024-07-17,1000000.00,4.365635,104.296875
08:00:34,912810UA4,TSRYS5802849,D,S,T,2024-07-17,1000000.00,4.365635,104.296875
08:00:34,912810UA4,TSRYS5802849,D,B,A,2024-07-17,1000000.00,4.370814,104.20703125
08:00:34,912810UA4,TSRYS5802849,D,B,C,2024-07-17,300000.00,4.373168,104.16796875
08:00:34,912810UA4,TSRYS5802849,D,B,C,2024-07-17,20000.00,4.379123,104.06640625
08:00:34,912810UA4,TSRYS5802849,D,S,T,2024-07-17,1000000.00,4.383034,104.0
08:00:34,912810UA4,TSRYS5802849,D,S,T,2024-07-17,1000000.00,4.383034,104.0
08:00:34,912810UA4,TSRYS5802849,D,S,A,2024-07-17,10000000.00,4.385559,103.95703125
08:00:34,912810UA4,TSRYS5802849,D,B,C,2024-07-17,100000.00,4.385329,103.9609375
08:00:34,912810UA4,TSRYS5802849,D,S,A,2024-07-17,2000000.00,4.373868,104.15625
08:00:34,912810UA4,TSRYS5802849,D,B,A,2024-07-17,1000000.00,4.37799,104.0859375
08:00:34,912810UA4,TSRYS5802849,D,B,C,2024-07-17,5000000.00,4.379365,104.0625
08:00:34,912810UA4,TSRYS5802849,D,B,C,2024-07-17,5000000.00,4.379365,104.0625
08:00:34,912810UA4,TSRYS5802849,D,B,C,2024-07-17,5000000.00,4.379136,104.06640625
08:00:34,912810UA4,TSRYS5802849,D,S,T,2024-07-17,1000000.00,4.378678,104.07421875
08:00:34,912810UA4,TSRYS5802849,D,B,C,2024-07-17,5000000.00,4.378678,104.07421875
08:00:34,912810UA4,TSRYS5802849,D,B,A,2024-07-17,3000000.00,4.381887,104.01953125
08:00:34,912810UA4,TSRYS5802849,D,S,D,2024-07-17,1000000.00,4.385899,103.9512357026
08:00:34,912810UA4,TSRYS5802849,D,S,D,2024-07-17,1000000.00,4.386706,103.9375
08:00:34,912810UA4,TSRYS5802849,D,S,D,2024-07-17,1000000.00,4.386706,103.9375
08:00:34,912810UA4,TSRYS5802849,D,S,D,2024-07-17,3000000.00,4.387625,103.921875
08:00:34,912810UA4,TSRYS5802849,D,S,C,2024-07-17,7000000.00,4.384411,103.9765625
08:00:34,912810UA4,TSRYS5802849,D,S,C,2024-07-17,7000000.00,4.384411,103.9765625
08:00:34,912810UA4,TSRYS5802849,D,S,C,2024-07-17,5800000.00,4.38487,103.96875
08:00:34,912810UA4,TSRYS5802849,D,S,C,2024-07-17,4000000.00,4.37799,104.0859375
08:00:34,912810UA4,TSRYS5802849,D,S,A,2024-07-17,10000000.00,4.378449,104.078125
08:00:34,912810UA4,TSRYS5802849,D,B,A,2024-07-17,1000000.00,4.377532,104.09375
08:00:34,912810UA4,TSRYS5802849,D,S,D,2024-07-17,2000000.00,4.375022,104.13656
08:00:34,912810UA4,TSRYS5802849,D,S,T,2024-07-17,5000000.00,4.373868,104.15625
08:00:34,912810UA4,TSRYS5802849,D,B,A,2024-07-17,2000000.00,4.374097,104.15234375
08:00:34,912810UA4,TSRYS5802849,D,S,C,2024-07-17,3900000.00,4.374555,104.14453125
08:00:34,912810UA4,TSRYS5802849,D,S,A,2024-07-17,2000000.00,4.367463,104.265625
08:00:34,912810UA4,TSRYS5802849,D,S,A,2024-07-17,500000.00,4.368606,104.24609375
08:00:34,912810UA4,TSRYS5802849,D,S,C,2024-07-17,500000.00,4.365165,104.3046875
08:00:34,912810UA4,TSRYS5802849,D,B,C,2024-07-17,2000000.00,4.362438,104.3515625
08:00:34,912810UA4,TSRYS5802849,D,B,A,2024-07-17,1000000.00,4.36495,104.30859375
08:00:34,912810UA4,TSRYS5802849,D,S,C,2024-07-17,5000000.00,4.367692,104.26171875
08:00:34,912810UA4,TSRYS5802849,D,S,C,2024-07-17,3800000.00,4.366092,104.2890625
08:00:34,912810UA4,TSRYS5802849,D,B,A,2024-07-17,3000000.00,4.372266,104.18359375
08:00:34,912810UA4,TSRYS5802849,D,S,C,2024-07-17,5000000.00,4.371465,104.197265625
08:00:34,912810UA4,TSRYS5802849,D,B,C,2024-07-17,500000.00,4.374313,104.1484375
08:00:34,912810UA4,TSRYS5802849,D,S,T,2024-07-17,1000000.00,4.376616,104.109375
08:00:34,912810UA4,TSRYS5802849,D,S,T,2024-07-17,1000000.00,4.376616,104.109375
08:00:34,912810UA4,TSRYS5802849,D,S,D,2024-07-17,1000000.00,4.376616,104.109375
08:00:34,912810UA4,TSRYS5802849,D,S,D,2024-07-17,1000000.00,4.376616,104.109375
08:00:34,912810UA4,TSRYS5802849,D,S,T,2024-07-17,1000000.00,4.3757,104.125
08:00:34,912810UA4,TSRYS5802849,D,S,D,2024-07-17,1000000.00,4.3757,104.125
08:00:34,912810UA4,TSRYS5802849,D,S,D,2024-07-17,1000000.00,4.374784,104.140625
08:00:34,912810UA4,TSRYS5802849,D,S,T,2024-07-17,1000000.00,4.374784,104.140625
08:00:34,912810UA4,TSRYS5802849,D,S,D,2024-07-17,1000000.00,4.3757,104.125
08:00:34,912810UA4,TSRYS5802849,D,S,T,2024-07-17,1000000.00,4.3757,104.125
08:00:34,912810UA4,TSRYS5802849,D,S,T,2024-07-17,1000000.00,4.3757,104.125
08:00:34,912810UA4,TSRYS5802849,D,S,D,2024-07-17,1000000.00,4.3757,104.125
08:00:34,912810UA4,TSRYS5802849,D,S,T,2024-07-17,1000000.00,4.374784,104.140625
08:00:34,912810UA4,TSRYS5802849,D,S,D,2024-07-17,1000000.00,4.374784,104.140625
08:00:34,912810UA4,TSRYS5802849,D,S,T,2024-07-17,1000000.00,4.374784,104.140625
08:00:34,912810UA4,TSRYS5802849,D,S,D,2024-07-17,1000000.00,4.374784,104.140625
08:00:34,912810UA4,TSRYS5802849,D,S,D,2024-07-17,1000000.00,4.373868,104.15625
08:00:34,912810UA4,TSRYS5802849,D,S,T,2024-07-17,1000000.00,4.373868,104.15625
08:00:34,912810UA4,TSRYS5802849,D,S,D,2024-07-17,1000000.00,4.3757,104.125
08:00:34,912810UA4,TSRYS5802849,D,S,D,2024-07-17,2000000.00,4.3757,104.125
08:00:34,912810UA4,TSRYS5802849,D,S,D,2024-07-17,1000000.00,4.373868,104.15625
08:00:34,912810UA4,TSRYS5802849,D,S,D,2024-07-17,1000000.00,4.373868,104.15625
08:00:34,912810UA4,TSRYS5802849,D,S,D,2024-07-17,1000000.00,4.373868,104.15625
08:00:34,912810UA4,TSRYS5802849,D,S,D,2024-07-17,1000000.00,4.374521,104.1451112172
08:00:34,912810UA4,TSRYS5802849,D,S,D,2024-07-17,1000000.00,4.374784,104.140625
08:00:34,912810UA4,TSRYS5802849,D,S,D,2024-07-17,1000000.00,4.3757,104.125
08:00:34,912810UA4,TSRYS5802849,D,S,D,2024-07-17,1000000.00,4.3757,104.125
08:00:34,912810UA4,TSRYS5802849,D,S,D,2024-07-17,1000000.00,4.3757,104.125
08:00:34,912810UA4,TSRYS5802849,D,S,D,2024-07-17,1000000.00,4.3757,104.125
08:00:34,912810UA4,TSRYS5802849,D,S,D,2024-07-17,1000000.00,4.376616,104.109375
08:00:34,912810UA4,TSRYS5802849,D,S,D,2024-07-17,1000000.00,4.377532,104.09375
08:00:34,912810UA4,TSRYS5802849,D,S,D,2024-07-17,1000000.00,4.377532,104.09375
08:00:34,912810UA4,TSRYS5802849,D,S,D,2024-07-17,1000000.00,4.376616,104.109375
08:00:34,912810UA4,TSRYS5802849,D,S,D,2024-07-17,1000000.00,4.376616,104.109375
08:00:34,912810UA4,TSRYS5802849,D,S,D,2024-07-17,1000000.00,4.377532,104.09375
08:00:34,912810UA4,TSRYS5802849,D,S,T,2024-07-17,1000000.00,4.378449,104.078125
08:00:35,912810UA4,TSRYS5802849,D,S,D,2024-07-17,1000000.00,4.381658,104.0234375
08:00:35,912810UA4,TSRYS5802849,D,S,D,2024-07-17,1000000.00,4.382805,104.00390625
08:00:35,912810UA4,TSRYS5802849,D,S,D,2024-07-17,1000000.00,4.380282,104.046875
08:00:35,912810UA4,TSRYS5802849,D,S,T,2024-07-17,1000000.00,4.377532,104.09375
08:00:36,912810UA4,TSRYS5802849,D,S,T,2024-07-17,2000000.00,4.363808,104.328125
08:00:36,912810UA4,TSRYS5802849,D,S,T,2024-07-17,2000000.00,4.363808,104.328125
08:00:36,912810UA4,TSRYS5802849,D,B,A,2024-07-17,500000.00,4.364721,104.3125
08:00:37,912810UA4,TSRYS5802849,D,S,T,2024-07-17,1000000.00,4.367349,104.267578125
08:00:37,912810UA4,TSRYS5802849,D,S,T,2024-07-17,1000000.00,4.367349,104.267578125
08:00:37,912810UA4,TSRYS5802849,D,S,T,2024-07-17,1000000.00,4.367349,104.267578125
08:00:37,912810UA4,TSRYS5802849,D,S,D,2024-07-17,3000000.00,4.366321,104.28515625
08:00:38,912810UA4,TSRYS5802849,D,S,D,2024-07-17,1000000.00,4.383493,103.9921875
08:00:38,912810UA4,TSRYS5802849,D,S,T,2024-07-17,1000000.00,4.385329,103.9609375
08:00:39,912810UA4,TSRYS5802849,D,S,D,2024-07-17,1000000.00,4.386706,103.9375
08:00:39,912810UA4,TSRYS5802849,D,S,T,2024-07-17,1000000.00,4.375814,104.123046875
08:00:39,912810UA4,TSRYS5802849,D,S,D,2024-07-17,1000000.00,4.379365,104.0625
08:00:39,912810UA4,TSRYS5802849,D,S,D,2024-07-17,1000000.00,4.386706,103.9375
08:00:39,912810UA4,TSRYS5802849,D,S,C,2024-07-17,10000000.00,4.384629,103.97285625
08:00:39,912810UA4,TSRYS5802849,D,S,C,2024-07-17,800000.00,4.384858,103.96895
08:00:39,912810UA4,TSRYS5802849,D,S,C,2024-07-17,10000000.00,4.385547,103.95723125
08:00:39,912810UA4,TSRYS5802849,D,S,T,2024-07-17,1000000.00,4.379365,104.0625
08:00:39,912810UA4,TSRYS5802849,D,S,T,2024-07-17,1000000.00,4.380282,104.046875
08:00:40,912810UA4,TSRYS5802849,D,S,T,2024-07-17,3000000.00,4.387625,103.921875
08:00:40,912810UA4,TSRYS5802849,D,S,D,2024-07-17,1000000.00,4.387395,103.92578125
08:00:40,912810UA4,TSRYS5802849,D,S,T,2024-07-17,1000000.00,4.385788,103.953125
08:00:40,912810UA4,TSRYS5802849,D,S,D,2024-07-17,6000000.00,4.369835,104.225097656
08:00:40,912810UA4,TSRYS5802849,D,S,D,2024-07-17,3000000.00,4.371923,104.189453125
08:00:40,912810UA4,TSRYS5802849,D,S,D,2024-07-17,1000000.00,4.377074,104.1015625
08:00:40,912810UA4,TSRYS5802849,D,S,C,2024-07-17,10000000.00,4.37775,104.09004375
08:00:40,912810UA4,TSRYS5802849,D,S,D,2024-07-17,12000000.00,4.373754,104.158203125
08:00:41,912810UA4,TSRYS5802849,D,S,T,2024-07-17,1000000.00,4.383034,104.0
08:00:41,912810UA4,TSRYS5802849,D,B,C,2024-07-17,2999000.00,4.37412,104.15194375
08:00:41,912810UA4,TSRYS5802849,D,S,D,2024-07-17,2999000.00,4.37412,104.15194375
08:00:41,912810UA4,TSRYS5802849,D,S,D,2024-07-17,1000000.00,4.381429,104.02734375
08:00:41,912810UA4,TSRYS5802849,D,S,T,2024-07-17,1000000.00,4.366206,104.287109375
08:00:41,912810UA4,TSRYS5802849,D,S,T,2024-07-17,1000000.00,4.366206,104.287109375
08:00:41,912810UA4,TSRYS5802849,D,S,T,2024-07-17,1000000.00,4.366092,104.2890625
08:00:41,912810UA4,TSRYS5802849,D,S,D,2024-07-17,2000000.00,4.366549,104.28125
08:00:41,912810UA4,TSRYS5802849,D,S,D,2024-07-17,23000000.00,4.378907,104.0703125
08:00:41,912810UA4,TSRYS5802849,D,S,A,2024-07-17,500000.00,4.370893,104.20703125
08:00:41,912810UA4,TSRYS5802849,D,S,D,2024-07-17,1000000.00,4.381658,104.0234375
08:00:41,912810UA4,TSRYS5802849,D,S,D,2024-07-17,1000000.00,4.381429,104.02734375
08:00:42,912810UA4,TSRYS5802849,D,S,C,2024-07-17,740000.00,4.37799,104.0859375
08:00:42,912810UA4,TSRYS5802849,D,B,C,2024-07-17,1000000.00,4.383493,103.9921875
08:00:42,912810UA4,TSRYS5802849,D,S,D,2024-07-17,1000000.00,4.379365,104.0625
08:00:42,912810UA4,TSRYS5802849,D,S,D,2024-07-17,1000000.00,4.386592,103.939453125
08:00:43,912810UA4,TSRYS5802849,D,S,D,2024-07-17,1000000.00,4.385788,103.953125
08:00:43,912810UA4,TSRYS5802849,D,S,C,2024-07-17,6600000.00,4.3805,104.04316875
08:00:43,912810UA4,TSRYS5802849,D,S,D,2024-07-17,1000000.00,4.366549,104.28125
08:00:43,912810UA4,TSRYS5802849,D,S,D,2024-07-17,1000000.00,4.365407,104.30078125
08:00:43,912810UA4,TSRYS5802849,D,S,D,2024-07-17,1000000.00,4.3757,104.125
08:00:43,912810UA4,TSRYS5802849,D,S,D,2024-07-17,1000000.00,4.374784,104.140625
08:00:43,912810UA4,TSRYS5802849,D,S,D,2024-07-17,1000000.00,4.375242,104.1328125
08:00:43,912810UA4,TSRYS5802849,D,S,D,2024-07-17,1000000.00,4.375242,104.1328125
08:00:43,912810UA4,TSRYS5802849,D,S,D,2024-07-17,1000000.00,4.372952,104.171875
08:00:43,912810UA4,TSRYS5802849,D,S,D,2024-07-17,1000000.00,4.375471,104.12890625
08:00:44,912810UA4,TSRYS5802849,D,S,C,2024-07-17,1100000.00,4.36608,104.2892625
08:00:44,912810UA4,TSRYS5802849,D,S,C,2024-07-17,10000000.00,4.366994,104.2736375
08:00:44,912810UA4,TSRYS5802849,D,S,D,2024-07-17,10000000.00,4.366994,104.2736375
08:00:44,912810UA4,TSRYS5802849,D,S,D,2024-07-17,3000000.00,4.376976,104.103236607
08:00:44,912810UA4,TSRYS5802849,D,S,C,2024-07-17,9100000.00,4.379125,104.06660625
08:00:44,912810UA4,TSRYS5802849,D,B,A,2024-07-17,1000000.00,4.371579,104.1953125
08:00:44,912810UA4,TSRYS5802849,D,S,A,2024-07-17,40000.00,4.3757,104.125
08:00:44,912810UA4,TSRYS5802849,D,S,D,2024-07-17,7000000.00,4.380359,104.045572917
08:00:44,912810UA4,TSRYS5802849,D,S,D,2024-07-17,1000000.00,4.375471,104.12890625
08:00:44,912810UA4,TSRYS5802849,D,S,D,2024-07-17,1000000.00,4.375471,104.12890625
08:00:44,912810UA4,TSRYS5802849,D,S,A,2024-07-17,1000000.00,4.374784,104.140625
08:00:45,912810UA4,TSRYS5802849,D,S,D,2024-07-17,1000000.00,4.377761,104.08984375
08:00:45,912810UA4,TSRYS5802849,D,S,D,2024-07-17,9100000.00,4.379125,104.06660625
08:00:45,912810UA4,TSRYS5802849,D,S,D,2024-07-17,10000000.00,4.37775,104.09004375
08:00:45,912810UA4,TSRYS5802849,D,S,T,2024-07-17,1000000.00,4.374784,104.140625
08:00:45,912810UA4,TSRYS5802849,D,S,T,2024-07-17,1000000.00,4.374784,104.140625
08:00:45,912810UA4,TSRYS5802849,D,S,D,2024-07-17,1000000.00,4.373868,104.15625
08:00:45,912810UA4,TSRYS5802849,D,S,D,2024-07-17,1000000.00,4.374097,104.15234375
08:00:45,912810UA4,TSRYS5802849,D,S,D,2024-07-17,1000000.00,4.373639,104.16015625
08:00:45,912810UA4,TSRYS5802849,D,S,D,2024-07-17,1000000.00,4.374326,104.1484375
08:00:45,912810UA4,TSRYS5802849,D,S,T,2024-07-17,1000000.00,4.373868,104.15625
08:00:45,912810UA4,TSRYS5802849,D,S,T,2024-07-17,1000000.00,4.379365,104.0625
08:00:45,912810UA4,TSRYS5802849,D,S,D,2024-07-17,1000000.00,4.375242,104.1328125
08:00:45,912810UA4,TSRYS5802849,D,S,T,2024-07-17,1000000.00,4.379365,104.0625
08:00:45,912810UA4,TSRYS5802849,D,S,D,2024-07-17,1000000.00,4.379824,104.0546875
08:00:45,912810UA4,TSRYS5802849,D,S,D,2024-07-17,1000000.00,4.379824,104.0546875
08:00:45,912810UA4,TSRYS5802849,D,S,D,2024-07-17,375000.00,4.376158,104.1171875
08:00:45,912810UA4,TSRYS5802849,D,S,D,2024-07-17,1000000.00,4.374784,104.140625
08:00:46,912810UA4,TSRYS5802849,D,S,A,2024-07-17,32000000.00,4.372266,104.18359375
08:00:46,912810UA4,TSRYS5802849,D,S,D,2024-07-17,1000000.00,4.366549,104.28125
08:00:46,912810UA4,TSRYS5802849,D,S,T,2024-07-17,1000000.00,4.378449,104.078125
08:00:47,912810UA4,TSRYS5802849,D,S,D,2024-07-17,1000000.00,4.365635,104.296875
08:00:47,912810UA4,TSRYS5802849,D,S,D,2024-07-17,1000000.00,4.365635,104.296875
08:00:47,912810UA4,TSRYS5802849,D,S,T,2024-07-17,1000000.00,4.379365,104.0625
08:00:47,912810UA4,TSRYS5802849,D,B,A,2024-07-17,920000.00,4.377761,104.08984375
08:00:48,912810UA4,TSRYS5802849,D,S,D,2024-07-17,1000000.00,4.385329,103.9609375
08:00:48,912810UA4,TSRYS5802849,D,S,D,2024-07-17,1000000.00,4.385329,103.9609375
08:00:48,912810UA4,TSRYS5802849,D,S,T,2024-07-17,1000000.00,4.383034,104.0
08:00:48,912810UA4,TSRYS5802849,D,S,T,2024-07-17,1000000.00,4.383034,104.0
08:00:48,912810UA4,TSRYS5802849,D,S,T,2024-07-17,1000000.00,4.378449,104.078125
08:00:49,912810UA4,TSRYS5802849,D,S,T,2024-07-17,1000000.00,4.379365,104.0625
08:00:49,912810UA4,TSRYS5802849,D,B,A,2024-07-17,5000000.00,4.382346,104.01171875
08:00:49,912810UA4,TSRYS5802849,D,B,A,2024-07-17,5000000.00,4.380512,104.04296875
08:00:49,912810UA4,TSRYS5802849,D,S,D,2024-07-17,3000000.00,4.386247,103.9453125
08:00:49,912810UA4,TSRYS5802849,D,S,D,2024-07-17,3000000.00,4.386247,103.9453125
08:00:49,912810UA4,TSRYS5802849,D,S,T,2024-07-17,1000000.00,4.386592,103.939453125
08:00:49,912810UA4,TSRYS5802849,D,S,T,2024-07-17,1000000.00,4.386706,103.9375
08:00:49,912810UA4,TSRYS5802849,D,S,D,2024-07-17,1000000.00,4.364264,104.3203125
08:00:49,912810UA4,TSRYS5802849,D,S,D,2024-07-17,1000000.00,4.363808,104.328125
08:00:50,912810UA4,TSRYS5802849,D,S,D,2024-07-17,10000000.00,4.384629,103.97285625
08:00:50,912810UA4,TSRYS5802849,D,S,D,2024-07-17,800000.00,4.384858,103.96895
08:00:50,912810UA4,TSRYS5802849,D,S,D,2024-07-17,10000000.00,4.385547,103.95723125
08:00:50,912810UA4,TSRYS5802849,D,B,A,2024-07-17,1000000.00,4.383034,104.0
08:00:50,912810UA4,TSRYS5802849,D,S,D,2024-07-17,6600000.00,4.3805,104.04316875
08:00:51,912810UA4,TSRYS5802849,D,S,D,2024-07-17,1000000.00,4.366321,104.28515625
08:00:51,912810UA4,TSRYS5802849,D,S,D,2024-07-17,1000000.00,4.368378,104.25
08:00:51,912810UA4,TSRYS5802849,D,S,D,2024-07-17,1000000.00,4.366549,104.28125
08:00:51,912810UA4,TSRYS5802849,D,S,D,2024-07-17,2000000.00,4.366549,104.28125
08:00:51,912810UA4,TSRYS5802849,D,S,D,2024-07-17,1000000.00,4.368378,104.25
08:00:51,912810UA4,TSRYS5802849,D,S,A,2024-07-17,500000.00,4.379595,104.05859375
08:00:51,912810UA4,TSRYS5802849,D,S,A,2024-07-17,124100.00,4.376845,104.10546875
08:00:52,912810UA4,TSRYS5802849,D,S,D,2024-07-17,1000000.00,4.371579,104.1953125
08:00:52,912810UA4,TSRYS5802849,D,S,D,2024-07-17,1000000.00,4.372952,104.171875
08:00:52,912810UA4,TSRYS5802849,D,S,T,2024-07-17,1000000.00,4.377532,104.09375
08:00:53,912810UA4,TSRYS5802849,D,S,D,2024-07-17,1000000.00,4.366778,104.27734375
08:00:53,912810UA4,TSRYS5802849,D,S,D,2024-07-17,1000000.00,4.365292,104.302734375
08:00:53,912810UA4,TSRYS5802849,D,S,A,2024-07-17,570000.00,4.382805,104.00390625
08:00:53,912810UA4,TSRYS5802849,D,S,D,2024-07-17,1000000.00,4.373868,104.15625
08:00:53,912810UA4,TSRYS5802849,D,S,D,2024-07-17,19000000.00,4.363534,104.3328125
08:00:53,912810UA4,TSRYS5802849,D,S,D,2024-07-17,1000000.00,4.375471,104.12890625
08:00:53,912810UA4,TSRYS5802849,D,S,D,2024-07-17,1000000.00,4.373868,104.15625
08:00:53,912810UA4,TSRYS5802849,D,S,A,2024-07-17,1000000.00,4.366549,104.28125
08:00:53,912810UA4,TSRYS5802849,D,S,D,2024-07-17,1100000.00,4.36608,104.2892625
08:00:54,912810UA4,TSRYS5802849,D,S,D,2024-07-17,8000000.00,4.37102,104.204861111
08:00:54,912810UA4,TSRYS5802849,D,S,T,2024-07-17,1000000.00,4.386712,103.937398
08:00:54,912810UA4,TSRYS5802849,D,S,T,2024-07-17,1000000.00,4.386712,103.937398
08:00:54,912810UA4,TSRYS5802849,D,S,T,2024-07-17,1000000.00,4.386712,103.937398
08:00:54,912810UA4,TSRYS5802849,D,S,T,2024-07-17,1000000.00,4.386712,103.937398
08:00:54,912810UA4,TSRYS5802849,D,S,T,2024-07-17,1000000.00,4.386712,103.937398
08:00:54,912810UA4,TSRYS5802849,D,B,A,2024-07-17,2000000.00,4.374326,104.1484375
08:00:54,912810UA4,TSRYS5802849,D,S,T,2024-07-17,1000000.00,4.373639,104.16015625
08:00:54,912810UA4,TSRYS5802849,D,S,T,2024-07-17,1000000.00,4.374784,104.140625
08:00:54,912810UA4,TSRYS5802849,D,S,T,2024-07-17,1000000.00,4.377074,104.1015625
08:00:54,912810UA4,TSRYS5802849,D,S,D,2024-07-17,1000000.00,4.375929,104.12109375
08:00:54,912810UA4,TSRYS5802849,D,S,D,2024-07-17,1000000.00,4.377761,104.08984375
08:00:54,912810UA4,TSRYS5802849,D,S,D,2024-07-17,1000000.00,4.3757,104.125
08:00:54,912810UA4,TSRYS5802849,D,S,D,2024-07-17,1000000.00,4.373868,104.15625
08:00:54,912810UA4,TSRYS5802849,D,S,D,2024-07-17,3000000.00,4.377532,104.09375
08:00:55,912810UA4,TSRYS5802849,D,S,A,2024-07-17,2000000.00,4.384411,103.9765625
08:00:55,912810UA4,TSRYS5802849,D,S,T,2024-07-17,1000000.00,4.374784,104.140625
08:00:55,912810UA4,TSRYS5802849,D,S,D,2024-07-17,1000000.00,4.3757,104.125
08:00:55,912810UA4,TSRYS5802849,D,S,A,2024-07-17,1000000.00,4.379595,104.05859375
08:00:55,912810UA4,TSRYS5802849,D,S,D,2024-07-17,1000000.00,4.374326,104.1484375
08:00:55,912810UA4,TSRYS5802849,D,S,T,2024-07-17,1000000.00,4.373868,104.15625
08:00:55,912810UA4,TSRYS5802849,D,S,D,2024-07-17,1000000.00,4.374097,104.15234375
08:00:55,912810UA4,TSRYS5802849,D,S,T,2024-07-17,1000000.00,4.379371,104.062398
08:00:55,912810UA4,TSRYS5802849,D,S,T,2024-07-17,1000000.00,4.379371,104.062398
08:00:55,912810UA4,TSRYS5802849,D,S,T,2024-07-17,1000000.00,4.379371,104.062398
08:00:55,912810UA4,TSRYS5802849,D,S,T,2024-07-17,1000000.00,4.379365,104.0625
08:00:55,912810UA4,TSRYS5802849,D,S,T,2024-07-17,1000000.00,4.379371,104.062398
08:00:55,912810UA4,TSRYS5802849,D,S,T,2024-07-17,1000000.00,4.379371,104.062398
08:00:55,912810UA4,TSRYS5802849,D,S,T,2024-07-17,1000000.00,4.379371,104.062398
08:00:55,912810UA4,TSRYS5802849,D,S,T,2024-07-17,1000000.00,4.379371,104.062398
08:00:55,912810UA4,TSRYS5802849,D,S,T,2024-07-17,1000000.00,4.379365,104.0625
08:00:55,912810UA4,TSRYS5802849,D,S,T,2024-07-17,1000000.00,4.379371,104.062398
08:00:55,912810UA4,TSRYS5802849,D,S,T,2024-07-17,1000000.00,4.378449,104.078125
08:00:55,912810UA4,TSRYS5802849,D,S,T,2024-07-17,1000000.00,4.379371,104.062398
08:00:55,912810UA4,TSRYS5802849,D,S,T,2024-07-17,1000000.00,4.379371,104.062398
08:00:55,912810UA4,TSRYS5802849,D,S,D,2024-07-17,1800000.00,4.373868,104.15625
08:00:55,912810UA4,TSRYS5802849,D,S,D,2024-07-17,1000000.00,4.374097,104.15234375
08:00:55,912810UA4,TSRYS5802849,D,S,D,2024-07-17,1000000.00,4.373639,104.16015625
08:00:56,912810UA4,TSRYS5802849,D,S,D,2024-07-17,1000000.00,4.374326,104.1484375
08:00:56,912810UA4,TSRYS5802849,D,S,D,2024-07-17,1000000.00,4.374326,104.1484375
08:00:56,912810UA4,TSRYS5802849,D,S,D,2024-07-17,1000000.00,4.374097,104.15234375
08:00:56,912810UA4,TSRYS5802849,D,S,D,2024-07-17,1000000.00,4.373639,104.16015625
08:00:56,912810UA4,TSRYS5802849,D,S,D,2024-07-17,1000000.00,4.379824,104.0546875
08:00:56,912810UA4,TSRYS5802849,D,S,D,2024-07-17,1000000.00,4.379824,104.0546875
08:00:56,912810UA4,TSRYS5802849,D,S,D,2024-07-17,1000000.00,4.375242,104.1328125
08:00:56,912810UA4,TSRYS5802849,D,S,T,2024-07-17,1000000.00,4.375242,104.1328125
08:00:56,912810UA4,TSRYS5802849,D,S,T,2024-07-17,1000000.00,4.3757,104.125
08:00:57,912810UA4,TSRYS5802849,D,S,D,2024-07-17,15000000.00,4.376866,104.105117
08:00:57,912810UA4,TSRYS5802849,D,S,D,2024-07-17,1000000.00,4.37822,104.08203125
08:00:57,912810UA4,TSRYS5802849,D,S,D,2024-07-17,1000000.00,4.378449,104.078125
08:00:57,912810UA4,TSRYS5802849,D,S,D,2024-07-17,1000000.00,4.378678,104.07421875
08:00:57,912810UA4,TSRYS5802849,D,S,D,2024-07-17,740000.00,4.37799,104.0859375
08:00:58,912810UA4,TSRYS5802849,D,S,T,2024-07-17,1000000.00,4.385788,103.953125
08:00:58,912810UA4,TSRYS5802849,D,S,T,2024-07-17,1000000.00,4.385788,103.953125
08:00:58,912810UA4,TSRYS5802849,D,S,T,2024-07-17,1000000.00,4.385794,103.953023
08:00:58,912810UA4,TSRYS5802849,D,S,T,2024-07-17,1000000.00,4.385794,103.953023
08:00:58,912810UA4,TSRYS5802849,D,S,T,2024-07-17,1000000.00,4.385794,103.953023
08:00:58,912810UA4,TSRYS5802849,D,S,T,2024-07-17,1000000.00,4.385794,103.953023
08:00:58,912810UA4,TSRYS5802849,D,S,T,2024-07-17,1000000.00,4.385794,103.953023
08:00:58,912810UA4,TSRYS5802849,D,S,T,2024-07-17,1000000.00,4.385794,103.953023
08:00:58,912810UA4,TSRYS5802849,D,S,T,2024-07-17,1000000.00,4.385794,103.953023
08:00:58,912810UA4,TSRYS5802849,D,S,T,2024-07-17,1000000.00,4.385794,103.953023
08:00:59,912810UA4,TSRYS5802849,D,S,C,2024-07-17,3000000.00,4.371109,104.203125
08:01:00,912810UA4,TSRYS5802849,D,S,D,2024-07-17,1000000.00,4.376616,104.109375
08:01:00,912810UA4,TSRYS5802849,D,S,D,2024-07-17,1000000.00,4.376616,104.109375
08:01:00,912810UA4,TSRYS5802849,D,S,C,2024-07-17,1000000.00,4.383034,104.0
08:01:00,912810UA4,TSRYS5802849,D,S,D,2024-07-17,1000000.00,4.377532,104.09375
08:01:00,912810UA4,TSRYS5802849,D,S,D,2024-07-17,1000000.00,4.379824,104.0546875
08:01:00,912810UA4,TSRYS5802849,D,S,D,2024-07-17,1000000.00,4.385329,103.9609375
08:01:00,912810UA4,TSRYS5802849,D,S,D,2024-07-17,1000000.00,4.374784,104.140625
08:01:00,912810UA4,TSRYS5802849,D,S,D,2024-07-17,2000000.00,4.380512,104.04296875
08:01:00,912810UA4,TSRYS5802849,D,S,D,2024-07-17,1000000.00,4.377532,104.09375
08:01:00,912810UA4,TSRYS5802849,D,S,D,2024-07-17,1000000.00,4.377761,104.08984375
08:01:00,912810UA4,TSRYS5802849,D,S,D,2024-07-17,1000000.00,4.376616,104.109375
08:01:00,912810UA4,TSRYS5802849,D,S,C,2024-07-17,1000000.00,4.378449,104.078125
08:01:00,912810UA4,TSRYS5802849,D,S,D,2024-07-17,1000000.00,4.377303,104.09765625
08:01:00,912810UA4,TSRYS5802849,D,S,D,2024-07-17,1000000.00,4.378449,104.078125
08:01:00,912810UA4,TSRYS5802849,D,S,D,2024-07-17,1000000.00,4.381658,104.0234375
08:01:00,912810UA4,TSRYS5802849,D,S,D,2024-07-17,1000000.00,4.380282,104.046875
08:01:00,912810UA4,TSRYS5802849,D,S,D,2024-07-17,3000000.00,4.386247,103.9453125
08:01:00,912810UA4,TSRYS5802849,D,S,C,2024-07-17,1000000.00,4.379824,104.0546875
08:01:00,912810UA4,TSRYS5802849,D,S,D,2024-07-17,1000000.00,4.381429,104.02734375
08:01:00,912810UA4,TSRYS5802849,D,S,D,2024-07-17,1000000.00,4.382805,104.00390625
08:01:00,912810UA4,TSRYS5802849,D,S,D,2024-07-17,1000000.00,4.387395,103.92578125
08:01:00,912810UA4,TSRYS5802849,D,S,D,2024-07-17,1000000.00,4.374784,104.140625
08:01:00,912810UA4,TSRYS5802849,D,S,D,2024-07-17,1000000.00,4.385559,103.95703125
08:01:00,912810UA4,TSRYS5802849,D,S,D,2024-07-17,1000000.00,4.386706,103.9375
08:01:00,912810UA4,TSRYS5802849,D,S,D,2024-07-17,3000000.00,4.386247,103.9453125
08:01:00,912810UA4,TSRYS5802849,D,S,D,2024-07-17,1000000.00,4.381429,104.02734375
08:01:00,912810UA4,TSRYS5802849,D,B,C,2024-07-17,1000000.00,4.385559,103.95703125
08:01:00,912810UA4,TSRYS5802849,D,B,C,2024-07-17,1000000.00,4.385559,103.95703125
08:01:00,912810UA4,TSRYS5802849,D,S,D,2024-07-17,1000000.00,4.379824,104.0546875
08:01:00,912810UA4,TSRYS5802849,D,S,D,2024-07-17,1000000.00,4.38487,103.96875
08:01:00,912810UA4,TSRYS5802849,D,S,D,2024-07-17,1000000.00,4.385559,103.95703125
08:01:00,912810UA4,TSRYS5802849,D,S,D,2024-07-17,1000000.00,4.381429,104.02734375
08:01:00,912810UA4,TSRYS5802849,D,S,D,2024-07-17,1000000.00,4.385559,103.95703125
08:01:00,912810UA4,TSRYS5802849,D,S,D,2024-07-17,3000000.00,4.375471,104.12890625
08:01:00,912810UA4,TSRYS5802849,D,B,C,2024-07-17,1000000.00,4.38487,103.96875
08:01:00,912810UA4,TSRYS5802849,D,S,D,2024-07-17,1000000.00,4.381658,104.0234375
08:01:00,912810UA4,TSRYS5802849,D,S,C,2024-07-17,1000000.00,4.383952,103.984375
08:01:00,912810UA4,TSRYS5802849,D,S,D,2024-07-17,1000000.00,4.368835,104.2421875
08:01:00,912810UA4,TSRYS5802849,D,S,C,2024-07-17,1000000.00,4.375471,104.12890625
08:01:00,912810UA4,TSRYS5802849,D,S,D,2024-07-17,1000000.00,4.372952,104.171875
08:01:00,912810UA4,TSRYS5802849,D,S,D,2024-07-17,1000000.00,4.3757,104.125
08:01:00,912810UA4,TSRYS5802849,D,S,D,2024-07-17,1000000.00,4.374784,104.140625
08:01:00,912810UA4,TSRYS5802849,D,S,D,2024-07-17,1000000.00,4.37341,104.1640625
08:01:00,912810UA4,TSRYS5802849,D,S,D,2024-07-17,1000000.00,4.375471,104.12890625
08:01:00,912810UA4,TSRYS5802849,D,S,D,2024-07-17,1000000.00,4.375242,104.1328125
08:01:00,912810UA4,TSRYS5802849,D,S,D,2024-07-17,1000000.00,4.376845,104.10546875
08:01:00,912810UA4,TSRYS5802849,D,B,C,2024-07-17,1000000.00,4.375471,104.12890625
08:01:00,912810UA4,TSRYS5802849,D,S,C,2024-07-17,1000000.00,4.375471,104.12890625
08:01:00,912810UA4,TSRYS5802849,D,S,D,2024-07-17,1000000.00,4.378907,104.0703125
08:01:00,912810UA4,TSRYS5802849,D,S,D,2024-07-17,1000000.00,4.378907,104.0703125
08:01:00,912810UA4,TSRYS5802849,D,S,D,2024-07-17,1000000.00,4.378449,104.078125
08:01:00,912810UA4,TSRYS5802849,D,S,D,2024-07-17,1000000.00,4.37822,104.08203125
08:01:00,912810UA4,TSRYS5802849,D,S,D,2024-07-17,1000000.00,4.377532,104.09375
08:01:00,912810UA4,TSRYS5802849,D,S,D,2024-07-17,1000000.00,4.377532,104.09375
08:01:00,912810UA4,TSRYS5802849,D,S,D,2024-07-17,1000000.00,4.377074,104.1015625
08:01:00,912810UA4,TSRYS5802849,D,S,D,2024-07-17,1000000.00,4.376845,104.10546875
08:01:00,912810UA4,TSRYS5802849,D,S,D,2024-07-17,1000000.00,4.375929,104.12109375
08:01:00,912810UA4,TSRYS5802849,D,S,D,2024-07-17,1000000.00,4.368835,104.2421875
08:01:00,912810UA4,TSRYS5802849,D,B,C,2024-07-17,1000000.00,4.375471,104.12890625
08:01:00,912810UA4,TSRYS5802849,D,S,D,2024-07-17,1000000.00,4.375242,104.1328125
08:01:00,912810UA4,TSRYS5802849,D,S,D,2024-07-17,1000000.00,4.366549,104.28125
08:01:00,912810UA4,TSRYS5802849,D,S,D,2024-07-17,1000000.00,4.375471,104.12890625
08:01:00,912810UA4,TSRYS5802849,D,S,D,2024-07-17,2000000.00,4.376387,104.11328125
08:01:00,912810UA4,TSRYS5802849,D,S,D,2024-07-17,1000000.00,4.369978,104.22265625
08:01:00,912810UA4,TSRYS5802849,D,B,C,2024-07-17,1000000.00,4.369978,104.22265625
08:01:00,912810UA4,TSRYS5802849,D,S,D,2024-07-17,1000000.00,4.36792,104.2578125
08:01:00,912810UA4,TSRYS5802849,D,S,D,2024-07-17,1000000.00,4.362438,104.3515625
08:01:00,912810UA4,TSRYS5802849,D,S,D,2024-07-17,1000000.00,4.376387,104.11328125
08:01:00,912810UA4,TSRYS5802849,D,S,D,2024-07-17,1000000.00,4.376616,104.109375
08:01:00,912810UA4,TSRYS5802849,D,S,D,2024-07-17,1000000.00,4.365407,104.30078125
08:01:00,912810UA4,TSRYS5802849,D,S,D,2024-07-17,1000000.00,4.362894,104.34375
08:01:00,912810UA4,TSRYS5802849,D,S,D,2024-07-17,1000000.00,4.366778,104.27734375
08:01:00,912810UA4,TSRYS5802849,D,S,D,2024-07-17,1000000.00,4.362438,104.3515625
08:01:00,912810UA4,TSRYS5802849,D,S,D,2024-07-17,1000000.00,4.365635,104.296875
08:01:00,912810UA4,TSRYS5802849,D,S,D,2024-07-17,1000000.00,4.365635,104.296875
08:01:00,912810UA4,TSRYS5802849,D,S,C,2024-07-17,1000000.00,4.364721,104.3125
08:01:00,912810UA4,TSRYS5802849,D,S,D,2024-07-17,1000000.00,4.363808,104.328125
08:01:00,912810UA4,TSRYS5802849,D,S,D,2024-07-17,1000000.00,4.376616,104.109375
08:01:00,912810UA4,TSRYS5802849,D,S,D,2024-07-17,1000000.00,4.376845,104.10546875
08:01:00,912810UA4,TSRYS5802849,D,S,D,2024-07-17,1000000.00,4.377074,104.1015625
08:01:00,912810UA4,TSRYS5802849,D,S,D,2024-07-17,1000000.00,4.377303,104.09765625
08:01:00,912810UA4,TSRYS5802849,D,S,D,2024-07-17,1000000.00,4.366321,104.28515625
08:01:00,912810UA4,TSRYS5802849,D,S,D,2024-07-17,1000000.00,4.364264,104.3203125
08:01:00,912810UA4,TSRYS5802849,D,S,D,2024-07-17,1000000.00,4.375013,104.13671875
08:01:00,912810UA4,TSRYS5802849,D,S,D,2024-07-17,1000000.00,4.366321,104.28515625
08:01:00,912810UA4,TSRYS5802849,D,B,C,2024-07-17,1000000.00,4.366321,104.28515625
08:01:00,912810UA4,TSRYS5802849,D,S,D,2024-07-17,1000000.00,4.365864,104.29296875
08:01:00,912810UA4,TSRYS5802849,D,S,D,2024-07-17,1000000.00,4.375013,104.13671875
08:01:00,912810UA4,TSRYS5802849,D,S,D,2024-07-17,1000000.00,4.374326,104.1484375
08:01:00,912810UA4,TSRYS5802849,D,S,D,2024-07-17,1000000.00,4.374326,104.1484375
08:01:00,912810UA4,TSRYS5802849,D,S,D,2024-07-17,1000000.00,4.368378,104.25
08:01:00,912810UA4,TSRYS5802849,D,S,D,2024-07-17,1000000.00,4.368378,104.25
08:01:00,912810UA4,TSRYS5802849,D,S,D,2024-07-17,1000000.00,4.367463,104.265625
08:01:00,912810UA4,TSRYS5802849,D,B,C,2024-07-17,1000000.00,4.367463,104.265625
08:01:00,912810UA4,TSRYS5802849,D,S,D,2024-07-17,1000000.00,4.367463,104.265625
08:01:00,912810UA4,TSRYS5802849,D,B,C,2024-07-17,1000000.00,4.367463,104.265625
08:01:00,912810UA4,TSRYS5802849,D,S,D,2024-07-17,1000000.00,4.369292,104.234375
08:01:00,912810UA4,TSRYS5802849,D,S,C,2024-07-17,2000000.00,4.372037,104.1875
08:01:00,912810UA4,TSRYS5802849,D,S,C,2024-07-17,1000000.00,4.372724,104.17578125
08:01:00,912810UA4,TSRYS5802849,D,S,D,2024-07-17,1000000.00,4.371579,104.1953125
08:01:00,912810UA4,TSRYS5802849,D,S,D,2024-07-17,1000000.00,4.370664,104.2109375
08:01:00,912810UA4,TSRYS5802849,D,S,D,2024-07-17,1000000.00,4.372952,104.171875
08:01:00,912810UA4,TSRYS5802849,D,S,D,2024-07-17,1000000.00,4.372495,104.1796875
08:01:01,912810UA4,TSRYS5802849,D,S,D,2024-07-17,1000000.00,4.375929,104.12109375
08:01:01,912810UA4,TSRYS5802849,D,S,D,2024-07-17,1000000.00,4.375471,104.12890625
08:01:01,912810UA4,TSRYS5802849,D,S,D,2024-07-17,1000000.00,4.376845,104.10546875
08:01:01,912810UA4,TSRYS5802849,D,S,D,2024-07-17,1000000.00,4.376387,104.11328125
08:01:01,912810UA4,TSRYS5802849,D,S,D,2024-07-17,1000000.00,4.373868,104.15625
08:01:01,912810UA4,TSRYS5802849,D,S,D,2024-07-17,3000000.00,4.377532,104.09375
08:01:01,912810UA4,TSRYS5802849,D,B,C,2024-07-17,1000000.00,4.376387,104.11328125
08:01:01,912810UA4,TSRYS5802849,D,S,D,2024-07-17,1000000.00,4.3757,104.125
08:01:01,912810UA4,TSRYS5802849,D,S,D,2024-07-17,1000000.00,4.373868,104.15625
08:01:01,912810UA4,TSRYS5802849,D,S,D,2024-07-17,1000000.00,4.378907,104.0703125
08:01:01,912810UA4,TSRYS5802849,D,S,D,2024-07-17,1000000.00,4.377761,104.08984375
08:01:01,912810UA4,TSRYS5802849,D,S,D,2024-07-17,1000000.00,4.373639,104.16015625
08:01:01,912810UA4,TSRYS5802849,D,S,D,2024-07-17,1000000.00,4.374097,104.15234375
08:01:01,912810UA4,TSRYS5802849,D,S,D,2024-07-17,1000000.00,4.374326,104.1484375
08:01:01,912810UA4,TSRYS5802849,D,S,D,2024-07-17,1000000.00,4.374326,104.1484375
08:01:01,912810UA4,TSRYS5802849,D,S,D,2024-07-17,1000000.00,4.375242,104.1328125
08:01:01,912810UA4,TSRYS5802849,D,S,D,2024-07-17,1000000.00,4.376158,104.1171875
08:01:01,912810UA4,TSRYS5802849,D,S,D,2024-07-17,1000000.00,4.374097,104.15234375
08:01:01,912810UA4,TSRYS5802849,D,S,D,2024-07-17,1000000.00,4.379365,104.0625
08:01:01,912810UA4,TSRYS5802849,D,S,D,2024-07-17,1000000.00,4.379824,104.0546875
08:01:01,912810UA4,TSRYS5802849,D,S,D,2024-07-17,1000000.00,4.379824,104.0546875
08:01:01,912810UA4,TSRYS5802849,D,B,C,2024-07-17,1000000.00,4.379365,104.0625
08:01:01,912810UA4,TSRYS5802849,D,S,D,2024-07-17,1000000.00,4.379365,104.0625
08:01:01,912810UA4,TSRYS5802849,D,B,C,2024-07-17,1000000.00,4.37822,104.08203125
08:01:01,912810UA4,TSRYS5802849,D,S,D,2024-07-17,1000000.00,4.37822,104.08203125
08:01:01,912810UA4,TSRYS5802849,D,S,D,2024-07-17,1000000.00,4.378449,104.078125
08:01:01,912810UA4,TSRYS5802849,D,B,C,2024-07-17,1000000.00,4.378449,104.078125
08:01:01,912810UA4,TSRYS5802849,D,S,D,2024-07-17,1000000.00,4.378678,104.07421875
08:01:01,912810UA4,TSRYS5802849,D,B,C,2024-07-17,1000000.00,4.378678,104.07421875
08:01:01,912810UA4,TSRYS5802849,D,S,D,2024-07-17,1000000.00,4.378907,104.0703125
08:01:01,912810UA4,TSRYS5802849,D,B,C,2024-07-17,1000000.00,4.378907,104.0703125
08:01:01,912810UA4,TSRYS5802849,D,S,D,2024-07-17,1000000.00,4.378907,104.0703125
08:01:01,912810UA4,TSRYS5802849,D,B,C,2024-07-17,1000000.00,4.378907,104.0703125
08:01:01,912810UA4,TSRYS5802849,D,S,C,2024-07-17,1000000.00,4.378907,104.0703125
08:01:01,912810UA4,TSRYS5802849,D,B,C,2024-07-17,1000000.00,4.378907,104.0703125
08:01:01,912810UA4,TSRYS5802849,D,S,D,2024-07-17,1000000.00,4.378907,104.0703125
08:01:01,912810UA4,TSRYS5802849,D,B,C,2024-07-17,1000000.00,4.378907,104.0703125
08:01:01,912810UA4,TSRYS5802849,D,S,D,2024-07-17,1000000.00,4.379136,104.06640625
08:01:01,912810UA4,TSRYS5802849,D,B,C,2024-07-17,1000000.00,4.379136,104.06640625
08:01:01,912810UA4,TSRYS5802849,D,B,C,2024-07-17,1000000.00,4.378449,104.078125
08:01:01,912810UA4,TSRYS5802849,D,S,D,2024-07-17,1000000.00,4.378449,104.078125
08:01:01,912810UA4,TSRYS5802849,D,B,C,2024-07-17,1000000.00,4.378449,104.078125
08:01:01,912810UA4,TSRYS5802849,D,S,D,2024-07-17,1000000.00,4.378449,104.078125
08:01:01,912810UA4,TSRYS5802849,D,S,T,2024-07-17,1000000.00,4.379373,104.06237
08:01:01,912810UA4,TSRYS5802849,D,S,D,2024-07-17,1000000.00,4.37822,104.08203125
08:01:01,912810UA4,TSRYS5802849,D,B,C,2024-07-17,1000000.00,4.37822,104.08203125
08:01:01,912810UA4,TSRYS5802849,D,S,D,2024-07-17,1000000.00,4.37799,104.0859375
08:01:01,912810UA4,TSRYS5802849,D,B,C,2024-07-17,1000000.00,4.37799,104.0859375
08:01:01,912810UA4,TSRYS5802849,D,B,C,2024-07-17,1000000.00,4.377532,104.09375
08:01:01,912810UA4,TSRYS5802849,D,S,C,2024-07-17,1000000.00,4.377532,104.09375
08:01:01,912810UA4,TSRYS5802849,D,S,D,2024-07-17,1000000.00,4.377532,104.09375
08:01:01,912810UA4,TSRYS5802849,D,B,C,2024-07-17,1000000.00,4.377532,104.09375
08:01:01,912810UA4,TSRYS5802849,D,S,D,2024-07-17,1000000.00,4.377074,104.1015625
08:01:01,912810UA4,TSRYS5802849,D,S,D,2024-07-17,1000000.00,4.376845,104.10546875
08:01:01,912810UA4,TSRYS5802849,D,B,C,2024-07-17,1000000.00,4.377074,104.1015625
08:01:01,912810UA4,TSRYS5802849,D,B,C,2024-07-17,1000000.00,4.376845,104.10546875
08:01:01,912810UA4,TSRYS5802849,D,B,C,2024-07-17,1000000.00,4.375929,104.12109375
