tradeTime,cusip,issueSymbolIdentifier,priceType,reportingSideCode,contraPartyTypeCode,tradeDate,reportedTradeVolume,lastSaleYield,lastSalePrice
08:00:03,91282CKQ3,TSRYS5802845,D,S,T,2024-07-22,2000000.00,4.219639,101.232421875
08:00:03,91282CKQ3,TSRYS5802845,D,S,T,2024-07-22,2000000.00,4.219639,101.232421875
08:00:03,91282CKQ3,TSRYS5802845,D,S,D,2024-07-22,2000000.00,4.219639,101.232421875
08:00:03,91282CKQ3,TSRYS5802845,D,S,D,2024-07-22,2000000.00,4.219395,101.234375
08:00:03,91282CKQ3,TSRYS5802845,D,S,D,2024-07-22,2000000.00,4.219395,101.234375
08:00:03,91282CKQ3,TSRYS5802845,D,S,C,2024-07-22,2000000.00,4.219395,101.234375
08:00:03,91282CKQ3,TSRYS5802845,D,S,C,2024-07-22,1000000.00,4.219395,101.234375
08:00:03,91282CKQ3,TSRYS5802845,D,S,C,2024-07-22,1000000.00,4.219395,101.234375
08:00:03,91282CKQ3,TSRYS5802845,D,S,C,2024-07-22,2000000.00,4.217206,101.251953125
08:00:03,91282CKQ3,TSRYS5802845,D,S,T,2024-07-22,1000000.00,4.216962,101.25390625
08:00:03,91282CKQ3,TSRYS5802845,D,S,C,2024-07-22,2000000.00,4.217449,101.25
08:00:03,91282CKQ3,TSRYS5802845,D,S,D,2024-07-22,1000000.00,4.217206,101.251953125
08:00:03,91282CKQ3,TSRYS5802845,D,S,D,2024-07-22,1000000.00,4.217206,101.251953125
08:00:03,91282CKQ3,TSRYS5802845,D,S,C,2024-07-22,1000000.00,4.219395,101.234375
08:00:03,91282CKQ3,TSRYS5802845,D,S,C,2024-07-22,1000000.00,4.221586,101.216796875
08:00:03,91282CKQ3,TSRYS5802845,D,S,C,2024-07-22,1000000.00,4.221586,101.216796875
08:00:03,91282CKQ3,TSRYS5802845,D,S,C,2024-07-22,1000000.00,4.221099,101.220703125
08:00:03,91282CKQ3,TSRYS5802845,D,S,C,2024-07-22,1000000.00,4.221099,101.220703125
08:00:03,91282CKQ3,TSRYS5802845,D,S,C,2024-07-22,2000000.00,4.221099,101.220703125
08:00:03,91282CKQ3,TSRYS5802845,D,S,C,2024-07-22,1000000.00,4.229863,101.150390625
08:00:03,91282CKQ3,TSRYS5802845,D,S,C,2024-07-22,1000000.00,4.229863,101.150390625
08:00:03,91282CKQ3,TSRYS5802845,D,S,D,2024-07-22,2000000.00,4.228889,101.158203125
08:00:03,91282CKQ3,TSRYS5802845,D,S,D,2024-07-22,2000000.00,4.227185,101.171875
08:00:03,91282CKQ3,TSRYS5802845,D,S,D,2024-07-22,2000000.00,4.227185,101.171875
08:00:03,91282CKQ3,TSRYS5802845,D,S,T,2024-07-22,1000000.00,4.227185,101.171875
08:00:03,91282CKQ3,TSRYS5802845,D,S,T,2024-07-22,1000000.00,4.227185,101.171875
08:00:03,91282CKQ3,TSRYS5802845,D,S,D,2024-07-22,1000000.00,4.221099,101.220703125
08:00:03,91282CKQ3,TSRYS5802845,D,S,D,2024-07-22,1000000.00,4.221099,101.220703125
08:00:03,91282CKQ3,TSRYS5802845,D,S,D,2024-07-22,1000000.00,4.221099,101.220703125
08:00:03,91282CKQ3,TSRYS5802845,D,S,T,2024-07-22,1000000.00,4.22548,101.185546875
08:00:03,91282CKQ3,TSRYS5802845,D,S,T,2024-07-22,2000000.00,4.225237,101.1875
08:00:03,91282CKQ3,TSRYS5802845,D,S,T,2024-07-22,2000000.00,4.221342,101.21875
08:00:03,91282CKQ3,TSRYS5802845,D,S,T,2024-07-22,1000000.00,4.217449,101.25
08:00:03,91282CKQ3,TSRYS5802845,D,S,T,2024-07-22,1000000.00,4.213557,101.28125
08:00:03,91282CKQ3,TSRYS5802845,D,S,D,2024-07-22,2000000.00,4.216476,101.2578125
08:00:03,91282CKQ3,TSRYS5802845,D,S,C,2024-07-22,1000000.00,4.219395,101.234375
08:00:03,91282CKQ3,TSRYS5802845,D,S,C,2024-07-22,1000000.00,4.219395,101.234375
08:00:03,91282CKQ3,TSRYS5802845,D,S,C,2024-07-22,1000000.00,4.219395,101.234375
08:00:03,91282CKQ3,TSRYS5802845,D,S,C,2024-07-22,2000000.00,4.219395,101.234375
08:00:03,91282CKQ3,TSRYS5802845,D,S,C,2024-07-22,1000000.00,4.219395,101.234375
08:00:03,91282CKQ3,TSRYS5802845,D,S,C,2024-07-22,1000000.00,4.219395,101.234375
08:00:03,91282CKQ3,TSRYS5802845,D,S,C,2024-07-22,2000000.00,4.219395,101.234375
08:00:03,91282CKQ3,TSRYS5802845,D,S,C,2024-07-22,2000000.00,4.219395,101.234375
08:00:03,91282CKQ3,TSRYS5802845,D,S,C,2024-07-22,2000000.00,4.219395,101.234375
08:00:03,91282CKQ3,TSRYS5802845,D,S,C,2024-07-22,2000000.00,4.219395,101.234375
08:00:03,91282CKQ3,TSRYS5802845,D,S,C,2024-07-22,1000000.00,4.216962,101.25390625
08:00:03,91282CKQ3,TSRYS5802845,D,S,C,2024-07-22,1000000.00,4.216962,101.25390625
08:00:03,91282CKQ3,TSRYS5802845,D,S,C,2024-07-22,1000000.00,4.216962,101.25390625
08:00:03,91282CKQ3,TSRYS5802845,D,S,C,2024-07-22,1000000.00,4.216962,101.25390625
08:00:03,91282CKQ3,TSRYS5802845,D,S,C,2024-07-22,1000000.00,4.216962,101.25390625
08:00:03,91282CKQ3,TSRYS5802845,D,S,C,2024-07-22,1000000.00,4.216962,101.25390625
08:00:03,91282CKQ3,TSRYS5802845,D,S,D,2024-07-22,1000000.00,4.220125,101.228515625
08:00:03,91282CKQ3,TSRYS5802845,D,S,T,2024-07-22,4000000.00,4.215989,101.26171875
08:00:03,91282CKQ3,TSRYS5802845,D,S,D,2024-07-22,4000000.00,4.215989,101.26171875
08:00:03,91282CKQ3,TSRYS5802845,D,S,D,2024-07-22,2000000.00,4.211612,101.296875
08:00:03,91282CKQ3,TSRYS5802845,D,S,T,2024-07-22,2000000.00,4.208452,101.322265625
08:00:03,91282CKQ3,TSRYS5802845,D,S,T,2024-07-22,3000000.00,4.208209,101.32421875
08:00:03,91282CKQ3,TSRYS5802845,D,S,T,2024-07-22,1000000.00,4.207722,101.328125
08:00:03,91282CKQ3,TSRYS5802845,D,S,T,2024-07-22,1000000.00,4.211612,101.296875
08:00:03,91282CKQ3,TSRYS5802845,D,S,T,2024-07-22,2000000.00,4.209181,101.31640625
08:00:03,91282CKQ3,TSRYS5802845,D,S,T,2024-07-22,2000000.00,4.206507,101.337890625
08:00:04,91282CKQ3,TSRYS5802845,D,S,T,2024-07-22,2000000.00,4.206264,101.33984375
08:00:04,91282CKQ3,TSRYS5802845,D,S,D,2024-07-22,2000000.00,4.206264,101.33984375
08:00:04,91282CKQ3,TSRYS5802845,D,S,D,2024-07-22,2000000.00,4.206264,101.33984375
08:00:04,91282CKQ3,TSRYS5802845,D,S,D,2024-07-22,2000000.00,4.206021,101.341796875
08:00:04,91282CKQ3,TSRYS5802845,D,S,D,2024-07-22,2000000.00,4.208209,101.32421875
08:00:04,91282CKQ3,TSRYS5802845,D,S,D,2024-07-22,2000000.00,4.208209,101.32421875
08:00:04,91282CKQ3,TSRYS5802845,D,S,D,2024-07-22,1700000.00,4.208452,101.322265625
08:00:04,91282CKQ3,TSRYS5802845,D,S,T,2024-07-22,2000000.00,4.209667,101.3125
08:00:04,91282CKQ3,TSRYS5802845,D,S,T,2024-07-22,2000000.00,4.215503,101.265625
08:00:04,91282CKQ3,TSRYS5802845,D,S,D,2024-07-22,1000000.00,4.212828,101.287109375
08:00:04,91282CKQ3,TSRYS5802845,D,S,T,2024-07-22,1000000.00,4.212828,101.287109375
08:00:04,91282CKQ3,TSRYS5802845,D,S,D,2024-07-22,1000000.00,4.212828,101.287109375
08:00:04,91282CKQ3,TSRYS5802845,D,S,T,2024-07-22,1000000.00,4.213071,101.28515625
08:00:04,91282CKQ3,TSRYS5802845,D,S,D,2024-07-22,1000000.00,4.212828,101.287109375
08:00:04,91282CKQ3,TSRYS5802845,D,S,T,2024-07-22,2000000.00,4.211612,101.296875
08:00:04,91282CKQ3,TSRYS5802845,D,S,T,2024-07-22,1000000.00,4.211612,101.296875
08:00:04,91282CKQ3,TSRYS5802845,D,S,D,2024-07-22,2000000.00,4.211612,101.296875
08:00:04,91282CKQ3,TSRYS5802845,D,S,T,2024-07-22,2000000.00,4.211612,101.296875
08:00:04,91282CKQ3,TSRYS5802845,D,S,T,2024-07-22,2000000.00,4.211612,101.296875
08:00:04,91282CKQ3,TSRYS5802845,D,S,T,2024-07-22,2000000.00,4.211612,101.296875
08:00:04,91282CKQ3,TSRYS5802845,D,S,T,2024-07-22,1000000.00,4.211612,101.296875
08:00:04,91282CKQ3,TSRYS5802845,D,S,D,2024-07-22,2000000.00,4.211855,101.294921875
08:00:04,91282CKQ3,TSRYS5802845,D,S,D,2024-07-22,3000000.00,4.211855,101.294921875
08:00:04,91282CKQ3,TSRYS5802845,D,S,D,2024-07-22,1000000.00,4.216233,101.259765625
08:00:04,91282CKQ3,TSRYS5802845,D,S,D,2024-07-22,1000000.00,4.217206,101.251953125
08:00:04,91282CKQ3,TSRYS5802845,D,S,T,2024-07-22,1000000.00,4.217449,101.25
08:00:04,91282CKQ3,TSRYS5802845,D,S,D,2024-07-22,1000000.00,4.218909,101.23828125
08:00:04,91282CKQ3,TSRYS5802845,D,S,D,2024-07-22,1000000.00,4.218909,101.23828125
08:00:04,91282CKQ3,TSRYS5802845,D,S,D,2024-07-22,1000000.00,4.224263,101.1953125
08:00:04,91282CKQ3,TSRYS5802845,D,S,D,2024-07-22,1000000.00,4.224263,101.1953125
08:00:04,91282CKQ3,TSRYS5802845,D,S,T,2024-07-22,1000000.00,4.224263,101.1953125
08:00:04,91282CKQ3,TSRYS5802845,D,S,D,2024-07-22,1000000.00,4.227428,101.169921875
08:00:04,91282CKQ3,TSRYS5802845,D,S,D,2024-07-22,1000000.00,4.226941,101.173828125
08:00:04,91282CKQ3,TSRYS5802845,D,S,D,2024-07-22,1000000.00,4.226941,101.173828125
08:00:04,91282CKQ3,TSRYS5802845,D,S,D,2024-07-22,1000000.00,4.226941,101.173828125
08:00:04,91282CKQ3,TSRYS5802845,D,S,D,2024-07-22,1000000.00,4.226941,101.173828125
08:00:04,91282CKQ3,TSRYS5802845,D,S,D,2024-07-22,1000000.00,4.226941,101.173828125
08:00:04,91282CKQ3,TSRYS5802845,D,S,D,2024-07-22,2000000.00,4.22548,101.185546875
08:00:04,91282CKQ3,TSRYS5802845,D,S,D,2024-07-22,4000000.00,4.22548,101.185546875
08:00:04,91282CKQ3,TSRYS5802845,D,S,D,2024-07-22,1000000.00,4.229863,101.150390625
08:00:04,91282CKQ3,TSRYS5802845,D,S,D,2024-07-22,2000000.00,4.229863,101.150390625
08:00:04,91282CKQ3,TSRYS5802845,D,S,D,2024-07-22,1000000.00,4.229863,101.150390625
08:00:04,91282CKQ3,TSRYS5802845,D,S,D,2024-07-22,1000000.00,4.229863,101.150390625
08:00:04,91282CKQ3,TSRYS5802845,D,S,T,2024-07-22,2000000.00,4.233274,101.123046875
08:00:04,91282CKQ3,TSRYS5802845,D,S,T,2024-07-22,3000000.00,4.23303,101.125
08:00:04,91282CKQ3,TSRYS5802845,D,S,T,2024-07-22,2000000.00,4.234979,101.109375
08:00:04,91282CKQ3,TSRYS5802845,D,S,C,2024-07-22,2000000.00,4.236198,101.099609375
08:00:04,91282CKQ3,TSRYS5802845,D,S,C,2024-07-22,2000000.00,4.236198,101.099609375
08:00:04,91282CKQ3,TSRYS5802845,D,S,C,2024-07-22,2000000.00,4.236198,101.099609375
08:00:04,91282CKQ3,TSRYS5802845,D,S,C,2024-07-22,1000000.00,4.235954,101.1015625
08:00:04,91282CKQ3,TSRYS5802845,D,S,C,2024-07-22,1000000.00,4.236198,101.099609375
08:00:04,91282CKQ3,TSRYS5802845,D,S,D,2024-07-22,1000000.00,4.236198,101.099609375
08:00:04,91282CKQ3,TSRYS5802845,D,S,C,2024-07-22,1000000.00,4.236685,101.095703125
08:00:04,91282CKQ3,TSRYS5802845,D,S,C,2024-07-22,1000000.00,4.236198,101.099609375
08:00:04,91282CKQ3,TSRYS5802845,D,S,T,2024-07-22,1000000.00,4.234736,101.111328125
08:00:04,91282CKQ3,TSRYS5802845,D,S,C,2024-07-22,1000000.00,4.234736,101.111328125
08:00:04,91282CKQ3,TSRYS5802845,D,S,T,2024-07-22,1000000.00,4.229133,101.15625
08:00:04,91282CKQ3,TSRYS5802845,D,S,C,2024-07-22,1000000.00,4.228889,101.158203125
08:00:04,91282CKQ3,TSRYS5802845,D,S,C,2024-07-22,1000000.00,4.228889,101.158203125
08:00:04,91282CKQ3,TSRYS5802845,D,S,D,2024-07-22,1000000.00,4.22962,101.15234375
08:00:04,91282CKQ3,TSRYS5802845,D,S,D,2024-07-22,1000000.00,4.229863,101.150390625
08:00:04,91282CKQ3,TSRYS5802845,D,S,C,2024-07-22,2000000.00,4.229133,101.15625
08:00:04,91282CKQ3,TSRYS5802845,D,S,C,2024-07-22,1000000.00,4.22962,101.15234375
08:00:04,91282CKQ3,TSRYS5802845,D,S,T,2024-07-22,2000000.00,4.220855,101.22265625
08:00:04,91282CKQ3,TSRYS5802845,D,S,T,2024-07-22,1000000.00,4.221342,101.21875
08:00:04,91282CKQ3,TSRYS5802845,D,S,D,2024-07-22,1000000.00,4.22548,101.185546875
08:00:04,91282CKQ3,TSRYS5802845,D,S,D,2024-07-22,1000000.00,4.22548,101.185546875
08:00:04,91282CKQ3,TSRYS5802845,D,S,D,2024-07-22,1000000.00,4.223776,101.19921875
08:00:04,91282CKQ3,TSRYS5802845,D,S,D,2024-07-22,1000000.00,4.223776,101.19921875
08:00:05,91282CKQ3,TSRYS5802845,D,S,T,2024-07-22,1000000.00,4.215503,101.265625
08:00:05,91282CKQ3,TSRYS5802845,D,S,T,2024-07-22,2000000.00,4.217449,101.25
08:00:05,91282CKQ3,TSRYS5802845,D,S,T,2024-07-22,2000000.00,4.209667,101.3125
08:00:05,91282CKQ3,TSRYS5802845,D,S,T,2024-07-22,1000000.00,4.209667,101.3125
08:00:05,91282CKQ3,TSRYS5802845,D,S,T,2024-07-22,2000000.00,4.207722,101.328125
08:00:05,91282CKQ3,TSRYS5802845,D,S,T,2024-07-22,1000000.00,4.205778,101.34375
08:00:05,91282CKQ3,TSRYS5802845,D,S,T,2024-07-22,1000000.00,4.205778,101.34375
08:00:05,91282CKQ3,TSRYS5802845,D,S,T,2024-07-22,1000000.00,4.217449,101.25
08:00:05,91282CKQ3,TSRYS5802845,D,S,T,2024-07-22,1000000.00,4.221342,101.21875
08:00:05,91282CKQ3,TSRYS5802845,D,S,T,2024-07-22,1000000.00,4.23303,101.125
08:00:05,91282CKQ3,TSRYS5802845,D,S,T,2024-07-22,1000000.00,4.23303,101.125
08:00:05,91282CKQ3,TSRYS5802845,D,S,T,2024-07-22,1000000.00,4.23303,101.125
08:00:05,91282CKQ3,TSRYS5802845,D,S,T,2024-07-22,1000000.00,4.223289,101.203125
08:00:05,91282CKQ3,TSRYS5802845,D,S,T,2024-07-22,1000000.00,4.223289,101.203125
08:00:05,91282CKQ3,TSRYS5802845,D,S,T,2024-07-22,1000000.00,4.217449,101.25
08:00:08,91282CKQ3,TSRYS5802845,D,S,D,2024-07-22,1000000.00,4.226735,101.17578125
08:00:08,91282CKQ3,TSRYS5802845,D,S,D,2024-07-22,5000000.00,4.226248,101.1796875
08:00:08,91282CKQ3,TSRYS5802845,D,S,D,2024-07-22,5000000.00,4.213071,101.28515625
08:00:08,91282CKQ3,TSRYS5802845,D,S,D,2024-07-22,2000000.00,4.212585,101.2890625
08:00:08,91282CKQ3,TSRYS5802845,D,S,D,2024-07-22,1000000.00,4.217731,101.248046875
08:00:08,91282CKQ3,TSRYS5802845,D,S,D,2024-07-22,1000000.00,4.216758,101.255859375
08:00:08,91282CKQ3,TSRYS5802845,D,S,D,2024-07-22,17000000.00,4.207236,101.33203125
08:00:08,91282CKQ3,TSRYS5802845,D,S,D,2024-07-22,1000000.00,4.217731,101.248046875
08:00:08,91282CKQ3,TSRYS5802845,D,S,D,2024-07-22,1000000.00,4.208209,101.32421875
08:00:08,91282CKQ3,TSRYS5802845,D,S,D,2024-07-22,10000000.00,4.207722,101.328125
08:00:08,91282CKQ3,TSRYS5802845,D,S,D,2024-07-22,1000000.00,4.217731,101.248046875
08:00:08,91282CKQ3,TSRYS5802845,D,S,D,2024-07-22,12000000.00,4.215503,101.265625
08:00:08,91282CKQ3,TSRYS5802845,D,S,D,2024-07-22,6000000.00,4.215989,101.26171875
08:00:08,91282CKQ3,TSRYS5802845,D,S,D,2024-07-22,1000000.00,4.217731,101.248046875
08:00:08,91282CKQ3,TSRYS5802845,D,S,D,2024-07-22,1000000.00,4.217731,101.248046875
08:00:09,91282CKQ3,TSRYS5802845,D,S,D,2024-07-22,1000000.00,4.217936,101.24609375
08:00:09,91282CKQ3,TSRYS5802845,D,S,D,2024-07-22,1000000.00,4.217936,101.24609375
08:00:09,91282CKQ3,TSRYS5802845,D,S,D,2024-07-22,1000000.00,4.216962,101.25390625
08:00:09,91282CKQ3,TSRYS5802845,D,S,D,2024-07-22,1000000.00,4.217692,101.248046875
08:00:10,91282CKQ3,TSRYS5802845,D,S,D,2024-07-22,310000.00,4.219395,101.234375
08:00:10,91282CKQ3,TSRYS5802845,D,S,D,2024-07-22,410000.00,4.219395,101.234375
08:00:10,91282CKQ3,TSRYS5802845,D,S,D,2024-07-22,120000.00,4.219395,101.234375
08:00:11,91282CKQ3,TSRYS5802845,D,S,D,2024-07-22,4500000.00,4.218422,101.2421875
08:00:11,91282CKQ3,TSRYS5802845,D,B,C,2024-07-22,4500000.00,4.218422,101.2421875
08:00:11,91282CKQ3,TSRYS5802845,D,S,T,2024-07-22,1000000.00,4.215503,101.265625
08:00:11,91282CKQ3,TSRYS5802845,D,S,D,2024-07-22,1000000.00,4.219152,101.236328125
08:00:11,91282CKQ3,TSRYS5802845,D,S,D,2024-07-22,1000000.00,4.218665,101.240234375
08:00:11,91282CKQ3,TSRYS5802845,D,S,T,2024-07-22,1000000.00,4.216476,101.2578125
08:00:11,91282CKQ3,TSRYS5802845,D,S,T,2024-07-22,1000000.00,4.217449,101.25
08:00:11,91282CKQ3,TSRYS5802845,D,S,D,2024-07-22,1000000.00,4.221586,101.216796875
08:00:11,91282CKQ3,TSRYS5802845,D,S,T,2024-07-22,1000000.00,4.226941,101.173828125
08:00:11,91282CKQ3,TSRYS5802845,D,S,T,2024-07-22,1000000.00,4.226941,101.173828125
08:00:11,91282CKQ3,TSRYS5802845,D,S,D,2024-07-22,1000000.00,4.228402,101.162109375
08:00:11,91282CKQ3,TSRYS5802845,D,S,D,2024-07-22,1000000.00,4.228402,101.162109375
08:00:11,91282CKQ3,TSRYS5802845,D,S,T,2024-07-22,1000000.00,4.228402,101.162109375
08:00:11,91282CKQ3,TSRYS5802845,D,S,T,2024-07-22,1000000.00,4.224993,101.189453125
08:00:11,91282CKQ3,TSRYS5802845,D,S,T,2024-07-22,1000000.00,4.221829,101.21484375
08:00:11,91282CKQ3,TSRYS5802845,D,S,T,2024-07-22,1000000.00,4.221829,101.21484375
08:00:11,91282CKQ3,TSRYS5802845,D,S,T,2024-07-22,1000000.00,4.221829,101.21484375
08:00:11,91282CKQ3,TSRYS5802845,D,S,D,2024-07-22,1000000.00,4.221099,101.220703125
08:00:11,91282CKQ3,TSRYS5802845,D,S,D,2024-07-22,1000000.00,4.221099,101.220703125
08:00:11,91282CKQ3,TSRYS5802845,D,S,D,2024-07-22,1000000.00,4.221099,101.220703125
08:00:11,91282CKQ3,TSRYS5802845,D,S,D,2024-07-22,1000000.00,4.221099,101.220703125
08:00:11,91282CKQ3,TSRYS5802845,D,S,D,2024-07-22,1000000.00,4.221099,101.220703125
08:00:11,91282CKQ3,TSRYS5802845,D,S,D,2024-07-22,1000000.00,4.221099,101.220703125
08:00:11,91282CKQ3,TSRYS5802845,D,S,T,2024-07-22,1000000.00,4.221829,101.21484375
08:00:11,91282CKQ3,TSRYS5802845,D,S,D,2024-07-22,1000000.00,4.221099,101.220703125
08:00:11,91282CKQ3,TSRYS5802845,D,S,T,2024-07-22,1000000.00,4.220125,101.228515625
08:00:11,91282CKQ3,TSRYS5802845,D,S,D,2024-07-22,1000000.00,4.218665,101.240234375
08:00:11,91282CKQ3,TSRYS5802845,D,S,D,2024-07-22,1000000.00,4.218909,101.23828125
08:00:11,91282CKQ3,TSRYS5802845,D,S,D,2024-07-22,1000000.00,4.215989,101.26171875
08:00:11,91282CKQ3,TSRYS5802845,D,S,D,2024-07-22,1000000.00,4.215503,101.265625
08:00:11,91282CKQ3,TSRYS5802845,D,S,D,2024-07-22,1000000.00,4.215746,101.263671875
08:00:11,91282CKQ3,TSRYS5802845,D,S,D,2024-07-22,1000000.00,4.215746,101.263671875
08:00:11,91282CKQ3,TSRYS5802845,D,S,D,2024-07-22,1000000.00,4.215503,101.265625
08:00:11,91282CKQ3,TSRYS5802845,D,S,T,2024-07-22,1000000.00,4.215989,101.26171875
08:00:11,91282CKQ3,TSRYS5802845,D,S,T,2024-07-22,1000000.00,4.215746,101.263671875
08:00:11,91282CKQ3,TSRYS5802845,D,S,T,2024-07-22,1000000.00,4.215989,101.26171875
08:00:11,91282CKQ3,TSRYS5802845,D,S,T,2024-07-22,1000000.00,4.215746,101.263671875
08:00:11,91282CKQ3,TSRYS5802845,D,S,T,2024-07-22,1000000.00,4.215746,101.263671875
08:00:11,91282CKQ3,TSRYS5802845,D,S,T,2024-07-22,1000000.00,4.215746,101.263671875
08:00:11,91282CKQ3,TSRYS5802845,D,S,D,2024-07-22,1000000.00,4.219639,101.232421875
08:00:11,91282CKQ3,TSRYS5802845,D,S,D,2024-07-22,1000000.00,4.219395,101.234375
08:00:11,91282CKQ3,TSRYS5802845,D,S,D,2024-07-22,1000000.00,4.217692,101.248046875
08:00:12,91282CKQ3,TSRYS5802845,D,S,T,2024-07-22,1000000.00,4.20432,101.35546875
08:00:12,91282CKQ3,TSRYS5802845,D,S,T,2024-07-22,1000000.00,4.204077,101.357421875
08:00:12,91282CKQ3,TSRYS5802845,D,S,T,2024-07-22,1000000.00,4.20675,101.3359375
08:00:12,91282CKQ3,TSRYS5802845,D,S,T,2024-07-22,1000000.00,4.210153,101.30859375
08:00:12,91282CKQ3,TSRYS5802845,D,S,T,2024-07-22,1000000.00,4.215503,101.265625
08:00:12,91282CKQ3,TSRYS5802845,D,S,T,2024-07-22,1000000.00,4.210639,101.3046875
08:00:12,91282CKQ3,TSRYS5802845,D,S,T,2024-07-22,1000000.00,4.211612,101.296875
08:00:12,91282CKQ3,TSRYS5802845,D,S,D,2024-07-22,1000000.00,4.217449,101.25
08:00:12,91282CKQ3,TSRYS5802845,D,S,D,2024-07-22,2000000.00,4.217449,101.25
08:00:12,91282CKQ3,TSRYS5802845,D,S,D,2024-07-22,1000000.00,4.218665,101.240234375
08:00:12,91282CKQ3,TSRYS5802845,D,S,T,2024-07-22,1000000.00,4.217449,101.25
08:00:12,91282CKQ3,TSRYS5802845,D,S,T,2024-07-22,2000000.00,4.215503,101.265625
08:00:12,91282CKQ3,TSRYS5802845,D,S,T,2024-07-22,1000000.00,4.215989,101.26171875
08:00:12,91282CKQ3,TSRYS5802845,D,S,T,2024-07-22,1000000.00,4.215746,101.263671875
08:00:12,91282CKQ3,TSRYS5802845,D,S,D,2024-07-22,1000000.00,4.218909,101.23828125
08:00:12,91282CKQ3,TSRYS5802845,D,S,T,2024-07-22,1000000.00,4.217449,101.25
08:00:12,91282CKQ3,TSRYS5802845,D,S,D,2024-07-22,1000000.00,4.218909,101.23828125
08:00:12,91282CKQ3,TSRYS5802845,D,S,D,2024-07-22,1000000.00,4.223046,101.205078125
08:00:12,91282CKQ3,TSRYS5802845,D,S,D,2024-07-22,1000000.00,4.224263,101.1953125
08:00:12,91282CKQ3,TSRYS5802845,D,S,D,2024-07-22,1000000.00,4.227915,101.166015625
08:00:12,91282CKQ3,TSRYS5802845,D,S,T,2024-07-22,2000000.00,4.227185,101.171875
08:00:12,91282CKQ3,TSRYS5802845,D,S,T,2024-07-22,2000000.00,4.231081,101.140625
08:00:12,91282CKQ3,TSRYS5802845,D,S,T,2024-07-22,1000000.00,4.232299,101.130859375
08:00:12,91282CKQ3,TSRYS5802845,D,S,T,2024-07-22,1000000.00,4.23303,101.125
08:00:12,91282CKQ3,TSRYS5802845,D,S,D,2024-07-22,1000000.00,4.234492,101.11328125
08:00:12,91282CKQ3,TSRYS5802845,D,S,T,2024-07-22,1000000.00,4.233517,101.12109375
08:00:12,91282CKQ3,TSRYS5802845,D,S,D,2024-07-22,1000000.00,4.236685,101.095703125
08:00:12,91282CKQ3,TSRYS5802845,D,S,D,2024-07-22,1000000.00,4.234248,101.115234375
08:00:12,91282CKQ3,TSRYS5802845,D,S,D,2024-07-22,1000000.00,4.234248,101.115234375
08:00:12,91282CKQ3,TSRYS5802845,D,S,D,2024-07-22,2000000.00,4.217449,101.25
08:00:12,91282CKQ3,TSRYS5802845,D,S,D,2024-07-22,2000000.00,4.217206,101.251953125
08:00:12,91282CKQ3,TSRYS5802845,D,S,T,2024-07-22,2000000.00,4.23303,101.125
08:00:12,91282CKQ3,TSRYS5802845,D,S,D,2024-07-22,1000000.00,4.217449,101.25
08:00:12,91282CKQ3,TSRYS5802845,D,S,D,2024-07-22,1000000.00,4.217449,101.25
08:00:12,91282CKQ3,TSRYS5802845,D,S,D,2024-07-22,1000000.00,4.217692,101.248046875
08:00:12,91282CKQ3,TSRYS5802845,D,S,D,2024-07-22,1000000.00,4.228402,101.162109375
08:00:12,91282CKQ3,TSRYS5802845,D,S,D,2024-07-22,1000000.00,4.228402,101.162109375
08:00:12,91282CKQ3,TSRYS5802845,D,S,D,2024-07-22,1000000.00,4.228402,101.162109375
08:00:12,91282CKQ3,TSRYS5802845,D,S,D,2024-07-22,1000000.00,4.217449,101.25
08:00:12,91282CKQ3,TSRYS5802845,D,S,D,2024-07-22,1000000.00,4.217692,101.248046875
08:00:12,91282CKQ3,TSRYS5802845,D,S,T,2024-07-22,1000000.00,4.223289,101.203125
08:00:12,91282CKQ3,TSRYS5802845,D,S,D,2024-07-22,2000000.00,4.216476,101.2578125
08:00:12,91282CKQ3,TSRYS5802845,D,S,T,2024-07-22,2000000.00,4.221342,101.21875
08:00:12,91282CKQ3,TSRYS5802845,D,S,D,2024-07-22,1000000.00,4.22402,101.197265625
08:00:12,91282CKQ3,TSRYS5802845,D,S,D,2024-07-22,1000000.00,4.224263,101.1953125
08:00:13,91282CKQ3,TSRYS5802845,D,B,A,2024-07-22,800000.00,4.227185,101.171875
08:00:13,91282CKQ3,TSRYS5802845,D,S,A,2024-07-22,5040000.00,4.225163,101.1875
08:00:13,91282CKQ3,TSRYS5802845,D,S,D,2024-07-22,2000000.00,4.219395,101.234375
08:00:13,91282CKQ3,TSRYS5802845,D,S,D,2024-07-22,2000000.00,4.221586,101.216796875
08:00:13,91282CKQ3,TSRYS5802845,D,S,D,2024-07-22,1000000.00,4.222316,101.2109375
08:00:13,91282CKQ3,TSRYS5802845,D,S,D,2024-07-22,2000000.00,4.220125,101.228515625
08:00:13,91282CKQ3,TSRYS5802845,D,S,D,2024-07-22,1000000.00,4.222072,101.212890625
08:00:13,91282CKQ3,TSRYS5802845,D,S,D,2024-07-22,1000000.00,4.217731,101.248046875
08:00:13,91282CKQ3,TSRYS5802845,D,B,A,2024-07-22,100000.00,4.227148,101.171875
08:00:13,91282CKQ3,TSRYS5802845,D,S,D,2024-07-22,1000000.00,4.223533,101.201171875
08:00:13,91282CKQ3,TSRYS5802845,D,S,D,2024-07-22,15000000.00,4.225724,101.18359375
08:00:13,91282CKQ3,TSRYS5802845,D,S,D,2024-07-22,2000000.00,4.225967,101.181640625
08:00:13,91282CKQ3,TSRYS5802845,D,S,D,2024-07-22,1000000.00,4.227672,101.16796875
08:00:13,91282CKQ3,TSRYS5802845,D,S,D,2024-07-22,1000000.00,4.227672,101.16796875
08:00:13,91282CKQ3,TSRYS5802845,D,S,D,2024-07-22,1000000.00,4.227672,101.16796875
08:00:13,91282CKQ3,TSRYS5802845,D,S,D,2024-07-22,1000000.00,4.228159,101.1640625
08:00:13,91282CKQ3,TSRYS5802845,D,S,D,2024-07-22,2000000.00,4.229376,101.154296875
08:00:13,91282CKQ3,TSRYS5802845,D,S,D,2024-07-22,1000000.00,4.229863,101.150390625
08:00:13,91282CKQ3,TSRYS5802845,D,S,D,2024-07-22,1000000.00,4.229863,101.150390625
08:00:13,91282CKQ3,TSRYS5802845,D,S,D,2024-07-22,2000000.00,4.22962,101.15234375
08:00:14,91282CKQ3,TSRYS5802845,D,S,D,2024-07-22,1000000.00,4.227185,101.171875
08:00:14,91282CKQ3,TSRYS5802845,D,B,A,2024-07-22,3000000.00,4.219395,101.234375
08:00:14,91282CKQ3,TSRYS5802845,D,S,D,2024-07-22,3000000.00,4.227185,101.171875
08:00:14,91282CKQ3,TSRYS5802845,D,S,D,2024-07-22,2000000.00,4.227672,101.16796875
08:00:14,91282CKQ3,TSRYS5802845,D,S,D,2024-07-22,2000000.00,4.227185,101.171875
08:00:14,91282CKQ3,TSRYS5802845,D,S,D,2024-07-22,1000000.00,4.227185,101.171875
08:00:14,91282CKQ3,TSRYS5802845,D,S,D,2024-07-22,1000000.00,4.227185,101.171875
08:00:14,91282CKQ3,TSRYS5802845,D,S,D,2024-07-22,3000000.00,4.227185,101.171875
08:00:14,91282CKQ3,TSRYS5802845,D,S,D,2024-07-22,2000000.00,4.226454,101.177734375
08:00:14,91282CKQ3,TSRYS5802845,D,S,D,2024-07-22,2000000.00,4.227428,101.169921875
08:00:14,91282CKQ3,TSRYS5802845,D,S,D,2024-07-22,2000000.00,4.226698,101.17578125
08:00:14,91282CKQ3,TSRYS5802845,D,S,D,2024-07-22,1000000.00,4.227185,101.171875
08:00:15,91282CKQ3,TSRYS5802845,D,B,A,2024-07-22,2000000.00,4.210639,101.3046875
08:00:15,91282CKQ3,TSRYS5802845,D,B,A,2024-07-22,2000000.00,4.210639,101.3046875
08:00:15,91282CKQ3,TSRYS5802845,D,B,A,2024-07-22,2000000.00,4.210639,101.3046875
08:00:15,91282CKQ3,TSRYS5802845,D,S,A,2024-07-22,5000000.00,4.227672,101.16796875
08:00:16,91282CKQ3,TSRYS5802845,D,S,D,2024-07-22,1000000.00,4.227185,101.171875
08:00:16,91282CKQ3,TSRYS5802845,D,B,A,2024-07-22,2000000.00,4.210639,101.3046875
08:00:16,91282CKQ3,TSRYS5802845,D,S,D,2024-07-22,2000000.00,4.224993,101.189453125
08:00:16,91282CKQ3,TSRYS5802845,D,S,D,2024-07-22,1000000.00,4.22402,101.197265625
08:00:17,91282CKQ3,TSRYS5802845,D,B,A,2024-07-22,2000000.00,4.210639,101.3046875
08:00:17,91282CKQ3,TSRYS5802845,D,B,A,2024-07-22,2000000.00,4.210639,101.3046875
08:00:17,91282CKQ3,TSRYS5802845,D,B,A,2024-07-22,2000000.00,4.210639,101.3046875
08:00:17,91282CKQ3,TSRYS5802845,D,S,D,2024-07-22,2000000.00,4.219395,101.234375
08:00:17,91282CKQ3,TSRYS5802845,D,S,D,2024-07-22,1000000.00,4.211612,101.296875
08:00:18,91282CKQ3,TSRYS5802845,D,S,D,2024-07-22,2000000.00,4.211612,101.296875
08:00:18,91282CKQ3,TSRYS5802845,D,S,D,2024-07-22,1000000.00,4.211612,101.296875
08:00:18,91282CKQ3,TSRYS5802845,D,S,D,2024-07-22,1000000.00,4.211612,101.296875
08:00:18,91282CKQ3,TSRYS5802845,D,S,D,2024-07-22,1000000.00,4.223046,101.205078125
08:00:18,91282CKQ3,TSRYS5802845,D,S,D,2024-07-22,1000000.00,4.211612,101.296875
08:00:18,91282CKQ3,TSRYS5802845,D,S,D,2024-07-22,2000000.00,4.223046,101.205078125
08:00:18,91282CKQ3,TSRYS5802845,D,S,D,2024-07-22,1000000.00,4.223289,101.203125
08:00:18,91282CKQ3,TSRYS5802845,D,S,D,2024-07-22,2000000.00,4.221342,101.21875
08:00:18,91282CKQ3,TSRYS5802845,D,S,D,2024-07-22,1000000.00,4.221342,101.21875
08:00:18,91282CKQ3,TSRYS5802845,D,S,D,2024-07-22,1000000.00,4.20675,101.3359375
08:00:19,91282CKQ3,TSRYS5802845,D,S,D,2024-07-22,1000000.00,4.221099,101.220703125
08:00:19,91282CKQ3,TSRYS5802845,D,S,D,2024-07-22,1000000.00,4.221099,101.220703125
08:00:19,91282CKQ3,TSRYS5802845,D,S,D,2024-07-22,1000000.00,4.221099,101.220703125
08:00:19,91282CKQ3,TSRYS5802845,D,S,D,2024-07-22,1000000.00,4.221099,101.220703125
08:00:19,91282CKQ3,TSRYS5802845,D,S,D,2024-07-22,1000000.00,4.221099,101.220703125
08:00:19,91282CKQ3,TSRYS5802845,D,S,D,2024-07-22,1000000.00,4.221099,101.220703125
08:00:19,91282CKQ3,TSRYS5802845,D,S,D,2024-07-22,1000000.00,4.221099,101.220703125
08:00:19,91282CKQ3,TSRYS5802845,D,S,D,2024-07-22,1000000.00,4.221099,101.220703125
08:00:19,91282CKQ3,TSRYS5802845,D,S,D,2024-07-22,1000000.00,4.221099,101.220703125
08:00:19,91282CKQ3,TSRYS5802845,D,S,D,2024-07-22,1000000.00,4.221099,101.220703125
08:00:19,91282CKQ3,TSRYS5802845,D,S,D,2024-07-22,1000000.00,4.221099,101.220703125
08:00:19,91282CKQ3,TSRYS5802845,D,S,D,2024-07-22,1000000.00,4.221099,101.220703125
08:00:19,91282CKQ3,TSRYS5802845,D,S,D,2024-07-22,1000000.00,4.221099,101.220703125
08:00:19,91282CKQ3,TSRYS5802845,D,S,D,2024-07-22,1000000.00,4.221099,101.220703125
08:00:19,91282CKQ3,TSRYS5802845,D,S,D,2024-07-22,1000000.00,4.221099,101.220703125
08:00:19,91282CKQ3,TSRYS5802845,D,S,D,2024-07-22,1000000.00,4.221099,101.220703125
08:00:19,91282CKQ3,TSRYS5802845,D,S,D,2024-07-22,1000000.00,4.221099,101.220703125
08:00:19,91282CKQ3,TSRYS5802845,D,S,D,2024-07-22,1000000.00,4.221099,101.220703125
08:00:19,91282CKQ3,TSRYS5802845,D,S,D,2024-07-22,1000000.00,4.221099,101.220703125
08:00:19,91282CKQ3,TSRYS5802845,D,S,D,2024-07-22,1000000.00,4.221099,101.220703125
08:00:19,91282CKQ3,TSRYS5802845,D,S,D,2024-07-22,1000000.00,4.221099,101.220703125
08:00:19,91282CKQ3,TSRYS5802845,D,B,A,2024-07-22,2000000.00,4.210639,101.3046875
08:00:20,91282CKQ3,TSRYS5802845,D,B,A,2024-07-22,2000000.00,4.210639,101.3046875
08:00:20,91282CKQ3,TSRYS5802845,D,S,D,2024-07-22,1000000.00,4.223776,101.19921875
08:00:20,91282CKQ3,TSRYS5802845,D,S,D,2024-07-22,1000000.00,4.22475,101.19140625
08:00:20,91282CKQ3,TSRYS5802845,D,S,D,2024-07-22,1000000.00,4.22475,101.19140625
08:00:20,91282CKQ3,TSRYS5802845,D,S,D,2024-07-22,1000000.00,4.225967,101.181640625
08:00:20,91282CKQ3,TSRYS5802845,D,S,D,2024-07-22,1000000.00,4.225967,101.181640625
08:00:21,91282CKQ3,TSRYS5802845,D,B,A,2024-07-22,1000000.00,4.212585,101.2890625
08:00:21,91282CKQ3,TSRYS5802845,D,S,D,2024-07-22,1000000.00,4.225724,101.18359375
08:00:21,91282CKQ3,TSRYS5802845,D,S,D,2024-07-22,2000000.00,4.225967,101.181640625
08:00:21,91282CKQ3,TSRYS5802845,D,S,D,2024-07-22,2000000.00,4.227185,101.171875
08:00:21,91282CKQ3,TSRYS5802845,D,S,D,2024-07-22,1000000.00,4.227185,101.171875
08:00:21,91282CKQ3,TSRYS5802845,D,S,D,2024-07-22,1000000.00,4.225237,101.1875
08:00:22,91282CKQ3,TSRYS5802845,D,B,A,2024-07-22,1000000.00,4.212585,101.2890625
08:00:22,91282CKQ3,TSRYS5802845,D,S,A,2024-07-22,150MM+,4.2215,101.21748316
08:00:22,91282CKQ3,TSRYS5802845,D,S,D,2024-07-22,1000000.00,4.223776,101.19921875
08:00:22,91282CKQ3,TSRYS5802845,D,S,D,2024-07-22,1000000.00,4.224993,101.189453125
08:00:22,91282CKQ3,TSRYS5802845,D,S,D,2024-07-22,1000000.00,4.224993,101.189453125
08:00:22,91282CKQ3,TSRYS5802845,D,S,D,2024-07-22,2000000.00,4.219395,101.234375
08:00:22,91282CKQ3,TSRYS5802845,D,S,D,2024-07-22,2000000.00,4.219152,101.236328125
08:00:22,91282CKQ3,TSRYS5802845,D,S,D,2024-07-22,2000000.00,4.216476,101.2578125
08:00:22,91282CKQ3,TSRYS5802845,D,S,D,2024-07-22,2000000.00,4.218909,101.23828125
08:00:23,91282CKQ3,TSRYS5802845,D,B,C,2024-07-22,4000000.00,4.205803,101.34355
08:00:23,91282CKQ3,TSRYS5802845,D,S,T,2024-07-22,2000000.00,4.213557,101.28125
08:00:23,91282CKQ3,TSRYS5802845,D,S,A,2024-07-22,10000000.00,4.215503,101.265625
08:00:23,91282CKQ3,TSRYS5802845,D,S,A,2024-07-22,480000.00,4.216476,101.2578125
08:00:23,91282CKQ3,TSRYS5802845,D,S,A,2024-07-22,180000.00,4.21453,101.2734375
08:00:23,91282CKQ3,TSRYS5802845,D,S,D,2024-07-22,1000000.00,4.216719,101.255859375
08:00:23,91282CKQ3,TSRYS5802845,D,S,D,2024-07-22,1000000.00,4.216476,101.2578125
08:00:23,91282CKQ3,TSRYS5802845,D,S,D,2024-07-22,1000000.00,4.217206,101.251953125
08:00:23,91282CKQ3,TSRYS5802845,D,S,D,2024-07-22,2000000.00,4.217206,101.251953125
08:00:23,91282CKQ3,TSRYS5802845,D,S,D,2024-07-22,1000000.00,4.217206,101.251953125
08:00:23,91282CKQ3,TSRYS5802845,D,S,D,2024-07-22,1000000.00,4.218665,101.240234375
08:00:23,91282CKQ3,TSRYS5802845,D,S,D,2024-07-22,2000000.00,4.219152,101.236328125
08:00:23,91282CKQ3,TSRYS5802845,D,S,D,2024-07-22,1000000.00,4.219152,101.236328125
08:00:23,91282CKQ3,TSRYS5802845,D,S,D,2024-07-22,2000000.00,4.220369,101.2265625
08:00:23,91282CKQ3,TSRYS5802845,D,S,D,2024-07-22,2000000.00,4.219395,101.234375
08:00:24,91282CKQ3,TSRYS5802845,D,S,D,2024-07-22,2000000.00,4.215503,101.265625
08:00:24,91282CKQ3,TSRYS5802845,D,S,D,2024-07-22,2000000.00,4.215989,101.26171875
08:00:24,91282CKQ3,TSRYS5802845,D,S,D,2024-07-22,2000000.00,4.215746,101.263671875
08:00:24,91282CKQ3,TSRYS5802845,D,S,D,2024-07-22,1000000.00,4.215503,101.265625
08:00:24,91282CKQ3,TSRYS5802845,D,S,D,2024-07-22,2000000.00,4.216233,101.259765625
08:00:24,91282CKQ3,TSRYS5802845,D,S,D,2024-07-22,2000000.00,4.213557,101.28125
08:00:24,91282CKQ3,TSRYS5802845,D,S,D,2024-07-22,1000000.00,4.213071,101.28515625
08:00:24,91282CKQ3,TSRYS5802845,D,S,D,2024-07-22,2000000.00,4.212585,101.2890625
08:00:24,91282CKQ3,TSRYS5802845,D,S,D,2024-07-22,2000000.00,4.211612,101.296875
08:00:24,91282CKQ3,TSRYS5802845,D,S,D,2024-07-22,1000000.00,4.211612,101.296875
08:00:24,91282CKQ3,TSRYS5802845,D,S,D,2024-07-22,1000000.00,4.211612,101.296875
08:00:24,91282CKQ3,TSRYS5802845,D,S,D,2024-07-22,1000000.00,4.211612,101.296875
08:00:24,91282CKQ3,TSRYS5802845,D,S,D,2024-07-22,1000000.00,4.211612,101.296875
08:00:24,91282CKQ3,TSRYS5802845,D,S,D,2024-07-22,1000000.00,4.209181,101.31640625
08:00:27,91282CKQ3,TSRYS5802845,D,S,D,2024-07-22,2000000.00,4.211126,101.30078125
08:00:27,91282CKQ3,TSRYS5802845,D,S,D,2024-07-22,2000000.00,4.211369,101.298828125
08:00:27,91282CKQ3,TSRYS5802845,D,S,D,2024-07-22,1000000.00,4.211369,101.298828125
08:00:27,91282CKQ3,TSRYS5802845,D,S,D,2024-07-22,2000000.00,4.20991,101.310546875
08:00:27,91282CKQ3,TSRYS5802845,D,S,D,2024-07-22,1000000.00,4.20991,101.310546875
08:00:27,91282CKQ3,TSRYS5802845,D,S,D,2024-07-22,2000000.00,4.210883,101.302734375
08:00:27,91282CKQ3,TSRYS5802845,D,S,D,2024-07-22,2000000.00,4.212098,101.29296875
08:00:27,91282CKQ3,TSRYS5802845,D,S,D,2024-07-22,1000000.00,4.211612,101.296875
08:00:27,91282CKQ3,TSRYS5802845,D,S,D,2024-07-22,2000000.00,4.210396,101.306640625
08:00:27,91282CKQ3,TSRYS5802845,D,S,D,2024-07-22,2000000.00,4.210639,101.3046875
08:00:27,91282CKQ3,TSRYS5802845,D,S,D,2024-07-22,1000000.00,4.209667,101.3125
08:00:27,91282CKQ3,TSRYS5802845,D,S,D,2024-07-22,4000000.00,4.208452,101.322265625
08:00:27,91282CKQ3,TSRYS5802845,D,S,D,2024-07-22,2000000.00,4.207965,101.326171875
08:00:27,91282CKQ3,TSRYS5802845,D,S,D,2024-07-22,1000000.00,4.205778,101.34375
08:00:27,91282CKQ3,TSRYS5802845,D,S,D,2024-07-22,2000000.00,4.205535,101.345703125
08:00:27,91282CKQ3,TSRYS5802845,D,S,D,2024-07-22,2000000.00,4.206507,101.337890625
08:00:27,91282CKQ3,TSRYS5802845,D,S,D,2024-07-22,2000000.00,4.206021,101.341796875
08:00:27,91282CKQ3,TSRYS5802845,D,S,D,2024-07-22,2000000.00,4.219395,101.234375
08:00:27,91282CKQ3,TSRYS5802845,D,S,D,2024-07-22,2000000.00,4.219395,101.234375
08:00:27,91282CKQ3,TSRYS5802845,D,S,D,2024-07-22,2000000.00,4.219395,101.234375
08:00:27,91282CKQ3,TSRYS5802845,D,S,D,2024-07-22,2000000.00,4.219395,101.234375
08:00:28,91282CKQ3,TSRYS5802845,D,S,A,2024-07-22,167000.00,4.215503,101.265625
08:00:28,91282CKQ3,TSRYS5802845,D,S,T,2024-07-22,1000000.00,4.219639,101.232421875
08:00:28,91282CKQ3,TSRYS5802845,D,S,T,2024-07-22,1000000.00,4.219882,101.23046875
08:00:28,91282CKQ3,TSRYS5802845,D,S,T,2024-07-22,1000000.00,4.219639,101.232421875
08:00:28,91282CKQ3,TSRYS5802845,D,B,A,2024-07-22,1400000.00,4.219395,101.234375
08:00:28,91282CKQ3,TSRYS5802845,D,S,A,2024-07-22,190000.00,4.222316,101.2109375
08:00:28,91282CKQ3,TSRYS5802845,D,S,D,2024-07-22,2000000.00,4.207722,101.328125
08:00:28,91282CKQ3,TSRYS5802845,D,S,D,2024-07-22,2000000.00,4.206264,101.33984375
08:00:28,91282CKQ3,TSRYS5802845,D,S,D,2024-07-22,2000000.00,4.206021,101.341796875
08:00:28,91282CKQ3,TSRYS5802845,D,S,D,2024-07-22,2000000.00,4.207479,101.330078125
08:00:28,91282CKQ3,TSRYS5802845,D,S,D,2024-07-22,2000000.00,4.206507,101.337890625
08:00:28,91282CKQ3,TSRYS5802845,D,S,D,2024-07-22,13000000.00,4.226454,101.177734375
08:00:28,91282CKQ3,TSRYS5802845,D,S,A,2024-07-22,1000000.00,4.225237,101.1875
08:00:28,91282CKQ3,TSRYS5802845,D,S,T,2024-07-22,1000000.00,4.229133,101.15625
08:00:28,91282CKQ3,TSRYS5802845,D,S,T,2024-07-22,1000000.00,4.227185,101.171875
08:00:28,91282CKQ3,TSRYS5802845,D,S,T,2024-07-22,1000000.00,4.211612,101.296875
08:00:28,91282CKQ3,TSRYS5802845,D,S,T,2024-07-22,1000000.00,4.211612,101.296875
08:00:28,91282CKQ3,TSRYS5802845,D,S,T,2024-07-22,1000000.00,4.211612,101.296875
08:00:28,91282CKQ3,TSRYS5802845,D,S,T,2024-07-22,1000000.00,4.207722,101.328125
08:00:28,91282CKQ3,TSRYS5802845,D,S,T,2024-07-22,3000000.00,4.207722,101.328125
08:00:28,91282CKQ3,TSRYS5802845,D,S,T,2024-07-22,1000000.00,4.209667,101.3125
08:00:28,91282CKQ3,TSRYS5802845,D,S,T,2024-07-22,1000000.00,4.209667,101.3125
08:00:28,91282CKQ3,TSRYS5802845,D,S,T,2024-07-22,1000000.00,4.209667,101.3125
08:00:28,91282CKQ3,TSRYS5802845,D,S,T,2024-07-22,1000000.00,4.209667,101.3125
08:00:28,91282CKQ3,TSRYS5802845,D,S,T,2024-07-22,1000000.00,4.23303,101.125
08:00:28,91282CKQ3,TSRYS5802845,D,S,T,2024-07-22,1000000.00,4.23303,101.125
08:00:28,91282CKQ3,TSRYS5802845,D,S,T,2024-07-22,1000000.00,4.23303,101.125
08:00:28,91282CKQ3,TSRYS5802845,D,S,T,2024-07-22,2000000.00,4.217449,101.25
08:00:28,91282CKQ3,TSRYS5802845,D,S,T,2024-07-22,2000000.00,4.219395,101.234375
08:00:28,91282CKQ3,TSRYS5802845,D,S,T,2024-07-22,3000000.00,4.221342,101.21875
08:00:28,91282CKQ3,TSRYS5802845,D,S,T,2024-07-22,1000000.00,4.221342,101.21875
08:00:28,91282CKQ3,TSRYS5802845,D,S,D,2024-07-22,4000000.00,4.232056,101.1328125
08:00:28,91282CKQ3,TSRYS5802845,D,S,D,2024-07-22,4000000.00,4.234248,101.115234375
08:00:28,91282CKQ3,TSRYS5802845,D,S,D,2024-07-22,4000000.00,4.234248,101.115234375
08:08:27,91282CKQ3,TSRYS5802845,D,S,D,2024-07-22,262000.00,4.22475,101.19140625
08:24:31,91282CKQ3,TSRYS5802845,D,S,D,2024-07-22,378000.00,4.223776,101.19921875
08:32:56,91282CKQ3,TSRYS5802845,D,S,D,2024-07-22,1000.00,4.216476,101.2578125
08:36:13,91282CKQ3,TSRYS5802845,D,S,D,2024-07-22,370000.00,4.215503,101.265625
08:41:23,91282CKQ3,TSRYS5802845,D,S,D,2024-07-22,3000.00,4.219395,101.234375
09:11:14,91282CKQ3,TSRYS5802845,D,B,A,2024-07-22,5000000.00,4.215017,101.26953125
09:11:14,91282CKQ3,TSRYS5802845,D,S,C,2024-07-22,8000000.00,4.215503,101.265625
09:11:14,91282CKQ3,TSRYS5802845,D,B,C,2024-07-22,6800000.00,4.214044,101.27734375
09:11:46,91282CKQ3,TSRYS5802845,D,S,T,2024-07-22,1000000.00,4.213586,101.281023
09:12:02,91282CKQ3,TSRYS5802845,D,S,C,2024-07-22,570000.00,4.215503,101.265625
09:12:53,91282CKQ3,TSRYS5802845,D,B,C,2024-07-22,12400000.00,4.216476,101.2578125
09:13:19,91282CKQ3,TSRYS5802845,D,S,D,2024-07-22,1050000.00,4.215989,101.26171875
09:14:43,91282CKQ3,TSRYS5802845,D,S,D,2024-07-22,500000.00,4.21453,101.2734375
09:15:13,91282CKQ3,TSRYS5802845,D,S,A,2024-07-22,5000000.00,4.215503,101.265625
09:16:12,91282CKQ3,TSRYS5802845,D,S,D,2024-07-22,410000.00,4.219395,101.234375
09:16:12,91282CKQ3,TSRYS5802845,D,S,D,2024-07-22,345000.00,4.219395,101.234375
09:16:12,91282CKQ3,TSRYS5802845,D,S,D,2024-07-22,310000.00,4.219395,101.234375
09:16:12,91282CKQ3,TSRYS5802845,D,S,D,2024-07-22,120000.00,4.219395,101.234375
09:16:12,91282CKQ3,TSRYS5802845,D,S,D,2024-07-22,315000.00,4.221342,101.21875
09:16:12,91282CKQ3,TSRYS5802845,D,S,D,2024-07-22,265000.00,4.221342,101.21875
09:16:12,91282CKQ3,TSRYS5802845,D,S,D,2024-07-22,3000000.00,4.21453,101.273437
09:16:12,91282CKQ3,TSRYS5802845,D,S,D,2024-07-22,3000000.00,4.215017,101.269531
09:16:12,91282CKQ3,TSRYS5802845,D,S,D,2024-07-22,215000.00,4.215503,101.265625
09:16:12,91282CKQ3,TSRYS5802845,D,S,D,2024-07-22,310000.00,4.213557,101.28125
09:16:12,91282CKQ3,TSRYS5802845,D,S,D,2024-07-22,205000.00,4.213557,101.28125
09:16:12,91282CKQ3,TSRYS5802845,D,S,D,2024-07-22,220000.00,4.215503,101.265625
09:16:12,91282CKQ3,TSRYS5802845,D,S,D,2024-07-22,280000.00,4.217449,101.25
09:16:12,91282CKQ3,TSRYS5802845,D,S,D,2024-07-22,150000.00,4.216476,101.257812
09:16:12,91282CKQ3,TSRYS5802845,D,B,C,2024-07-22,150000.00,4.216476,101.257812
09:16:12,91282CKQ3,TSRYS5802845,D,S,D,2024-07-22,260000.00,4.217449,101.25
09:16:12,91282CKQ3,TSRYS5802845,D,S,D,2024-07-22,225000.00,4.217449,101.25
09:16:12,91282CKQ3,TSRYS5802845,D,S,D,2024-07-22,200000.00,4.215503,101.265625
09:16:12,91282CKQ3,TSRYS5802845,D,S,D,2024-07-22,225000.00,4.215503,101.265625
09:16:12,91282CKQ3,TSRYS5802845,D,S,D,2024-07-22,165000.00,4.213557,101.28125
09:16:12,91282CKQ3,TSRYS5802845,D,S,D,2024-07-22,225000.00,4.211612,101.296875
09:16:12,91282CKQ3,TSRYS5802845,D,S,D,2024-07-22,230000.00,4.211612,101.296875
09:16:12,91282CKQ3,TSRYS5802845,D,S,D,2024-07-22,225000.00,4.211612,101.296875
09:16:36,91282CKQ3,TSRYS5802845,D,B,C,2024-07-22,20000.00,4.215017,101.26953125
09:16:43,91282CKQ3,TSRYS5802845,D,S,D,2024-07-22,5000000.00,4.215503,101.265625
09:17:37,91282CKQ3,TSRYS5802845,D,B,C,2024-07-22,5180000.00,4.22088,101.22245625
09:17:37,91282CKQ3,TSRYS5802845,D,S,T,2024-07-22,1000000.00,4.219882,101.23046875
09:17:37,91282CKQ3,TSRYS5802845,D,S,T,2024-07-22,1000000.00,4.219882,101.23046875
09:17:37,91282CKQ3,TSRYS5802845,D,S,T,2024-07-22,1000000.00,4.219882,101.23046875
09:17:37,91282CKQ3,TSRYS5802845,D,S,T,2024-07-22,1000000.00,4.219882,101.23046875
09:17:38,91282CKQ3,TSRYS5802845,D,S,T,2024-07-22,1000000.00,4.219882,101.23046875
09:18:05,91282CKQ3,TSRYS5802845,D,S,D,2024-07-22,1000000.00,4.21453,101.2734375
09:19:21,91282CKQ3,TSRYS5802845,D,S,C,2024-07-22,900000.00,4.205778,101.34375
09:19:43,91282CKQ3,TSRYS5802845,D,S,D,2024-07-22,2000000.00,4.214287,101.275390625
09:19:47,91282CKQ3,TSRYS5802845,D,S,D,2024-07-22,2000000.00,4.214044,101.27734375
09:19:52,91282CKQ3,TSRYS5802845,D,S,D,2024-07-22,1000000.00,4.214287,101.275390625
09:20:03,91282CKQ3,TSRYS5802845,D,B,C,2024-07-22,5000000.00,4.215503,101.265625
09:20:20,91282CKQ3,TSRYS5802845,D,S,D,2024-07-22,185000.00,4.215503,101.265625
09:20:26,91282CKQ3,TSRYS5802845,D,S,C,2024-07-22,701000.00,4.215503,101.265625
09:20:32,91282CKQ3,TSRYS5802845,D,B,C,2024-07-22,6500000.00,4.21453,101.2734375
09:20:39,91282CKQ3,TSRYS5802845,D,S,D,2024-07-22,5000000.00,4.215503,101.265625
09:20:40,91282CKQ3,TSRYS5802845,D,S,T,2024-07-22,2000000.00,4.215519,101.265495
09:20:43,91282CKQ3,TSRYS5802845,D,S,C,2024-07-22,556000.00,4.215503,101.265625
09:20:44,91282CKQ3,TSRYS5802845,D,B,A,2024-07-22,5000000.00,4.215503,101.265625
09:21:32,91282CKQ3,TSRYS5802845,D,S,T,2024-07-22,1000000.00,4.215519,101.265495
09:21:33,91282CKQ3,TSRYS5802845,D,S,T,2024-07-22,1000000.00,4.215519,101.265495
09:21:33,91282CKQ3,TSRYS5802845,D,S,T,2024-07-22,1000000.00,4.215519,101.265495
09:21:33,91282CKQ3,TSRYS5802845,D,S,T,2024-07-22,1000000.00,4.215519,101.265495
09:22:15,91282CKQ3,TSRYS5802845,D,S,D,2024-07-22,500000.00,4.216476,101.2578125
09:24:05,91282CKQ3,TSRYS5802845,D,S,C,2024-07-22,8400000.00,4.217936,101.24609375
09:24:17,91282CKQ3,TSRYS5802845,D,S,C,2024-07-22,5000000.00,4.220855,101.22265625
09:24:29,91282CKQ3,TSRYS5802845,D,B,C,2024-07-22,480000.00,4.221342,101.21875
09:24:40,91282CKQ3,TSRYS5802845,D,S,T,2024-07-22,1000000.00,4.221355,101.21865
09:24:42,91282CKQ3,TSRYS5802845,D,S,A,2024-07-22,7764000.00,4.220319,101.2269625
09:24:43,91282CKQ3,TSRYS5802845,D,S,T,2024-07-22,1000000.00,4.221358,101.21862
09:24:43,91282CKQ3,TSRYS5802845,D,S,T,2024-07-22,2000000.00,4.221358,101.21862
09:25:05,91282CKQ3,TSRYS5802845,D,S,D,2024-07-22,8000000.00,4.22138,101.21845
09:25:38,91282CKQ3,TSRYS5802845,D,S,D,2024-07-22,500000.00,4.222316,101.2109375
09:25:56,91282CKQ3,TSRYS5802845,D,S,D,2024-07-22,2200000.00,4.221829,101.21484375
09:25:56,91282CKQ3,TSRYS5802845,D,S,D,2024-07-22,2200000.00,4.221829,101.21484375
09:26:00,91282CKQ3,TSRYS5802845,D,S,T,2024-07-22,11200000.00,4.213918,101.27835719
09:26:00,91282CKQ3,TSRYS5802845,D,S,C,2024-07-22,25000.00,4.224213,101.1957125
09:26:00,91282CKQ3,TSRYS5802845,D,S,T,2024-07-22,5700000.00,4.221342,101.21875
09:26:00,91282CKQ3,TSRYS5802845,D,S,T,2024-07-22,5600000.00,4.213918,101.27835719
09:26:00,91282CKQ3,TSRYS5802845,D,S,T,2024-07-22,22400000.00,4.213918,101.27835719
09:26:02,91282CKQ3,TSRYS5802845,D,S,D,2024-07-22,25000.00,,101.1957125
09:26:11,91282CKQ3,TSRYS5802845,D,B,C,2024-07-22,885000.00,4.219395,101.234375
09:26:12,91282CKQ3,TSRYS5802845,D,S,T,2024-07-22,1000000.00,4.221342,101.21875
09:26:12,91282CKQ3,TSRYS5802845,D,S,T,2024-07-22,1000000.00,4.221342,101.21875
09:26:45,91282CKQ3,TSRYS5802845,D,B,C,2024-07-22,5000000.00,4.220855,101.22265625
09:26:45,91282CKQ3,TSRYS5802845,D,S,A,2024-07-22,5000000.00,4.220855,101.22265625
09:27:07,91282CKQ3,TSRYS5802845,D,S,T,2024-07-22,11200000.00,4.221342,101.21875
09:27:16,91282CKQ3,TSRYS5802845,D,S,A,2024-07-22,1000000.00,4.222072,101.212890625
09:27:17,91282CKQ3,TSRYS5802845,D,S,A,2024-07-22,1000000.00,4.222316,101.2109375
09:27:17,91282CKQ3,TSRYS5802845,D,S,A,2024-07-22,3000000.00,4.222072,101.212890625
09:27:17,91282CKQ3,TSRYS5802845,D,S,A,2024-07-22,1000000.00,4.222072,101.212890625
09:27:18,91282CKQ3,TSRYS5802845,D,S,A,2024-07-22,1000000.00,4.222072,101.212890625
09:27:18,91282CKQ3,TSRYS5802845,D,S,A,2024-07-22,1000000.00,4.222316,101.2109375
09:27:28,91282CKQ3,TSRYS5802845,D,S,D,2024-07-22,2200000.00,4.221342,101.21875
09:27:36,91282CKQ3,TSRYS5802845,D,B,C,2024-07-22,1000000.00,4.222316,101.2109375
09:27:36,91282CKQ3,TSRYS5802845,D,S,D,2024-07-22,1000000.00,4.222316,101.2109375
09:27:36,91282CKQ3,TSRYS5802845,D,B,C,2024-07-22,3000000.00,4.222072,101.212890625
09:27:36,91282CKQ3,TSRYS5802845,D,S,D,2024-07-22,3000000.00,4.222072,101.212890625
09:27:36,91282CKQ3,TSRYS5802845,D,S,D,2024-07-22,1000000.00,4.221829,101.21484375
09:27:45,91282CKQ3,TSRYS5802845,D,S,T,2024-07-22,1000000.00,4.221342,101.21875
09:27:45,91282CKQ3,TSRYS5802845,D,S,T,2024-07-22,1000000.00,4.221342,101.21875
09:27:45,91282CKQ3,TSRYS5802845,D,S,T,2024-07-22,1000000.00,4.221342,101.21875
09:27:47,91282CKQ3,TSRYS5802845,D,S,T,2024-07-22,1000000.00,4.22137,101.218523
09:27:49,91282CKQ3,TSRYS5802845,D,S,D,2024-07-22,1000000.00,4.221342,101.21875
09:27:49,91282CKQ3,TSRYS5802845,D,S,D,2024-07-22,1000000.00,4.221342,101.21875
09:27:49,91282CKQ3,TSRYS5802845,D,S,C,2024-07-22,1000000.00,4.221342,101.21875
09:28:07,91282CKQ3,TSRYS5802845,D,S,D,2024-07-22,2000000.00,4.221099,101.220703125
09:28:12,91282CKQ3,TSRYS5802845,D,S,C,2024-07-22,1000000.00,4.221342,101.21875
09:28:12,91282CKQ3,TSRYS5802845,D,B,C,2024-07-22,1000000.00,4.221342,101.21875
09:28:12,91282CKQ3,TSRYS5802845,D,S,D,2024-07-22,2000000.00,4.220855,101.22265625
09:28:17,91282CKQ3,TSRYS5802845,D,S,D,2024-07-22,1000000.00,4.221099,101.220703125
09:28:17,91282CKQ3,TSRYS5802845,D,S,D,2024-07-22,2000000.00,4.221099,101.220703125
09:28:22,91282CKQ3,TSRYS5802845,D,S,D,2024-07-22,2000000.00,4.221099,101.220703125
09:28:22,91282CKQ3,TSRYS5802845,D,S,D,2024-07-22,2000000.00,4.221099,101.220703125
09:28:42,91282CKQ3,TSRYS5802845,D,B,A,2024-07-22,5000000.00,4.222802,101.20703125
09:28:42,91282CKQ3,TSRYS5802845,D,S,T,2024-07-22,2000000.00,4.223289,101.203125
09:28:58,91282CKQ3,TSRYS5802845,D,S,D,2024-07-22,1000000.00,4.223046,101.205078125
09:28:59,91282CKQ3,TSRYS5802845,D,S,C,2024-07-22,1000000.00,4.223289,101.203125
09:28:59,91282CKQ3,TSRYS5802845,D,S,C,2024-07-22,1000000.00,4.223289,101.203125
09:28:59,91282CKQ3,TSRYS5802845,D,S,D,2024-07-22,1000000.00,4.223289,101.203125
09:28:59,91282CKQ3,TSRYS5802845,D,B,C,2024-07-22,1000000.00,4.223289,101.203125
09:28:59,91282CKQ3,TSRYS5802845,D,S,D,2024-07-22,1000000.00,4.223289,101.203125
09:29:02,91282CKQ3,TSRYS5802845,D,S,D,2024-07-22,1000000.00,4.223289,101.203125
09:29:07,91282CKQ3,TSRYS5802845,D,S,D,2024-07-22,4000000.00,4.223289,101.203125
09:29:37,91282CKQ3,TSRYS5802845,D,B,A,2024-07-22,5000000.00,4.223776,101.19921875
09:29:37,91282CKQ3,TSRYS5802845,D,S,A,2024-07-22,74300.00,4.2252,101.1875
09:29:37,91282CKQ3,TSRYS5802845,D,S,T,2024-07-22,1000000.00,4.225249,101.1874
09:29:37,91282CKQ3,TSRYS5802845,D,S,T,2024-07-22,1000000.00,4.213557,101.28125
09:29:38,91282CKQ3,TSRYS5802845,D,S,A,2024-07-22,249000.00,4.221829,101.21484375
09:29:38,91282CKQ3,TSRYS5802845,D,S,T,2024-07-22,1000000.00,4.219395,101.234375
09:29:38,91282CKQ3,TSRYS5802845,D,S,T,2024-07-22,1000000.00,4.221355,101.21865
09:29:38,91282CKQ3,TSRYS5802845,D,S,T,2024-07-22,1000000.00,4.221342,101.21875
09:29:38,91282CKQ3,TSRYS5802845,D,S,T,2024-07-22,2000000.00,4.223058,101.204978125
09:29:39,91282CKQ3,TSRYS5802845,D,S,T,2024-07-22,1000000.00,4.209679,101.3124
09:29:39,91282CKQ3,TSRYS5802845,D,S,T,2024-07-22,1000000.00,4.221342,101.21875
09:29:39,91282CKQ3,TSRYS5802845,D,S,T,2024-07-22,1000000.00,4.225249,101.1874
09:29:39,91282CKQ3,TSRYS5802845,D,S,A,2024-07-22,7200000.00,4.230071,101.1484375
09:29:39,91282CKQ3,TSRYS5802845,D,B,A,2024-07-22,5000000.00,4.208695,101.3203125
09:29:39,91282CKQ3,TSRYS5802845,D,S,T,2024-07-22,1000000.00,4.209679,101.3124
09:29:39,91282CKQ3,TSRYS5802845,D,S,T,2024-07-22,1000000.00,4.219395,101.234375
09:29:40,91282CKQ3,TSRYS5802845,D,S,A,2024-07-22,3000000.00,4.215503,101.265625
09:29:40,91282CKQ3,TSRYS5802845,D,S,T,2024-07-22,1000000.00,4.219408,101.234275
09:29:40,91282CKQ3,TSRYS5802845,D,S,T,2024-07-22,1000000.00,4.221355,101.21865
09:29:40,91282CKQ3,TSRYS5802845,D,S,T,2024-07-22,1000000.00,4.221342,101.21875
09:29:40,91282CKQ3,TSRYS5802845,D,S,T,2024-07-22,1000000.00,4.219395,101.234375
09:29:40,91282CKQ3,TSRYS5802845,D,S,T,2024-07-22,1000000.00,4.221342,101.21875
09:29:40,91282CKQ3,TSRYS5802845,D,S,T,2024-07-22,1000000.00,4.217449,101.25
09:29:40,91282CKQ3,TSRYS5802845,D,S,T,2024-07-22,2000000.00,4.217449,101.25
09:29:40,91282CKQ3,TSRYS5802845,D,S,T,2024-07-22,2000000.00,4.225237,101.1875
09:29:40,91282CKQ3,TSRYS5802845,D,S,T,2024-07-22,1000000.00,4.225237,101.1875
09:29:41,91282CKQ3,TSRYS5802845,D,S,T,2024-07-22,1000000.00,4.221342,101.21875
09:29:41,91282CKQ3,TSRYS5802845,D,S,T,2024-07-22,2000000.00,4.217449,101.25
09:29:41,91282CKQ3,TSRYS5802845,D,S,C,2024-07-22,1500000.00,4.208695,101.3203125
09:29:41,91282CKQ3,TSRYS5802845,D,S,C,2024-07-22,3818000.00,4.216962,101.25390625
09:29:41,91282CKQ3,TSRYS5802845,D,B,A,2024-07-22,3000000.00,4.22962,101.15234375
09:29:41,91282CKQ3,TSRYS5802845,D,S,T,2024-07-22,1000000.00,4.217461,101.2499
09:29:41,91282CKQ3,TSRYS5802845,D,S,T,2024-07-22,1000000.00,4.223302,101.203025
09:29:41,91282CKQ3,TSRYS5802845,D,S,T,2024-07-22,2000000.00,4.209667,101.3125
09:29:41,91282CKQ3,TSRYS5802845,D,S,T,2024-07-22,1000000.00,4.21357,101.28115
09:29:41,91282CKQ3,TSRYS5802845,D,S,T,2024-07-22,1000000.00,4.229145,101.15615
09:29:41,91282CKQ3,TSRYS5802845,D,S,T,2024-07-22,1000000.00,4.217461,101.2499
09:29:41,91282CKQ3,TSRYS5802845,D,S,T,2024-07-22,1000000.00,4.209679,101.3124
09:29:41,91282CKQ3,TSRYS5802845,D,S,T,2024-07-22,1000000.00,4.219395,101.234375
09:29:42,91282CKQ3,TSRYS5802845,D,S,T,2024-07-22,1000000.00,4.209679,101.3124
09:29:42,91282CKQ3,TSRYS5802845,D,S,T,2024-07-22,1000000.00,4.217461,101.2499
09:29:42,91282CKQ3,TSRYS5802845,D,B,A,2024-07-22,1000000.00,4.226661,101.17578125
09:29:42,91282CKQ3,TSRYS5802845,D,S,T,2024-07-22,1000000.00,4.219395,101.234375
09:29:42,91282CKQ3,TSRYS5802845,D,S,T,2024-07-22,2000000.00,4.221342,101.21875
09:29:42,91282CKQ3,TSRYS5802845,D,S,T,2024-07-22,1000000.00,4.217461,101.2499
09:29:42,91282CKQ3,TSRYS5802845,D,B,A,2024-07-22,5000000.00,4.223289,101.203125
09:29:42,91282CKQ3,TSRYS5802845,D,S,T,2024-07-22,1000000.00,4.217461,101.2499
09:29:42,91282CKQ3,TSRYS5802845,D,S,T,2024-07-22,1000000.00,4.221342,101.21875
09:29:42,91282CKQ3,TSRYS5802845,D,S,T,2024-07-22,1000000.00,4.221342,101.21875
09:29:42,91282CKQ3,TSRYS5802845,D,S,T,2024-07-22,2000000.00,4.209667,101.3125
09:29:42,91282CKQ3,TSRYS5802845,D,B,A,2024-07-22,10000000.00,4.224263,101.1953125
09:29:42,91282CKQ3,TSRYS5802845,D,S,A,2024-07-22,2850000.00,4.225724,101.18359375
09:29:42,91282CKQ3,TSRYS5802845,D,S,T,2024-07-22,1000000.00,4.225237,101.1875
09:29:42,91282CKQ3,TSRYS5802845,D,S,T,2024-07-22,1000000.00,4.225249,101.1874
09:29:43,91282CKQ3,TSRYS5802845,D,S,T,2024-07-22,2000000.00,4.221342,101.21875
09:29:43,91282CKQ3,TSRYS5802845,D,S,T,2024-07-22,1000000.00,4.209679,101.3124
09:29:43,91282CKQ3,TSRYS5802845,D,S,T,2024-07-22,1000000.00,4.221355,101.21865
09:29:43,91282CKQ3,TSRYS5802845,D,S,T,2024-07-22,1000000.00,4.217461,101.2499
09:29:43,91282CKQ3,TSRYS5802845,D,S,T,2024-07-22,2000000.00,4.217449,101.25
09:29:43,91282CKQ3,TSRYS5802845,D,S,T,2024-07-22,1000000.00,4.213557,101.28125
09:29:43,91282CKQ3,TSRYS5802845,D,S,T,2024-07-22,2000000.00,4.209679,101.3124
09:29:43,91282CKQ3,TSRYS5802845,D,S,T,2024-07-22,2000000.00,4.229133,101.15625
09:29:43,91282CKQ3,TSRYS5802845,D,S,A,2024-07-22,1138000.00,4.213557,101.28125
09:29:43,91282CKQ3,TSRYS5802845,D,S,T,2024-07-22,2000000.00,4.217449,101.25
09:29:43,91282CKQ3,TSRYS5802845,D,S,T,2024-07-22,2000000.00,4.222815,101.20693125
09:29:43,91282CKQ3,TSRYS5802845,D,S,T,2024-07-22,3000000.00,4.221342,101.21875
09:29:43,91282CKQ3,TSRYS5802845,D,S,T,2024-07-22,2000000.00,4.217449,101.25
09:29:44,91282CKQ3,TSRYS5802845,D,S,T,2024-07-22,1000000.00,4.221355,101.21865
09:29:44,91282CKQ3,TSRYS5802845,D,S,T,2024-07-22,2000000.00,4.225237,101.1875
09:29:44,91282CKQ3,TSRYS5802845,D,S,T,2024-07-22,1000000.00,4.219395,101.234375
09:29:44,91282CKQ3,TSRYS5802845,D,S,T,2024-07-22,1000000.00,4.217449,101.25
09:29:44,91282CKQ3,TSRYS5802845,D,S,T,2024-07-22,2000000.00,4.209667,101.3125
09:29:44,91282CKQ3,TSRYS5802845,D,S,T,2024-07-22,1000000.00,4.217461,101.2499
09:29:44,91282CKQ3,TSRYS5802845,D,S,T,2024-07-22,1000000.00,4.217449,101.25
09:29:44,91282CKQ3,TSRYS5802845,D,S,T,2024-07-22,1000000.00,4.217449,101.25
09:29:44,91282CKQ3,TSRYS5802845,D,S,T,2024-07-22,1000000.00,4.217461,101.2499
09:29:44,91282CKQ3,TSRYS5802845,D,S,T,2024-07-22,1000000.00,4.217449,101.25
09:29:44,91282CKQ3,TSRYS5802845,D,S,T,2024-07-22,1000000.00,4.217449,101.25
09:29:44,91282CKQ3,TSRYS5802845,D,S,D,2024-07-22,40000000.00,4.240655,101.06417
09:29:44,91282CKQ3,TSRYS5802845,D,S,T,2024-07-22,1000000.00,4.21357,101.28115
09:29:44,91282CKQ3,TSRYS5802845,D,S,T,2024-07-22,1000000.00,4.213557,101.28125
09:29:44,91282CKQ3,TSRYS5802845,D,S,T,2024-07-22,1000000.00,4.213557,101.28125
09:29:44,91282CKQ3,TSRYS5802845,D,S,T,2024-07-22,3000000.00,4.211624,101.296775
09:29:44,91282CKQ3,TSRYS5802845,D,S,T,2024-07-22,1000000.00,4.211624,101.296775
09:29:44,91282CKQ3,TSRYS5802845,D,S,T,2024-07-22,1000000.00,4.211624,101.296775
09:29:44,91282CKQ3,TSRYS5802845,D,B,C,2024-07-22,14600000.00,4.210072,101.30859375
09:29:44,91282CKQ3,TSRYS5802845,D,S,T,2024-07-22,1000000.00,4.211612,101.296875
09:29:44,91282CKQ3,TSRYS5802845,D,S,T,2024-07-22,1000000.00,4.211624,101.296775
09:29:44,91282CKQ3,TSRYS5802845,D,S,T,2024-07-22,1000000.00,4.211624,101.296775
09:29:44,91282CKQ3,TSRYS5802845,D,S,T,2024-07-22,1000000.00,4.211624,101.296775
09:29:44,91282CKQ3,TSRYS5802845,D,S,T,2024-07-22,1000000.00,4.211381,101.298728125
09:29:44,91282CKQ3,TSRYS5802845,D,S,T,2024-07-22,2000000.00,4.211381,101.298728125
09:29:44,91282CKQ3,TSRYS5802845,D,S,T,2024-07-22,1000000.00,4.211381,101.298728125
09:29:44,91282CKQ3,TSRYS5802845,D,S,T,2024-07-22,1000000.00,4.211381,101.298728125
09:29:45,91282CKQ3,TSRYS5802845,D,S,D,2024-07-22,650000.00,4.222316,101.2109375
09:30:07,91282CKQ3,TSRYS5802845,D,S,T,2024-07-22,1000000.00,4.221342,101.21875
09:30:12,91282CKQ3,TSRYS5802845,D,S,T,2024-07-22,1000000.00,4.223289,101.203125
09:30:12,91282CKQ3,TSRYS5802845,D,S,T,2024-07-22,2000000.00,4.221342,101.21875
09:30:12,91282CKQ3,TSRYS5802845,D,S,T,2024-07-22,1000000.00,4.221342,101.21875
09:30:12,91282CKQ3,TSRYS5802845,D,S,T,2024-07-22,1000000.00,4.223289,101.203125
09:30:12,91282CKQ3,TSRYS5802845,D,S,T,2024-07-22,1000000.00,4.221342,101.21875
09:30:12,91282CKQ3,TSRYS5802845,D,S,T,2024-07-22,1000000.00,4.223289,101.203125
09:30:12,91282CKQ3,TSRYS5802845,D,S,T,2024-07-22,1000000.00,4.221342,101.21875
09:30:12,91282CKQ3,TSRYS5802845,D,S,T,2024-07-22,2000000.00,4.221342,101.21875
09:30:13,91282CKQ3,TSRYS5802845,D,S,C,2024-07-22,40000.00,4.223327,101.203125
09:30:15,91282CKQ3,TSRYS5802845,D,S,D,2024-07-22,2000000.00,4.222559,101.208984375
09:30:15,91282CKQ3,TSRYS5802845,D,S,D,2024-07-22,2000000.00,4.222316,101.2109375
09:30:17,91282CKQ3,TSRYS5802845,D,S,D,2024-07-22,40000.00,,101.203125
09:30:33,91282CKQ3,TSRYS5802845,D,B,C,2024-07-22,5100000.00,4.221829,101.21484375
09:30:40,91282CKQ3,TSRYS5802845,D,B,C,2024-07-22,3650000.00,4.222316,101.2109375
09:30:42,91282CKQ3,TSRYS5802845,D,S,T,2024-07-22,75000.00,4.222316,101.2109375
09:30:42,91282CKQ3,TSRYS5802845,D,S,T,2024-07-22,720000.00,4.222316,101.2109375
09:30:42,91282CKQ3,TSRYS5802845,D,S,T,2024-07-22,2515000.00,4.222316,101.2109375
09:30:42,91282CKQ3,TSRYS5802845,D,S,T,2024-07-22,1335000.00,4.222316,101.2109375
09:30:42,91282CKQ3,TSRYS5802845,D,S,T,2024-07-22,2860000.00,4.222316,101.2109375
09:30:46,91282CKQ3,TSRYS5802845,D,S,A,2024-07-22,69400000.00,4.222316,101.2109375
09:30:47,91282CKQ3,TSRYS5802845,D,S,T,2024-07-22,56190000.00,4.222316,101.2109375
09:30:49,91282CKQ3,TSRYS5802845,D,S,T,2024-07-22,800000.00,4.222316,101.2109375
09:30:50,91282CKQ3,TSRYS5802845,D,S,T,2024-07-22,9900000.00,4.222316,101.2109375
09:30:57,91282CKQ3,TSRYS5802845,D,S,D,2024-07-22,2000000.00,4.222072,101.212890625
09:30:57,91282CKQ3,TSRYS5802845,D,S,D,2024-07-22,2000000.00,4.222072,101.212890625
09:30:57,91282CKQ3,TSRYS5802845,D,S,D,2024-07-22,2000000.00,4.222072,101.212890625
09:31:02,91282CKQ3,TSRYS5802845,D,S,D,2024-07-22,1000000.00,4.222072,101.212890625
09:31:04,91282CKQ3,TSRYS5802845,D,S,T,2024-07-22,35000.00,4.222316,101.2109375
09:31:04,91282CKQ3,TSRYS5802845,D,S,T,2024-07-22,31565000.00,4.222316,101.2109375
09:31:07,91282CKQ3,TSRYS5802845,D,S,D,2024-07-22,2000000.00,4.222072,101.212890625
09:31:08,91282CKQ3,TSRYS5802845,D,S,D,2024-07-22,2000000.00,4.222072,101.212890625
09:31:12,91282CKQ3,TSRYS5802845,D,S,T,2024-07-22,1000000.00,4.225237,101.1875
09:31:14,91282CKQ3,TSRYS5802845,D,S,T,2024-07-22,1000000.00,4.223305,101.202995
09:31:16,91282CKQ3,TSRYS5802845,D,S,T,2024-07-22,7055000.00,4.222316,101.210938
09:31:20,91282CKQ3,TSRYS5802845,D,S,D,2024-07-22,2000000.00,4.224993,101.189453125
09:31:21,91282CKQ3,TSRYS5802845,D,S,T,2024-07-22,5160000.00,4.222316,101.2109375
09:31:21,91282CKQ3,TSRYS5802845,D,S,D,2024-07-22,3000000.00,4.224993,101.189453125
09:31:22,91282CKQ3,TSRYS5802845,D,B,C,2024-07-22,44405000.00,4.222316,101.2109375
09:31:24,91282CKQ3,TSRYS5802845,D,B,C,2024-07-22,115000.00,4.222316,101.2109375
09:31:29,91282CKQ3,TSRYS5802845,D,B,C,2024-07-22,9635000.00,4.222316,101.2109375
09:31:29,91282CKQ3,TSRYS5802845,D,B,C,2024-07-22,18125000.00,4.222316,101.2109375
09:31:29,91282CKQ3,TSRYS5802845,D,S,D,2024-07-22,69400000.00,4.222316,101.2109375
09:31:29,91282CKQ3,TSRYS5802845,D,S,D,2024-07-22,90440000.00,4.222316,101.2109375
09:31:30,91282CKQ3,TSRYS5802845,D,S,D,2024-07-22,14120000.00,4.222316,101.2109375
09:31:31,91282CKQ3,TSRYS5802845,D,S,D,2024-07-22,60815000.00,4.222316,101.2109375
09:31:31,91282CKQ3,TSRYS5802845,D,S,D,2024-07-22,2170000.00,4.222316,101.2109375
09:31:31,91282CKQ3,TSRYS5802845,D,S,D,2024-07-22,2335000.00,4.222316,101.2109375
09:31:32,91282CKQ3,TSRYS5802845,D,S,D,2024-07-22,14040000.00,4.222316,101.2109375
09:31:32,91282CKQ3,TSRYS5802845,D,S,D,2024-07-22,60000.00,4.222316,101.2109375
09:31:32,91282CKQ3,TSRYS5802845,D,S,D,2024-07-22,810000.00,4.222316,101.2109375
09:31:33,91282CKQ3,TSRYS5802845,D,S,D,2024-07-22,10610000.00,4.222316,101.2109375
09:31:36,91282CKQ3,TSRYS5802845,D,S,D,2024-07-22,1200000.00,4.222316,101.2109375
09:31:36,91282CKQ3,TSRYS5802845,D,S,D,2024-07-22,2025000.00,4.222316,101.2109375
09:31:37,91282CKQ3,TSRYS5802845,D,S,D,2024-07-22,7885000.00,4.222316,101.2109375
09:31:37,91282CKQ3,TSRYS5802845,D,S,D,2024-07-22,44000.00,4.222316,101.2109375
09:31:38,91282CKQ3,TSRYS5802845,D,S,T,2024-07-22,755000.00,4.222316,101.2109375
09:31:40,91282CKQ3,TSRYS5802845,D,S,T,2024-07-22,9255000.00,4.222316,101.2109375
09:31:42,91282CKQ3,TSRYS5802845,D,S,D,2024-07-22,3000000.00,4.224263,101.1953125
09:31:43,91282CKQ3,TSRYS5802845,D,S,D,2024-07-22,1000000.00,4.224506,101.193359375
09:31:44,91282CKQ3,TSRYS5802845,D,S,A,2024-07-22,60815000.00,4.222316,101.2109375
09:31:45,91282CKQ3,TSRYS5802845,D,S,D,2024-07-22,1000000.00,4.222559,101.208984375
09:31:45,91282CKQ3,TSRYS5802845,D,S,D,2024-07-22,1000000.00,4.222559,101.208984375
09:31:47,91282CKQ3,TSRYS5802845,D,S,C,2024-07-22,1000000.00,4.223289,101.203125
09:31:47,91282CKQ3,TSRYS5802845,D,B,C,2024-07-22,1000000.00,4.224263,101.1953125
09:31:47,91282CKQ3,TSRYS5802845,D,S,D,2024-07-22,1000000.00,4.224263,101.1955125
09:31:47,91282CKQ3,TSRYS5802845,D,S,D,2024-07-22,1000000.00,4.225237,101.1875
09:31:47,91282CKQ3,TSRYS5802845,D,B,C,2024-07-22,1000000.00,4.225237,101.1875
09:31:47,91282CKQ3,TSRYS5802845,D,S,C,2024-07-22,1000000.00,4.225237,101.1875
09:31:47,91282CKQ3,TSRYS5802845,D,S,T,2024-07-22,2000000.00,4.223289,101.203125
09:32:02,91282CKQ3,TSRYS5802845,D,S,D,2024-07-22,1000000.00,4.225237,101.1875
09:32:10,91282CKQ3,TSRYS5802845,D,B,C,2024-07-22,5000000.00,4.22475,101.19140625
09:32:12,91282CKQ3,TSRYS5802845,D,S,D,2024-07-22,1835000.00,4.217449,101.25
09:32:21,91282CKQ3,TSRYS5802845,D,S,D,2024-07-22,1000000.00,4.224506,101.193359375
09:32:22,91282CKQ3,TSRYS5802845,D,S,D,2024-07-22,1000000.00,4.224506,101.193359375
09:32:24,91282CKQ3,TSRYS5802845,D,B,C,2024-07-22,4600000.00,4.22475,101.19140625
09:32:27,91282CKQ3,TSRYS5802845,D,S,D,2024-07-22,1000000.00,4.22475,101.19140625
09:32:28,91282CKQ3,TSRYS5802845,D,S,D,2024-07-22,1000000.00,4.22475,101.19140625
09:32:28,91282CKQ3,TSRYS5802845,D,S,D,2024-07-22,1000000.00,4.22475,101.19140625
09:32:29,91282CKQ3,TSRYS5802845,D,S,D,2024-07-22,1000000.00,4.22475,101.19140625
09:32:29,91282CKQ3,TSRYS5802845,D,S,D,2024-07-22,1000000.00,4.22475,101.19140625
09:32:29,91282CKQ3,TSRYS5802845,D,S,D,2024-07-22,1000000.00,4.22475,101.19140625
09:32:33,91282CKQ3,TSRYS5802845,D,S,A,2024-07-22,5000000.00,4.225237,101.1875
09:32:35,91282CKQ3,TSRYS5802845,D,S,D,2024-07-22,1000000.00,4.224506,101.193359375
09:32:35,91282CKQ3,TSRYS5802845,D,S,C,2024-07-22,20000000.00,4.223726,101.19961875
09:32:36,91282CKQ3,TSRYS5802845,D,S,D,2024-07-22,1000000.00,4.224506,101.193359375
09:32:51,91282CKQ3,TSRYS5802845,D,S,T,2024-07-22,1000000.00,4.225237,101.1875
09:32:53,91282CKQ3,TSRYS5802845,D,S,T,2024-07-22,1000000.00,4.225253,101.18737
09:32:59,91282CKQ3,TSRYS5802845,D,S,T,2024-07-22,1000000.00,4.225253,101.18737
09:33:02,91282CKQ3,TSRYS5802845,D,S,D,2024-07-22,3000000.00,4.224993,101.189453125
09:33:02,91282CKQ3,TSRYS5802845,D,S,D,2024-07-22,3000000.00,4.22475,101.19140625
09:33:02,91282CKQ3,TSRYS5802845,D,S,D,2024-07-22,1000000.00,4.22475,101.19140625
09:33:11,91282CKQ3,TSRYS5802845,D,B,C,2024-07-22,4800000.00,4.224263,101.1953125
09:33:47,91282CKQ3,TSRYS5802845,D,B,C,2024-07-22,5000000.00,4.22475,101.19140625
09:33:49,91282CKQ3,TSRYS5802845,D,S,C,2024-07-22,1000000.00,4.224506,101.193359375
09:33:49,91282CKQ3,TSRYS5802845,D,S,C,2024-07-22,1000000.00,4.22475,101.19140625
09:33:49,91282CKQ3,TSRYS5802845,D,S,C,2024-07-22,1000000.00,4.22475,101.19140625
09:33:49,91282CKQ3,TSRYS5802845,D,S,C,2024-07-22,1000000.00,4.22475,101.19140625
09:33:53,91282CKQ3,TSRYS5802845,D,S,D,2024-07-22,1000000.00,4.225237,101.1875
09:33:55,91282CKQ3,TSRYS5802845,D,S,D,2024-07-22,1000000.00,4.225274,101.1872
09:33:59,91282CKQ3,TSRYS5802845,D,S,D,2024-07-22,400000.00,4.22475,101.19140625
09:34:02,91282CKQ3,TSRYS5802845,D,B,A,2024-07-22,1470000.00,4.225237,101.1875
09:34:13,91282CKQ3,TSRYS5802845,D,B,C,2024-07-22,1000000.00,4.224263,101.1953125
09:34:13,91282CKQ3,TSRYS5802845,D,S,C,2024-07-22,1000000.00,4.224263,101.1953125
09:34:16,91282CKQ3,TSRYS5802845,D,B,C,2024-07-22,1000000.00,4.224263,101.1953125
09:34:16,91282CKQ3,TSRYS5802845,D,S,D,2024-07-22,1000000.00,4.224263,101.1953125
09:34:20,91282CKQ3,TSRYS5802845,D,S,T,2024-07-22,1000000.00,4.223318,101.202898
09:34:31,91282CKQ3,TSRYS5802845,D,S,D,2024-07-22,1000000.00,4.223046,101.205078125
09:34:31,91282CKQ3,TSRYS5802845,D,S,C,2024-07-22,1000000.00,4.223046,101.205078125
09:34:33,91282CKQ3,TSRYS5802845,D,S,T,2024-07-22,2000000.00,4.223305,101.202995
09:34:36,91282CKQ3,TSRYS5802845,D,S,D,2024-07-22,2000000.00,4.223776,101.19921875
09:34:36,91282CKQ3,TSRYS5802845,D,S,D,2024-07-22,1000000.00,4.223776,101.19921875
09:34:40,91282CKQ3,TSRYS5802845,D,S,C,2024-07-22,1000000.00,4.223289,101.203125
09:34:40,91282CKQ3,TSRYS5802845,D,B,C,2024-07-22,1000000.00,4.223289,101.203125
09:34:44,91282CKQ3,TSRYS5802845,D,B,C,2024-07-22,4800000.00,,101.18359375
09:34:47,91282CKQ3,TSRYS5802845,D,S,C,2024-07-22,10000000.00,4.223239,101.203525
09:35:06,91282CKQ3,TSRYS5802845,D,S,C,2024-07-22,29874000.00,4.223289,101.203125
09:35:06,91282CKQ3,TSRYS5802845,D,B,A,2024-07-22,29874000.00,4.223289,101.203125
09:35:17,91282CKQ3,TSRYS5802845,D,S,C,2024-07-22,115000.00,4.223289,101.203125
09:35:23,91282CKQ3,TSRYS5802845,D,S,D,2024-07-22,2000000.00,4.222802,101.20703125
09:35:59,91282CKQ3,TSRYS5802845,D,S,T,2024-07-22,2000000.00,4.223289,101.203125
09:35:59,91282CKQ3,TSRYS5802845,D,S,T,2024-07-22,1000000.00,4.223289,101.203125
09:36:00,91282CKQ3,TSRYS5802845,D,S,T,2024-07-22,1000000.00,4.223289,101.203125
09:36:01,91282CKQ3,TSRYS5802845,D,S,T,2024-07-22,1000000.00,4.223289,101.203125
09:36:01,91282CKQ3,TSRYS5802845,D,S,T,2024-07-22,4000000.00,4.223289,101.203125
09:36:01,91282CKQ3,TSRYS5802845,D,S,T,2024-07-22,1000000.00,4.223289,101.203125
09:36:01,91282CKQ3,TSRYS5802845,D,S,T,2024-07-22,1000000.00,4.223289,101.203125
09:36:01,91282CKQ3,TSRYS5802845,D,S,T,2024-07-22,1000000.00,4.223289,101.203125
09:36:02,91282CKQ3,TSRYS5802845,D,S,T,2024-07-22,1000000.00,4.223289,101.203125
09:36:04,91282CKQ3,TSRYS5802845,D,S,D,2024-07-22,1000000.00,4.223289,101.203125
09:36:16,91282CKQ3,TSRYS5802845,D,S,D,2024-07-22,2000000.00,4.223533,101.201171875
09:36:16,91282CKQ3,TSRYS5802845,D,S,D,2024-07-22,2000000.00,4.223533,101.201171875
09:36:16,91282CKQ3,TSRYS5802845,D,S,D,2024-07-22,2000000.00,4.223533,101.201171875
09:36:16,91282CKQ3,TSRYS5802845,D,S,D,2024-07-22,4000000.00,4.223289,101.203125
09:36:19,91282CKQ3,TSRYS5802845,D,S,D,2024-07-22,1000000.00,4.223046,101.205078125
09:36:19,91282CKQ3,TSRYS5802845,D,S,D,2024-07-22,1000000.00,4.223046,101.205078125
09:36:19,91282CKQ3,TSRYS5802845,D,B,C,2024-07-22,1000000.00,4.223046,101.205078125
09:36:21,91282CKQ3,TSRYS5802845,D,S,D,2024-07-22,5000000.00,4.223289,101.203125
09:36:23,91282CKQ3,TSRYS5802845,D,S,D,2024-07-22,1000000.00,4.223289,101.203125
09:36:23,91282CKQ3,TSRYS5802845,D,B,C,2024-07-22,1000000.00,4.223289,101.203125
09:36:23,91282CKQ3,TSRYS5802845,D,S,D,2024-07-22,1000000.00,4.223289,101.203125
09:36:23,91282CKQ3,TSRYS5802845,D,S,D,2024-07-22,1000000.00,4.223289,101.203125
09:36:24,91282CKQ3,TSRYS5802845,D,B,C,2024-07-22,1500000.00,4.223289,101.203125
09:36:41,91282CKQ3,TSRYS5802845,D,S,D,2024-07-22,600000.00,4.222815,101.20663125
09:36:42,91282CKQ3,TSRYS5802845,D,S,D,2024-07-22,600000.00,4.224737,101.19180625
09:36:42,91282CKQ3,TSRYS5802845,D,S,D,2024-07-22,600000.00,4.224737,101.19180625
09:37:13,91282CKQ3,TSRYS5802845,D,B,C,2024-07-22,1000000.00,4.224263,101.1953125
09:37:13,91282CKQ3,TSRYS5802845,D,S,D,2024-07-22,1000000.00,4.224263,101.1953125
09:37:15,91282CKQ3,TSRYS5802845,D,S,T,2024-07-22,800000.00,4.224263,101.1953125
09:37:15,91282CKQ3,TSRYS5802845,D,S,C,2024-07-22,800000.00,4.223776,101.19921875
09:37:17,91282CKQ3,TSRYS5802845,D,S,C,2024-07-22,37000.00,4.225187,101.1879
09:37:25,91282CKQ3,TSRYS5802845,D,S,D,2024-07-22,1000000.00,4.224263,101.1953125
09:37:27,91282CKQ3,TSRYS5802845,D,S,D,2024-07-22,37000.00,,101.1879
09:37:30,91282CKQ3,TSRYS5802845,D,S,C,2024-07-22,1000000.00,4.226211,101.1796875
09:37:30,91282CKQ3,TSRYS5802845,D,S,D,2024-07-22,1000000.00,4.226211,101.1796875
09:37:30,91282CKQ3,TSRYS5802845,D,B,C,2024-07-22,1000000.00,4.226211,101.1796875
09:37:30,91282CKQ3,TSRYS5802845,D,S,C,2024-07-22,1000000.00,4.226211,101.1796875
09:37:32,91282CKQ3,TSRYS5802845,D,S,T,2024-07-22,1000000.00,4.227185,101.171875
09:37:32,91282CKQ3,TSRYS5802845,D,S,T,2024-07-22,2000000.00,4.227185,101.171875
09:37:32,91282CKQ3,TSRYS5802845,D,S,T,2024-07-22,1000000.00,4.227185,101.171875
09:37:34,91282CKQ3,TSRYS5802845,D,S,T,2024-07-22,3000000.00,4.225253,101.18737
09:37:34,91282CKQ3,TSRYS5802845,D,S,T,2024-07-22,2000000.00,4.225253,101.18737
09:37:39,91282CKQ3,TSRYS5802845,D,S,C,2024-07-22,90000.00,4.225724,101.18359375
09:37:39,91282CKQ3,TSRYS5802845,D,S,D,2024-07-22,90000.00,4.225724,101.18359375
09:37:48,91282CKQ3,TSRYS5802845,D,S,D,2024-07-22,1000000.00,4.225237,101.1875
09:37:48,91282CKQ3,TSRYS5802845,D,S,D,2024-07-22,1000000.00,4.225237,101.1875
09:37:52,91282CKQ3,TSRYS5802845,D,S,D,2024-07-22,1000000.00,4.225237,101.1875
09:37:54,91282CKQ3,TSRYS5802845,D,S,A,2024-07-22,20000000.00,4.223252,101.203125
09:38:05,91282CKQ3,TSRYS5802845,D,S,D,2024-07-22,3000000.00,4.223533,101.201171875
09:38:05,91282CKQ3,TSRYS5802845,D,B,C,2024-07-22,1000000.00,4.223533,101.201171875
09:38:05,91282CKQ3,TSRYS5802845,D,S,D,2024-07-22,1000000.00,4.223289,101.203125
09:38:05,91282CKQ3,TSRYS5802845,D,S,D,2024-07-22,1000000.00,4.223533,101.201171875
09:38:05,91282CKQ3,TSRYS5802845,D,B,C,2024-07-22,3000000.00,4.223533,101.201171875
09:38:05,91282CKQ3,TSRYS5802845,D,S,D,2024-07-22,1000000.00,4.223533,101.201171875
09:38:05,91282CKQ3,TSRYS5802845,D,B,C,2024-07-22,1000000.00,4.223533,101.201171875
09:38:05,91282CKQ3,TSRYS5802845,D,S,D,2024-07-22,1000000.00,4.223289,101.203125
09:38:06,91282CKQ3,TSRYS5802845,D,S,D,2024-07-22,3000000.00,4.223533,101.201171875
09:38:12,91282CKQ3,TSRYS5802845,D,S,A,2024-07-22,5000000.00,4.224263,101.1953125
09:38:12,91282CKQ3,TSRYS5802845,D,S,T,2024-07-22,2000000.00,4.223289,101.203125
09:38:17,91282CKQ3,TSRYS5802845,D,S,D,2024-07-22,2000000.00,4.223289,101.203125
09:38:17,91282CKQ3,TSRYS5802845,D,S,D,2024-07-22,1000000.00,4.223289,101.203125
09:38:20,91282CKQ3,TSRYS5802845,D,S,D,2024-07-22,1000000.00,4.223776,101.19921875
09:38:21,91282CKQ3,TSRYS5802845,D,S,D,2024-07-22,1000000.00,4.223776,101.19921875
09:38:25,91282CKQ3,TSRYS5802845,D,S,D,2024-07-22,2000000.00,4.223776,101.19921875
09:38:25,91282CKQ3,TSRYS5802845,D,B,C,2024-07-22,2000000.00,4.223776,101.19921875
09:38:27,91282CKQ3,TSRYS5802845,D,S,D,2024-07-22,2000000.00,4.223289,101.203125
09:38:32,91282CKQ3,TSRYS5802845,D,S,D,2024-07-22,1000000.00,4.223289,101.203125
09:38:54,91282CKQ3,TSRYS5802845,D,S,D,2024-07-22,1000000.00,4.223776,101.19921875
09:38:54,91282CKQ3,TSRYS5802845,D,B,C,2024-07-22,1000000.00,4.223776,101.19921875
09:38:54,91282CKQ3,TSRYS5802845,D,S,C,2024-07-22,1000000.00,4.223776,101.19921875
09:38:54,91282CKQ3,TSRYS5802845,D,S,D,2024-07-22,1000000.00,4.223776,101.19921875
09:38:54,91282CKQ3,TSRYS5802845,D,B,C,2024-07-22,1000000.00,4.223776,101.19921875
09:38:54,91282CKQ3,TSRYS5802845,D,B,C,2024-07-22,1000000.00,4.223776,101.19921875
09:38:54,91282CKQ3,TSRYS5802845,D,S,D,2024-07-22,2000000.00,4.223776,101.19921875
09:38:54,91282CKQ3,TSRYS5802845,D,B,C,2024-07-22,2000000.00,4.223776,101.19921875
09:39:00,91282CKQ3,TSRYS5802845,D,S,D,2024-07-22,1835000.00,4.217449,101.25
09:39:17,91282CKQ3,TSRYS5802845,D,S,D,2024-07-22,2000000.00,4.223289,101.203125
09:39:18,91282CKQ3,TSRYS5802845,D,S,C,2024-07-22,495000.00,4.223289,101.203125
09:39:22,91282CKQ3,TSRYS5802845,D,S,D,2024-07-22,2000000.00,4.223289,101.203125
09:39:37,91282CKQ3,TSRYS5802845,D,S,D,2024-07-22,1000000.00,4.223289,101.203125
09:39:37,91282CKQ3,TSRYS5802845,D,S,D,2024-07-22,2000000.00,4.223289,101.203125
09:39:37,91282CKQ3,TSRYS5802845,D,S,D,2024-07-22,1000000.00,4.223289,101.203125
09:39:42,91282CKQ3,TSRYS5802845,D,S,D,2024-07-22,2000000.00,4.223289,101.203125
09:39:47,91282CKQ3,TSRYS5802845,D,S,D,2024-07-22,2000000.00,4.223289,101.203125
09:39:47,91282CKQ3,TSRYS5802845,D,S,D,2024-07-22,2000000.00,4.223289,101.203125
09:39:57,91282CKQ3,TSRYS5802845,D,S,D,2024-07-22,1000000.00,4.223289,101.203125
09:40:09,91282CKQ3,TSRYS5802845,D,S,T,2024-07-22,1000000.00,4.219395,101.234375
09:40:09,91282CKQ3,TSRYS5802845,D,S,T,2024-07-22,2000000.00,4.217449,101.25
09:40:09,91282CKQ3,TSRYS5802845,D,S,T,2024-07-22,2000000.00,4.215503,101.265625
09:40:09,91282CKQ3,TSRYS5802845,D,S,T,2024-07-22,1000000.00,4.219395,101.234375
09:40:09,91282CKQ3,TSRYS5802845,D,S,T,2024-07-22,1000000.00,4.219395,101.234375
09:40:09,91282CKQ3,TSRYS5802845,D,S,T,2024-07-22,1000000.00,4.219395,101.234375
09:40:09,91282CKQ3,TSRYS5802845,D,S,T,2024-07-22,1000000.00,4.219395,101.234375
09:40:09,91282CKQ3,TSRYS5802845,D,S,T,2024-07-22,3000000.00,4.221342,101.21875
09:40:09,91282CKQ3,TSRYS5802845,D,S,T,2024-07-22,1000000.00,4.221342,101.21875
09:40:09,91282CKQ3,TSRYS5802845,D,S,T,2024-07-22,2000000.00,4.221342,101.21875
09:40:09,91282CKQ3,TSRYS5802845,D,S,T,2024-07-22,2000000.00,4.221342,101.21875
09:40:09,91282CKQ3,TSRYS5802845,D,S,T,2024-07-22,1000000.00,4.221342,101.21875
09:40:09,91282CKQ3,TSRYS5802845,D,S,T,2024-07-22,2000000.00,4.219395,101.234375
09:40:09,91282CKQ3,TSRYS5802845,D,S,T,2024-07-22,1000000.00,4.219395,101.234375
09:40:09,91282CKQ3,TSRYS5802845,D,S,T,2024-07-22,3000000.00,4.227185,101.171875
09:40:09,91282CKQ3,TSRYS5802845,D,S,T,2024-07-22,1000000.00,4.229133,101.15625
09:40:10,91282CKQ3,TSRYS5802845,D,S,T,2024-07-22,2000000.00,4.229133,101.15625
09:40:10,91282CKQ3,TSRYS5802845,D,S,T,2024-07-22,2000000.00,4.227185,101.171875
09:40:10,91282CKQ3,TSRYS5802845,D,S,T,2024-07-22,1000000.00,4.229133,101.15625
09:40:10,91282CKQ3,TSRYS5802845,D,S,T,2024-07-22,3000000.00,4.227185,101.171875
09:40:10,91282CKQ3,TSRYS5802845,D,S,T,2024-07-22,3000000.00,4.227185,101.171875
09:40:10,91282CKQ3,TSRYS5802845,D,S,T,2024-07-22,3000000.00,4.227185,101.171875
09:40:10,91282CKQ3,TSRYS5802845,D,S,T,2024-07-22,2000000.00,4.225237,101.1875
09:40:10,91282CKQ3,TSRYS5802845,D,S,T,2024-07-22,3000000.00,4.225237,101.1875
09:40:10,91282CKQ3,TSRYS5802845,D,S,T,2024-07-22,1000000.00,4.225237,101.1875
09:40:10,91282CKQ3,TSRYS5802845,D,S,T,2024-07-22,3000000.00,4.223289,101.203125
09:40:10,91282CKQ3,TSRYS5802845,D,S,T,2024-07-22,3000000.00,4.225237,101.1875
09:40:10,91282CKQ3,TSRYS5802845,D,S,T,2024-07-22,3000000.00,4.225237,101.1875
09:40:10,91282CKQ3,TSRYS5802845,D,S,T,2024-07-22,2000000.00,4.223289,101.203125
09:40:10,91282CKQ3,TSRYS5802845,D,S,T,2024-07-22,2000000.00,4.223289,101.203125
09:40:10,91282CKQ3,TSRYS5802845,D,S,T,2024-07-22,1000000.00,4.223289,101.203125
09:40:10,91282CKQ3,TSRYS5802845,D,S,T,2024-07-22,1000000.00,4.223289,101.203125
09:40:10,91282CKQ3,TSRYS5802845,D,S,T,2024-07-22,1000000.00,4.223289,101.203125
09:40:10,91282CKQ3,TSRYS5802845,D,S,T,2024-07-22,2000000.00,4.223289,101.203125
09:40:10,91282CKQ3,TSRYS5802845,D,S,T,2024-07-22,1000000.00,4.213557,101.28125
09:40:10,91282CKQ3,TSRYS5802845,D,S,T,2024-07-22,2000000.00,4.213557,101.28125
09:40:10,91282CKQ3,TSRYS5802845,D,S,T,2024-07-22,1000000.00,4.215503,101.265625
09:40:10,91282CKQ3,TSRYS5802845,D,S,T,2024-07-22,2000000.00,4.215503,101.265625
09:40:10,91282CKQ3,TSRYS5802845,D,S,T,2024-07-22,3000000.00,4.215503,101.265625
09:40:10,91282CKQ3,TSRYS5802845,D,S,T,2024-07-22,1000000.00,4.215503,101.265625
09:40:10,91282CKQ3,TSRYS5802845,D,S,T,2024-07-22,3000000.00,4.211612,101.296875
09:40:10,91282CKQ3,TSRYS5802845,D,S,T,2024-07-22,3000000.00,4.207722,101.328125
09:40:10,91282CKQ3,TSRYS5802845,D,S,T,2024-07-22,2000000.00,4.207722,101.328125
09:40:10,91282CKQ3,TSRYS5802845,D,S,T,2024-07-22,1000000.00,4.207722,101.328125
09:40:10,91282CKQ3,TSRYS5802845,D,S,T,2024-07-22,1000000.00,4.207722,101.328125
09:40:10,91282CKQ3,TSRYS5802845,D,S,T,2024-07-22,1000000.00,4.207722,101.328125
09:40:10,91282CKQ3,TSRYS5802845,D,S,T,2024-07-22,3000000.00,4.207722,101.328125
09:40:10,91282CKQ3,TSRYS5802845,D,S,T,2024-07-22,3000000.00,4.209667,101.3125
09:40:10,91282CKQ3,TSRYS5802845,D,S,T,2024-07-22,2000000.00,4.209667,101.3125
09:40:10,91282CKQ3,TSRYS5802845,D,S,T,2024-07-22,2000000.00,4.209667,101.3125
09:40:10,91282CKQ3,TSRYS5802845,D,S,T,2024-07-22,1000000.00,4.209667,101.3125
09:40:10,91282CKQ3,TSRYS5802845,D,S,T,2024-07-22,1000000.00,4.207722,101.328125
09:40:10,91282CKQ3,TSRYS5802845,D,S,T,2024-07-22,3000000.00,4.207722,101.328125
09:40:10,91282CKQ3,TSRYS5802845,D,S,T,2024-07-22,2000000.00,4.207722,101.328125
09:40:10,91282CKQ3,TSRYS5802845,D,S,T,2024-07-22,1000000.00,4.207722,101.328125
09:40:10,91282CKQ3,TSRYS5802845,D,S,T,2024-07-22,2000000.00,4.207722,101.328125
09:40:10,91282CKQ3,TSRYS5802845,D,S,T,2024-07-22,2000000.00,4.207722,101.328125
09:40:10,91282CKQ3,TSRYS5802845,D,S,T,2024-07-22,1000000.00,4.207722,101.328125
09:40:10,91282CKQ3,TSRYS5802845,D,S,T,2024-07-22,1000000.00,4.217449,101.25
09:40:10,91282CKQ3,TSRYS5802845,D,S,T,2024-07-22,1000000.00,4.217449,101.25
09:40:10,91282CKQ3,TSRYS5802845,D,S,T,2024-07-22,1000000.00,4.215503,101.265625
09:40:10,91282CKQ3,TSRYS5802845,D,S,T,2024-07-22,1000000.00,4.217449,101.25
09:40:10,91282CKQ3,TSRYS5802845,D,S,T,2024-07-22,1000000.00,4.217449,101.25
09:40:10,91282CKQ3,TSRYS5802845,D,S,T,2024-07-22,1000000.00,4.236929,101.09375
09:40:10,91282CKQ3,TSRYS5802845,D,S,T,2024-07-22,2000000.00,4.236929,101.09375
09:40:10,91282CKQ3,TSRYS5802845,D,S,T,2024-07-22,2000000.00,4.234979,101.109375
09:40:11,91282CKQ3,TSRYS5802845,D,S,T,2024-07-22,3000000.00,4.23303,101.125
09:40:11,91282CKQ3,TSRYS5802845,D,S,T,2024-07-22,1000000.00,4.23303,101.125
09:40:11,91282CKQ3,TSRYS5802845,D,S,T,2024-07-22,1000000.00,4.229133,101.15625
09:40:12,91282CKQ3,TSRYS5802845,D,S,T,2024-07-22,2000000.00,4.229133,101.15625
09:40:12,91282CKQ3,TSRYS5802845,D,S,T,2024-07-22,3000000.00,4.227185,101.171875
09:40:12,91282CKQ3,TSRYS5802845,D,S,T,2024-07-22,3000000.00,4.227185,101.171875
09:40:12,91282CKQ3,TSRYS5802845,D,S,T,2024-07-22,1000000.00,4.223289,101.203125
09:40:27,91282CKQ3,TSRYS5802845,D,S,C,2024-07-22,1000000.00,4.223289,101.203125
09:40:47,91282CKQ3,TSRYS5802845,D,S,D,2024-07-22,1000000.00,4.215503,101.265625
09:41:00,91282CKQ3,TSRYS5802845,D,S,D,2024-07-22,1435000.00,4.222802,101.20703125
09:41:03,91282CKQ3,TSRYS5802845,D,S,D,2024-07-22,1000000.00,4.223289,101.203125
09:41:03,91282CKQ3,TSRYS5802845,D,S,C,2024-07-22,1000000.00,4.223289,101.203125
09:41:12,91282CKQ3,TSRYS5802845,D,S,T,2024-07-22,1000000.00,4.225237,101.1875
09:41:12,91282CKQ3,TSRYS5802845,D,S,T,2024-07-22,1000000.00,4.225237,101.1875
09:41:17,91282CKQ3,TSRYS5802845,D,S,D,2024-07-22,1000000.00,4.223289,101.203125
09:41:17,91282CKQ3,TSRYS5802845,D,S,D,2024-07-22,1000000.00,4.223289,101.203125
09:41:17,91282CKQ3,TSRYS5802845,D,S,D,2024-07-22,2000000.00,4.223289,101.203125
09:41:17,91282CKQ3,TSRYS5802845,D,S,D,2024-07-22,1000000.00,4.223289,101.203125
09:41:18,91282CKQ3,TSRYS5802845,D,S,D,2024-07-22,1000000.00,4.223046,101.205078125
09:41:19,91282CKQ3,TSRYS5802845,D,S,D,2024-07-22,1000000.00,4.223046,101.205078125
09:41:22,91282CKQ3,TSRYS5802845,D,S,D,2024-07-22,2000000.00,4.223289,101.203125
09:41:24,91282CKQ3,TSRYS5802845,D,S,C,2024-07-22,9100000.00,4.223289,101.203125
09:41:31,91282CKQ3,TSRYS5802845,D,S,A,2024-07-22,3390000.00,4.225237,101.1875
09:41:32,91282CKQ3,TSRYS5802845,D,S,D,2024-07-22,1000000.00,4.218909,101.23828125
09:41:32,91282CKQ3,TSRYS5802845,D,S,D,2024-07-22,340000.00,4.219395,101.234375
09:41:32,91282CKQ3,TSRYS5802845,D,S,D,2024-07-22,530000.00,4.219882,101.23046875
09:41:42,91282CKQ3,TSRYS5802845,D,S,D,2024-07-22,2000000.00,4.223289,101.203125
09:41:53,91282CKQ3,TSRYS5802845,D,S,C,2024-07-22,33925000.00,4.223776,101.19921875
09:42:25,91282CKQ3,TSRYS5802845,D,S,C,2024-07-22,1000000.00,4.224506,101.193359375
09:42:25,91282CKQ3,TSRYS5802845,D,B,C,2024-07-22,1000000.00,4.224506,101.193359375
09:42:31,91282CKQ3,TSRYS5802845,D,B,C,2024-07-22,330000.00,4.224506,101.193359375
09:42:31,91282CKQ3,TSRYS5802845,D,S,D,2024-07-22,330000.00,4.224355,101.194571496
09:42:32,91282CKQ3,TSRYS5802845,D,S,D,2024-07-22,1000000.00,4.22475,101.19140625
09:42:33,91282CKQ3,TSRYS5802845,D,S,D,2024-07-22,1000000.00,4.22475,101.19140625
09:42:41,91282CKQ3,TSRYS5802845,D,S,C,2024-07-22,1000000.00,4.225237,101.1875
09:42:41,91282CKQ3,TSRYS5802845,D,B,C,2024-07-22,1000000.00,4.225237,101.1873
09:42:52,91282CKQ3,TSRYS5802845,D,S,C,2024-07-22,6000.00,4.22716,101.172075
09:42:52,91282CKQ3,TSRYS5802845,D,S,C,2024-07-22,25000.00,4.22716,101.172075
09:42:57,91282CKQ3,TSRYS5802845,D,S,C,2024-07-22,400000.00,4.22475,101.191406
09:43:04,91282CKQ3,TSRYS5802845,D,S,T,2024-07-22,1000000.00,4.225505,101.185346875
09:43:05,91282CKQ3,TSRYS5802845,D,S,T,2024-07-22,3000000.00,4.225505,101.185346875
09:43:05,91282CKQ3,TSRYS5802845,D,B,C,2024-07-22,1000000.00,4.226211,101.1796875
09:43:05,91282CKQ3,TSRYS5802845,D,S,C,2024-07-22,1000000.00,4.226211,101.1796875
09:43:05,91282CKQ3,TSRYS5802845,D,S,T,2024-07-22,2000000.00,4.225505,101.185346875
09:43:07,91282CKQ3,TSRYS5802845,D,S,T,2024-07-22,1000000.00,4.227185,101.171875
09:43:07,91282CKQ3,TSRYS5802845,D,S,T,2024-07-22,2000000.00,4.227185,101.171875
09:43:07,91282CKQ3,TSRYS5802845,D,S,T,2024-07-22,1000000.00,4.227185,101.171875
09:43:07,91282CKQ3,TSRYS5802845,D,S,T,2024-07-22,1000000.00,4.227185,101.171875
09:43:07,91282CKQ3,TSRYS5802845,D,S,T,2024-07-22,1000000.00,4.227185,101.171875
09:43:07,91282CKQ3,TSRYS5802845,D,S,T,2024-07-22,2000000.00,4.227185,101.171875
09:43:07,91282CKQ3,TSRYS5802845,D,S,T,2024-07-22,1000000.00,4.227185,101.171875
09:43:07,91282CKQ3,TSRYS5802845,D,S,T,2024-07-22,2000000.00,4.227185,101.171875
09:43:07,91282CKQ3,TSRYS5802845,D,S,T,2024-07-22,1000000.00,4.227185,101.171875
09:43:08,91282CKQ3,TSRYS5802845,D,S,T,2024-07-22,2000000.00,4.227185,101.171875
09:43:08,91282CKQ3,TSRYS5802845,D,B,C,2024-07-22,40000000.00,4.224701,101.191796875
09:43:34,91282CKQ3,TSRYS5802845,D,B,C,2024-07-22,62000.00,4.224263,101.1953125
09:43:35,91282CKQ3,TSRYS5802845,D,B,C,2024-07-22,4000000.00,4.224263,101.1953125
09:43:35,91282CKQ3,TSRYS5802845,D,B,C,2024-07-22,2000000.00,4.224506,101.193359375
09:43:35,91282CKQ3,TSRYS5802845,D,B,C,2024-07-22,4000000.00,4.224506,101.193359375
09:43:36,91282CKQ3,TSRYS5802845,D,B,C,2024-07-22,1000000.00,4.224263,101.1953125
09:43:36,91282CKQ3,TSRYS5802845,D,S,D,2024-07-22,3000000.00,4.223776,101.19921875
09:43:36,91282CKQ3,TSRYS5802845,D,B,C,2024-07-22,3000000.00,4.223776,101.19921875
09:43:36,91282CKQ3,TSRYS5802845,D,B,C,2024-07-22,969000.00,4.224506,101.193359375
09:43:36,91282CKQ3,TSRYS5802845,D,B,C,2024-07-22,969000.00,4.224263,101.1953125
09:43:37,91282CKQ3,TSRYS5802845,D,S,D,2024-07-22,3000000.00,4.223776,101.19921875
09:43:37,91282CKQ3,TSRYS5802845,D,S,C,2024-07-22,20000000.00,4.224359,101.194541309
09:43:38,91282CKQ3,TSRYS5802845,D,B,C,2024-07-22,1000000.00,4.224506,101.193359375
09:43:38,91282CKQ3,TSRYS5802845,D,S,A,2024-07-22,3000000.00,4.22475,101.19140625
09:43:45,91282CKQ3,TSRYS5802845,D,S,A,2024-07-22,2000000.00,4.225218,101.187652
09:43:46,91282CKQ3,TSRYS5802845,D,S,A,2024-07-22,1000000.00,4.225218,101.187652
09:43:46,91282CKQ3,TSRYS5802845,D,S,A,2024-07-22,2000000.00,4.225218,101.187652
09:43:46,91282CKQ3,TSRYS5802845,D,S,A,2024-07-22,1000000.00,4.225218,101.187652
09:44:08,91282CKQ3,TSRYS5802845,D,S,C,2024-07-22,1000000.00,4.22475,101.19140625
09:44:08,91282CKQ3,TSRYS5802845,D,B,C,2024-07-22,1000000.00,4.22475,101.19140625
09:44:08,91282CKQ3,TSRYS5802845,D,S,C,2024-07-22,1000000.00,4.224506,101.193359375
09:44:08,91282CKQ3,TSRYS5802845,D,S,D,2024-07-22,1000000.00,4.22475,101.19140625
09:44:08,91282CKQ3,TSRYS5802845,D,B,C,2024-07-22,1000000.00,4.22475,101.19140625
09:44:08,91282CKQ3,TSRYS5802845,D,B,C,2024-07-22,1000000.00,4.224506,101.193359375
09:44:15,91282CKQ3,TSRYS5802845,D,S,A,2024-07-22,3000000.00,4.225237,101.1875
09:44:17,91282CKQ3,TSRYS5802845,D,S,C,2024-07-22,10000000.00,4.224263,101.1953125
09:44:19,91282CKQ3,TSRYS5802845,D,B,C,2024-07-22,56000000.00,4.224263,101.1953125
09:44:19,91282CKQ3,TSRYS5802845,D,S,C,2024-07-22,15350000.00,4.22475,101.19140625
09:44:21,91282CKQ3,TSRYS5802845,D,S,C,2024-07-22,1000000.00,4.224263,101.1953125
09:44:23,91282CKQ3,TSRYS5802845,D,B,C,2024-07-22,52000000.00,4.215503,101.265625
09:44:36,91282CKQ3,TSRYS5802845,D,S,C,2024-07-22,25000.00,4.222355,101.210625
09:44:44,91282CKQ3,TSRYS5802845,D,B,A,2024-07-22,235000.00,4.225237,101.1875
09:44:45,91282CKQ3,TSRYS5802845,D,S,D,2024-07-22,1000000.00,4.22475,101.19140625
09:44:52,91282CKQ3,TSRYS5802845,D,S,C,2024-07-22,1000000.00,4.224263,101.1953125
09:44:53,91282CKQ3,TSRYS5802845,D,S,C,2024-07-22,1000000.00,4.224263,101.1953125
09:45:07,91282CKQ3,TSRYS5802845,D,S,D,2024-07-22,1000000.00,4.224506,101.193359375
09:45:10,91282CKQ3,TSRYS5802845,D,S,D,2024-07-22,1000000.00,4.224506,101.193359375
09:45:10,91282CKQ3,TSRYS5802845,D,S,D,2024-07-22,2000000.00,4.224506,101.193359375
09:45:20,91282CKQ3,TSRYS5802845,D,S,D,2024-07-22,1500000.00,4.224263,101.1953125
09:45:24,91282CKQ3,TSRYS5802845,D,S,D,2024-07-22,3114000.00,4.224344,101.19465901569
09:45:28,91282CKQ3,TSRYS5802845,D,S,D,2024-07-22,1000000.00,4.22402,101.197265625
09:45:28,91282CKQ3,TSRYS5802845,D,S,T,2024-07-22,1000000.00,4.22402,101.197265625
09:45:28,91282CKQ3,TSRYS5802845,D,S,D,2024-07-22,1000000.00,4.22402,101.197265625
09:45:29,91282CKQ3,TSRYS5802845,D,B,C,2024-07-22,508000.00,4.223289,101.203125
09:45:31,91282CKQ3,TSRYS5802845,D,S,D,2024-07-22,1000000.00,4.223776,101.19921875
09:45:32,91282CKQ3,TSRYS5802845,D,B,C,2024-07-22,4580000.00,4.224313,101.1949125
09:45:33,91282CKQ3,TSRYS5802845,D,S,D,2024-07-22,1000000.00,4.22402,101.197265625
09:45:34,91282CKQ3,TSRYS5802845,D,S,T,2024-07-22,1000000.00,4.223289,101.203125
09:45:35,91282CKQ3,TSRYS5802845,D,S,T,2024-07-22,1000000.00,4.223289,101.203125
09:45:36,91282CKQ3,TSRYS5802845,D,S,T,2024-07-22,1000000.00,4.223289,101.203125
09:45:42,91282CKQ3,TSRYS5802845,D,S,D,2024-07-22,1000000.00,4.22475,101.19140625
09:45:42,91282CKQ3,TSRYS5802845,D,B,A,2024-07-22,500000.00,4.224263,101.1953125
09:45:43,91282CKQ3,TSRYS5802845,D,S,C,2024-07-22,14000000.00,4.213342,101.28298
09:45:44,91282CKQ3,TSRYS5802845,D,B,C,2024-07-22,304000.00,4.268433,100.8515625
09:45:54,91282CKQ3,TSRYS5802845,D,S,T,2024-07-22,1000000.00,4.223289,101.203125
09:45:54,91282CKQ3,TSRYS5802845,D,S,T,2024-07-22,1000000.00,4.223289,101.203125
09:45:56,91282CKQ3,TSRYS5802845,D,S,T,2024-07-22,2000000.00,4.223289,101.203125
09:45:56,91282CKQ3,TSRYS5802845,D,S,T,2024-07-22,1000000.00,4.223289,101.203125
09:45:57,91282CKQ3,TSRYS5802845,D,S,T,2024-07-22,1000000.00,4.223289,101.203125
09:46:00,91282CKQ3,TSRYS5802845,D,S,D,2024-07-22,2000000.00,4.223289,101.203125
09:46:01,91282CKQ3,TSRYS5802845,D,S,T,2024-07-22,1000000.00,4.223289,101.203125
09:46:03,91282CKQ3,TSRYS5802845,D,S,T,2024-07-22,1000000.00,4.223289,101.203125
09:46:04,91282CKQ3,TSRYS5802845,D,S,T,2024-07-22,1000000.00,4.223289,101.203125
09:46:10,91282CKQ3,TSRYS5802845,D,S,D,2024-07-22,1000000.00,4.222802,101.20703125
09:46:11,91282CKQ3,TSRYS5802845,D,S,D,2024-07-22,5000000.00,4.223289,101.203125
09:46:22,91282CKQ3,TSRYS5802845,D,S,T,2024-07-22,30000.00,4.220626,101.2245
09:46:24,91282CKQ3,TSRYS5802845,D,S,C,2024-07-22,30000.00,4.18915,101.4775
09:46:28,91282CKQ3,TSRYS5802845,D,S,D,2024-07-22,1000000.00,4.223289,101.203125
09:46:33,91282CKQ3,TSRYS5802845,D,S,D,2024-07-22,2000000.00,4.222316,101.2109375
09:46:33,91282CKQ3,TSRYS5802845,D,S,D,2024-07-22,3000000.00,4.222316,101.2109375
09:46:34,91282CKQ3,TSRYS5802845,D,S,C,2024-07-22,7983000.00,4.222802,101.20703125
09:46:34,91282CKQ3,TSRYS5802845,D,S,D,2024-07-22,12000000.00,4.224539,101.1931
09:46:39,91282CKQ3,TSRYS5802845,D,S,D,2024-07-22,868000.00,4.222601,101.20864636696
09:46:41,91282CKQ3,TSRYS5802845,D,B,C,2024-07-22,5380000.00,4.222316,101.2109375
09:46:42,91282CKQ3,TSRYS5802845,D,S,D,2024-07-22,1000000.00,4.223289,101.203125
09:46:49,91282CKQ3,TSRYS5802845,D,S,D,2024-07-22,1000000.00,4.221829,101.21484375
09:46:49,91282CKQ3,TSRYS5802845,D,B,C,2024-07-22,1000000.00,4.221829,101.21484375
09:46:52,91282CKQ3,TSRYS5802845,D,S,D,2024-07-22,1000000.00,4.223289,101.203125
09:46:54,91282CKQ3,TSRYS5802845,D,S,D,2024-07-22,30000.00,4.220626,101.2245
09:47:07,91282CKQ3,TSRYS5802845,D,S,D,2024-07-22,2000000.00,4.221829,101.21484375
09:47:23,91282CKQ3,TSRYS5802845,D,S,D,2024-07-22,2000000.00,4.222072,101.212890625
09:47:27,91282CKQ3,TSRYS5802845,D,B,C,2024-07-22,60000000.00,4.222802,101.20703125
09:47:32,91282CKQ3,TSRYS5802845,D,S,D,2024-07-22,2000000.00,4.222072,101.212890625
09:47:32,91282CKQ3,TSRYS5802845,D,S,D,2024-07-22,3000000.00,4.222316,101.2109375
09:47:32,91282CKQ3,TSRYS5802845,D,S,D,2024-07-22,2000000.00,4.222316,101.2109375
09:47:32,91282CKQ3,TSRYS5802845,D,S,T,2024-07-22,2000000.00,4.222085,101.212790625
09:47:37,91282CKQ3,TSRYS5802845,D,S,T,2024-07-22,1000000.00,4.222331,101.2108125
09:47:37,91282CKQ3,TSRYS5802845,D,S,T,2024-07-22,3000000.00,4.222331,101.2108125
09:47:42,91282CKQ3,TSRYS5802845,D,B,C,2024-07-22,100000.00,4.221342,101.21875
09:47:58,91282CKQ3,TSRYS5802845,D,B,C,2024-07-22,1000000.00,4.223289,101.203125
09:47:58,91282CKQ3,TSRYS5802845,D,S,C,2024-07-22,1000000.00,4.223277,101.203225
09:47:58,91282CKQ3,TSRYS5802845,D,B,C,2024-07-22,3000000.00,4.223289,101.203125
09:47:58,91282CKQ3,TSRYS5802845,D,S,C,2024-07-22,3000000.00,4.223277,101.203225
09:47:58,91282CKQ3,TSRYS5802845,D,S,D,2024-07-22,1000000.00,4.223289,101.203125
09:47:58,91282CKQ3,TSRYS5802845,D,S,D,2024-07-22,1000000.00,4.223289,101.203125
09:47:58,91282CKQ3,TSRYS5802845,D,S,D,2024-07-22,3000000.00,4.223289,101.203125
09:47:58,91282CKQ3,TSRYS5802845,D,S,D,2024-07-22,2000000.00,4.223289,101.203125
09:47:58,91282CKQ3,TSRYS5802845,D,S,D,2024-07-22,2000000.00,4.223289,101.203125
09:47:58,91282CKQ3,TSRYS5802845,D,B,C,2024-07-22,2000000.00,4.223289,101.203125
09:47:58,91282CKQ3,TSRYS5802845,D,S,C,2024-07-22,1000000.00,4.223277,101.203225
09:47:58,91282CKQ3,TSRYS5802845,D,B,C,2024-07-22,1000000.00,4.223289,101.203125
09:47:58,91282CKQ3,TSRYS5802845,D,S,D,2024-07-22,1000000.00,4.223289,101.203125
09:47:58,91282CKQ3,TSRYS5802845,D,S,D,2024-07-22,1000000.00,4.223289,101.203125
09:47:58,91282CKQ3,TSRYS5802845,D,B,C,2024-07-22,1000000.00,4.223289,101.203125
09:47:58,91282CKQ3,TSRYS5802845,D,S,D,2024-07-22,2000000.00,4.223289,101.203125
09:47:58,91282CKQ3,TSRYS5802845,D,S,C,2024-07-22,1000000.00,4.223277,101.203225
09:47:58,91282CKQ3,TSRYS5802845,D,B,C,2024-07-22,1000000.00,4.223289,101.203125
09:47:58,91282CKQ3,TSRYS5802845,D,S,C,2024-07-22,1000000.00,4.223277,101.203225
09:47:58,91282CKQ3,TSRYS5802845,D,S,C,2024-07-22,1000000.00,4.225237,101.1875
09:47:58,91282CKQ3,TSRYS5802845,D,S,C,2024-07-22,1000000.00,4.225237,101.1875
09:47:58,91282CKQ3,TSRYS5802845,D,B,C,2024-07-22,2000000.00,4.223289,101.203125
09:47:58,91282CKQ3,TSRYS5802845,D,S,D,2024-07-22,2000000.00,4.223289,101.203125
09:47:58,91282CKQ3,TSRYS5802845,D,S,D,2024-07-22,1000000.00,4.223289,101.203125
09:47:58,91282CKQ3,TSRYS5802845,D,B,C,2024-07-22,1000000.00,4.223289,101.203125
09:47:58,91282CKQ3,TSRYS5802845,D,S,D,2024-07-22,1000000.00,4.223289,101.203125
09:47:58,91282CKQ3,TSRYS5802845,D,B,C,2024-07-22,2000000.00,4.223289,101.203125
09:47:58,91282CKQ3,TSRYS5802845,D,B,C,2024-07-22,1000000.00,4.223289,101.203125
09:47:58,91282CKQ3,TSRYS5802845,D,S,C,2024-07-22,2000000.00,4.223289,101.203125
09:47:58,91282CKQ3,TSRYS5802845,D,S,D,2024-07-22,2000000.00,4.223289,101.203125
09:47:58,91282CKQ3,TSRYS5802845,D,S,D,2024-07-22,1000000.00,4.223289,101.203125
09:47:58,91282CKQ3,TSRYS5802845,D,S,D,2024-07-22,2000000.00,4.223289,101.203125
09:47:58,91282CKQ3,TSRYS5802845,D,B,C,2024-07-22,2000000.00,4.223289,101.203125
09:47:58,91282CKQ3,TSRYS5802845,D,B,C,2024-07-22,1000000.00,4.223289,101.203125
09:47:58,91282CKQ3,TSRYS5802845,D,S,C,2024-07-22,2000000.00,4.223289,101.203125
09:47:58,91282CKQ3,TSRYS5802845,D,B,C,2024-07-22,2000000.00,4.223289,101.203125
09:47:58,91282CKQ3,TSRYS5802845,D,B,C,2024-07-22,2000000.00,4.223289,101.203125
09:47:58,91282CKQ3,TSRYS5802845,D,S,D,2024-07-22,2000000.00,4.223289,101.203125
09:47:58,91282CKQ3,TSRYS5802845,D,S,C,2024-07-22,1000000.00,4.225237,101.1875
09:47:58,91282CKQ3,TSRYS5802845,D,S,C,2024-07-22,1000000.00,4.225237,101.1875
09:47:58,91282CKQ3,TSRYS5802845,D,B,C,2024-07-22,4000000.00,4.225237,101.1875
09:47:58,91282CKQ3,TSRYS5802845,D,S,C,2024-07-22,4000000.00,4.225237,101.1875
09:47:58,91282CKQ3,TSRYS5802845,D,S,C,2024-07-22,2000000.00,4.225237,101.1875
09:47:58,91282CKQ3,TSRYS5802845,D,B,C,2024-07-22,1000000.00,4.225237,101.1875
09:47:58,91282CKQ3,TSRYS5802845,D,S,D,2024-07-22,1000000.00,4.225237,101.1875
09:47:58,91282CKQ3,TSRYS5802845,D,B,C,2024-07-22,2000000.00,4.225249,101.1874
09:47:58,91282CKQ3,TSRYS5802845,D,S,D,2024-07-22,2000000.00,4.225218,101.187652
09:47:58,91282CKQ3,TSRYS5802845,D,B,C,2024-07-22,1000000.00,4.225237,101.1875
09:47:58,91282CKQ3,TSRYS5802845,D,S,D,2024-07-22,3000000.00,4.225237,101.1875
09:47:58,91282CKQ3,TSRYS5802845,D,B,C,2024-07-22,3000000.00,4.225237,101.1875
09:47:58,91282CKQ3,TSRYS5802845,D,S,C,2024-07-22,1000000.00,4.225237,101.1875
09:47:58,91282CKQ3,TSRYS5802845,D,B,C,2024-07-22,3000000.00,4.225237,101.1875
09:47:58,91282CKQ3,TSRYS5802845,D,S,D,2024-07-22,2000000.00,4.225237,101.1875
09:47:58,91282CKQ3,TSRYS5802845,D,S,D,2024-07-22,1000000.00,4.225237,101.1875
09:47:58,91282CKQ3,TSRYS5802845,D,S,D,2024-07-22,3000000.00,4.225237,101.1875
09:47:58,91282CKQ3,TSRYS5802845,D,S,D,2024-07-22,2000000.00,4.225237,101.1875
09:47:58,91282CKQ3,TSRYS5802845,D,B,C,2024-07-22,1000000.00,4.225237,101.1875
09:47:58,91282CKQ3,TSRYS5802845,D,S,D,2024-07-22,1000000.00,4.225218,101.187652
09:47:58,91282CKQ3,TSRYS5802845,D,B,C,2024-07-22,1000000.00,4.225237,101.1875
09:47:58,91282CKQ3,TSRYS5802845,D,S,D,2024-07-22,1000000.00,4.225218,101.187652
09:47:58,91282CKQ3,TSRYS5802845,D,B,C,2024-07-22,2000000.00,4.225237,101.1875
09:47:58,91282CKQ3,TSRYS5802845,D,S,D,2024-07-22,2000000.00,4.225218,101.187652
09:47:58,91282CKQ3,TSRYS5802845,D,B,C,2024-07-22,2000000.00,4.225237,101.1875
09:47:58,91282CKQ3,TSRYS5802845,D,S,C,2024-07-22,2000000.00,4.225237,101.1875
09:47:58,91282CKQ3,TSRYS5802845,D,S,C,2024-07-22,1000000.00,4.225209,101.187725
09:47:58,91282CKQ3,TSRYS5802845,D,S,C,2024-07-22,1000000.00,4.225237,101.1875
09:47:58,91282CKQ3,TSRYS5802845,D,B,C,2024-07-22,1000000.00,4.225237,101.1875
09:47:58,91282CKQ3,TSRYS5802845,D,S,D,2024-07-22,1000000.00,4.225237,101.1875
09:47:58,91282CKQ3,TSRYS5802845,D,S,D,2024-07-22,1000000.00,4.225237,101.1875
09:47:58,91282CKQ3,TSRYS5802845,D,B,C,2024-07-22,1000000.00,4.225237,101.1875
09:47:58,91282CKQ3,TSRYS5802845,D,B,C,2024-07-22,1000000.00,4.225237,101.1875
09:47:58,91282CKQ3,TSRYS5802845,D,S,C,2024-07-22,1000000.00,4.225237,101.1875
09:47:58,91282CKQ3,TSRYS5802845,D,S,D,2024-07-22,2000000.00,4.225237,101.1875
09:47:58,91282CKQ3,TSRYS5802845,D,B,C,2024-07-22,2000000.00,4.225237,101.1875
09:47:58,91282CKQ3,TSRYS5802845,D,S,C,2024-07-22,1000000.00,4.227185,101.171875
09:47:58,91282CKQ3,TSRYS5802845,D,B,C,2024-07-22,1000000.00,4.227206,101.1717
09:47:59,91282CKQ3,TSRYS5802845,D,S,C,2024-07-22,1000000.00,4.227185,101.171875
09:47:59,91282CKQ3,TSRYS5802845,D,B,C,2024-07-22,1000000.00,4.227206,101.1717
09:47:59,91282CKQ3,TSRYS5802845,D,S,D,2024-07-22,1000000.00,4.225237,101.1875
09:47:59,91282CKQ3,TSRYS5802845,D,B,C,2024-07-22,1000000.00,4.225237,101.1875
09:47:59,91282CKQ3,TSRYS5802845,D,S,C,2024-07-22,1000000.00,4.227166,101.172025
09:47:59,91282CKQ3,TSRYS5802845,D,S,C,2024-07-22,1000000.00,4.227153,101.172125
09:47:59,91282CKQ3,TSRYS5802845,D,S,D,2024-07-22,1000000.00,4.227185,101.171875
09:47:59,91282CKQ3,TSRYS5802845,D,S,C,2024-07-22,2000000.00,4.227153,101.172125
09:47:59,91282CKQ3,TSRYS5802845,D,S,D,2024-07-22,1000000.00,4.227185,101.171875
09:47:59,91282CKQ3,TSRYS5802845,D,S,C,2024-07-22,1000000.00,4.227185,101.171875
09:47:59,91282CKQ3,TSRYS5802845,D,S,C,2024-07-22,1000000.00,4.22716,101.172075
09:47:59,91282CKQ3,TSRYS5802845,D,S,C,2024-07-22,2000000.00,4.22716,101.172075
09:47:59,91282CKQ3,TSRYS5802845,D,S,C,2024-07-22,2000000.00,4.22716,101.172075
09:47:59,91282CKQ3,TSRYS5802845,D,S,C,2024-07-22,2000000.00,4.227166,101.172025
09:47:59,91282CKQ3,TSRYS5802845,D,B,C,2024-07-22,2000000.00,4.225237,101.1875
09:47:59,91282CKQ3,TSRYS5802845,D,S,D,2024-07-22,2000000.00,4.225237,101.1875
09:47:59,91282CKQ3,TSRYS5802845,D,S,D,2024-07-22,2000000.00,4.225237,101.1875
09:47:59,91282CKQ3,TSRYS5802845,D,B,C,2024-07-22,2000000.00,4.225237,101.1875
09:47:59,91282CKQ3,TSRYS5802845,D,S,D,2024-07-22,1000000.00,4.225237,101.1875
09:47:59,91282CKQ3,TSRYS5802845,D,S,D,2024-07-22,2000000.00,4.225237,101.1875
09:47:59,91282CKQ3,TSRYS5802845,D,S,C,2024-07-22,1000000.00,4.225237,101.1875
09:47:59,91282CKQ3,TSRYS5802845,D,B,C,2024-07-22,2000000.00,4.225249,101.1874
09:47:59,91282CKQ3,TSRYS5802845,D,S,D,2024-07-22,1000000.00,4.225237,101.1875
09:47:59,91282CKQ3,TSRYS5802845,D,S,D,2024-07-22,1000000.00,4.225237,101.1875
09:47:59,91282CKQ3,TSRYS5802845,D,S,D,2024-07-22,2000000.00,4.225237,101.1875
09:47:59,91282CKQ3,TSRYS5802845,D,B,C,2024-07-22,1000000.00,4.225237,101.1875
09:47:59,91282CKQ3,TSRYS5802845,D,B,C,2024-07-22,1000000.00,4.225259,101.187325
09:47:59,91282CKQ3,TSRYS5802845,D,B,C,2024-07-22,1000000.00,4.225237,101.1875
09:47:59,91282CKQ3,TSRYS5802845,D,S,C,2024-07-22,2000000.00,4.225237,101.1875
09:47:59,91282CKQ3,TSRYS5802845,D,B,C,2024-07-22,2000000.00,4.225262,101.187298
09:47:59,91282CKQ3,TSRYS5802845,D,B,C,2024-07-22,2000000.00,4.225262,101.187298
09:47:59,91282CKQ3,TSRYS5802845,D,S,C,2024-07-22,1000000.00,4.225237,101.1875
09:47:59,91282CKQ3,TSRYS5802845,D,S,C,2024-07-22,1000000.00,4.225224,101.1876
09:47:59,91282CKQ3,TSRYS5802845,D,S,D,2024-07-22,2000000.00,4.225237,101.1875
09:47:59,91282CKQ3,TSRYS5802845,D,B,C,2024-07-22,1000000.00,4.225262,101.187298
09:47:59,91282CKQ3,TSRYS5802845,D,S,C,2024-07-22,1000000.00,4.225237,101.1875
09:47:59,91282CKQ3,TSRYS5802845,D,B,C,2024-07-22,1000000.00,4.225262,101.187298
09:47:59,91282CKQ3,TSRYS5802845,D,B,C,2024-07-22,1000000.00,4.225262,101.187298
09:47:59,91282CKQ3,TSRYS5802845,D,B,C,2024-07-22,1000000.00,4.225262,101.187298
09:47:59,91282CKQ3,TSRYS5802845,D,S,C,2024-07-22,1000000.00,4.225237,101.1875
09:47:59,91282CKQ3,TSRYS5802845,D,S,D,2024-07-22,5000000.00,4.225237,101.1875
09:47:59,91282CKQ3,TSRYS5802845,D,S,D,2024-07-22,1000000.00,4.225237,101.1875
09:47:59,91282CKQ3,TSRYS5802845,D,B,C,2024-07-22,1000000.00,4.225237,101.1875
09:47:59,91282CKQ3,TSRYS5802845,D,B,C,2024-07-22,1000000.00,4.225237,101.1875
09:47:59,91282CKQ3,TSRYS5802845,D,B,C,2024-07-22,1000000.00,4.225262,101.187298
09:47:59,91282CKQ3,TSRYS5802845,D,S,D,2024-07-22,1000000.00,4.225237,101.1875
09:47:59,91282CKQ3,TSRYS5802845,D,S,D,2024-07-22,1000000.00,4.225174,101.188
09:47:59,91282CKQ3,TSRYS5802845,D,S,D,2024-07-22,1000000.00,4.225237,101.1875
09:47:59,91282CKQ3,TSRYS5802845,D,B,C,2024-07-22,1000000.00,4.225237,101.1875
09:47:59,91282CKQ3,TSRYS5802845,D,S,D,2024-07-22,2000000.00,4.225237,101.1875
09:47:59,91282CKQ3,TSRYS5802845,D,S,C,2024-07-22,1000000.00,4.225237,101.1875
09:47:59,91282CKQ3,TSRYS5802845,D,B,C,2024-07-22,1000000.00,4.225262,101.187298
09:47:59,91282CKQ3,TSRYS5802845,D,S,C,2024-07-22,1000000.00,4.225237,101.1875
09:47:59,91282CKQ3,TSRYS5802845,D,B,C,2024-07-22,1000000.00,4.225262,101.187298
09:47:59,91282CKQ3,TSRYS5802845,D,S,C,2024-07-22,2000000.00,4.225237,101.1875
09:47:59,91282CKQ3,TSRYS5802845,D,B,C,2024-07-22,2000000.00,4.225262,101.187298
09:47:59,91282CKQ3,TSRYS5802845,D,B,C,2024-07-22,1000000.00,4.225237,101.1875
09:47:59,91282CKQ3,TSRYS5802845,D,S,D,2024-07-22,4000000.00,4.225237,101.1875
09:47:59,91282CKQ3,TSRYS5802845,D,S,C,2024-07-22,1000000.00,4.225237,101.1875
09:47:59,91282CKQ3,TSRYS5802845,D,S,C,2024-07-22,1000000.00,4.225237,101.1875
09:47:59,91282CKQ3,TSRYS5802845,D,B,C,2024-07-22,2000000.00,4.225237,101.1875
09:47:59,91282CKQ3,TSRYS5802845,D,B,C,2024-07-22,1000000.00,4.225237,101.1875
09:47:59,91282CKQ3,TSRYS5802845,D,S,D,2024-07-22,5000000.00,4.225237,101.1875
09:48:00,91282CKQ3,TSRYS5802845,D,B,C,2024-07-22,4000000.00,4.225237,101.1875
09:48:00,91282CKQ3,TSRYS5802845,D,B,C,2024-07-22,1000000.00,4.225237,101.1875
09:48:00,91282CKQ3,TSRYS5802845,D,B,C,2024-07-22,5000000.00,4.225237,101.1875
09:48:00,91282CKQ3,TSRYS5802845,D,S,D,2024-07-22,2000000.00,4.225237,101.1875
09:48:00,91282CKQ3,TSRYS5802845,D,S,C,2024-07-22,1000000.00,4.225237,101.1875
09:48:00,91282CKQ3,TSRYS5802845,D,S,D,2024-07-22,2000000.00,4.225237,101.1875
09:48:00,91282CKQ3,TSRYS5802845,D,S,D,2024-07-22,1000000.00,4.225237,101.1875
09:48:00,91282CKQ3,TSRYS5802845,D,B,C,2024-07-22,1000000.00,4.225237,101.1875
09:48:00,91282CKQ3,TSRYS5802845,D,B,C,2024-07-22,1000000.00,4.225249,101.1874
09:48:00,91282CKQ3,TSRYS5802845,D,S,C,2024-07-22,1000000.00,4.225237,101.1875
09:48:00,91282CKQ3,TSRYS5802845,D,S,C,2024-07-22,2000000.00,4.225237,101.1875
09:48:00,91282CKQ3,TSRYS5802845,D,B,C,2024-07-22,1000000.00,4.225237,101.1875
09:48:00,91282CKQ3,TSRYS5802845,D,S,D,2024-07-22,1000000.00,4.225237,101.1875
09:48:00,91282CKQ3,TSRYS5802845,D,S,D,2024-07-22,1000000.00,4.225237,101.1875
09:48:00,91282CKQ3,TSRYS5802845,D,B,C,2024-07-22,1000000.00,4.225237,101.1875
09:48:00,91282CKQ3,TSRYS5802845,D,B,C,2024-07-22,1000000.00,4.225249,101.1874
09:48:00,91282CKQ3,TSRYS5802845,D,S,C,2024-07-22,1000000.00,4.225237,101.1875
09:48:00,91282CKQ3,TSRYS5802845,D,B,C,2024-07-22,1000000.00,4.225249,101.1874
09:48:00,91282CKQ3,TSRYS5802845,D,S,D,2024-07-22,1000000.00,4.225237,101.1875
09:48:00,91282CKQ3,TSRYS5802845,D,S,D,2024-07-22,2000000.00,4.223327,101.2028223
09:48:00,91282CKQ3,TSRYS5802845,D,B,C,2024-07-22,2000000.00,4.223346,101.2026723
09:48:00,91282CKQ3,TSRYS5802845,D,B,C,2024-07-22,1000000.00,4.223289,101.203125
09:48:00,91282CKQ3,TSRYS5802845,D,S,C,2024-07-22,1000000.00,4.223277,101.203225
09:48:00,91282CKQ3,TSRYS5802845,D,B,C,2024-07-22,2000000.00,4.223289,101.203125
09:48:00,91282CKQ3,TSRYS5802845,D,S,C,2024-07-22,1000000.00,4.223277,101.203225
09:48:00,91282CKQ3,TSRYS5802845,D,B,C,2024-07-22,1000000.00,4.223314,101.202925
09:48:00,91282CKQ3,TSRYS5802845,D,S,C,2024-07-22,2000000.00,4.223277,101.203225
09:48:00,91282CKQ3,TSRYS5802845,D,S,C,2024-07-22,1000000.00,4.223289,101.203125
09:48:00,91282CKQ3,TSRYS5802845,D,S,C,2024-07-22,1000000.00,4.223289,101.203125
09:48:00,91282CKQ3,TSRYS5802845,D,S,C,2024-07-22,1000000.00,4.223277,101.203225
09:48:00,91282CKQ3,TSRYS5802845,D,B,C,2024-07-22,1000000.00,4.223289,101.203125
09:48:00,91282CKQ3,TSRYS5802845,D,S,C,2024-07-22,1000000.00,4.223277,101.203225
09:48:00,91282CKQ3,TSRYS5802845,D,B,C,2024-07-22,1000000.00,4.223327,101.202825
09:48:00,91282CKQ3,TSRYS5802845,D,S,C,2024-07-22,1000000.00,4.223277,101.203225
