tradeTime,cusip,issueSymbolIdentifier,priceType,reportingSideCode,contraPartyTypeCode,tradeDate,reportedTradeVolume,lastSaleYield,lastSalePrice
08:00:05,91282CKQ3,TSRYS5802845,D,S,T,2024-07-19,1000000.00,4.209708,101.3125
08:00:05,91282CKQ3,TSRYS5802845,D,S,T,2024-07-19,1000000.00,4.207764,101.328125
08:00:05,91282CKQ3,TSRYS5802845,D,S,T,2024-07-19,1000000.00,4.198048,101.40625
08:00:05,91282CKQ3,TSRYS5802845,D,S,T,2024-07-19,1000000.00,4.198048,101.40625
08:00:05,91282CKQ3,TSRYS5802845,D,S,T,2024-07-19,1000000.00,4.186401,101.5
08:00:05,91282CKQ3,TSRYS5802845,D,S,T,2024-07-19,1000000.00,4.185431,101.5078125
08:00:05,91282CKQ3,TSRYS5802845,D,S,T,2024-07-19,2000000.00,4.186401,101.5
08:00:05,91282CKQ3,TSRYS5802845,D,S,T,2024-07-19,1000000.00,4.186401,101.5
08:00:05,91282CKQ3,TSRYS5802845,D,S,T,2024-07-19,1000000.00,4.194164,101.4375
08:00:05,91282CKQ3,TSRYS5802845,D,S,T,2024-07-19,2000000.00,4.19999,101.390625
08:00:05,91282CKQ3,TSRYS5802845,D,S,T,2024-07-19,1000000.00,4.202905,101.3671875
08:00:05,91282CKQ3,TSRYS5802845,D,S,T,2024-07-19,4000000.00,4.203876,101.359375
08:00:05,91282CKQ3,TSRYS5802845,D,S,T,2024-07-19,1000000.00,4.203876,101.359375
08:00:05,91282CKQ3,TSRYS5802845,D,S,T,2024-07-19,1000000.00,4.200962,101.3828125
08:00:05,91282CKQ3,TSRYS5802845,D,S,T,2024-07-19,1000000.00,4.198048,101.40625
08:00:05,91282CKQ3,TSRYS5802845,D,S,T,2024-07-19,1000000.00,4.198048,101.40625
08:00:05,91282CKQ3,TSRYS5802845,D,S,T,2024-07-19,1000000.00,4.198048,101.40625
08:00:05,91282CKQ3,TSRYS5802845,D,S,T,2024-07-19,1000000.00,4.198048,101.40625
08:00:05,91282CKQ3,TSRYS5802845,D,S,T,2024-07-19,1000000.00,4.198048,101.40625
08:00:05,91282CKQ3,TSRYS5802845,D,S,T,2024-07-19,1000000.00,4.198048,101.40625
08:00:05,91282CKQ3,TSRYS5802845,D,S,T,2024-07-19,1000000.00,4.203876,101.359375
08:00:05,91282CKQ3,TSRYS5802845,D,S,T,2024-07-19,1000000.00,4.211652,101.296875
08:00:05,91282CKQ3,TSRYS5802845,D,S,T,2024-07-19,2000000.00,4.211652,101.296875
08:00:05,91282CKQ3,TSRYS5802845,D,S,T,2024-07-19,1000000.00,4.209708,101.3125
08:00:05,91282CKQ3,TSRYS5802845,D,S,T,2024-07-19,1000000.00,4.209708,101.3125
08:00:05,91282CKQ3,TSRYS5802845,D,S,T,2024-07-19,3000000.00,4.20582,101.34375
08:00:05,91282CKQ3,TSRYS5802845,D,S,T,2024-07-19,1000000.00,4.20582,101.34375
08:00:05,91282CKQ3,TSRYS5802845,D,S,T,2024-07-19,1000000.00,4.203876,101.359375
08:00:06,91282CKQ3,TSRYS5802845,D,S,T,2024-07-19,1000000.00,4.190282,101.46875
08:00:06,91282CKQ3,TSRYS5802845,D,S,T,2024-07-19,1000000.00,4.184461,101.515625
08:00:06,91282CKQ3,TSRYS5802845,D,S,D,2024-07-19,1000000.00,4.185431,101.5078125
08:00:06,91282CKQ3,TSRYS5802845,D,S,T,2024-07-19,1000000.00,4.185431,101.5078125
08:00:06,91282CKQ3,TSRYS5802845,D,S,T,2024-07-19,1000000.00,4.185916,101.50390625
08:00:06,91282CKQ3,TSRYS5802845,D,S,T,2024-07-19,1000000.00,4.192223,101.453125
08:00:06,91282CKQ3,TSRYS5802845,D,S,T,2024-07-19,1000000.00,4.192223,101.453125
08:00:06,91282CKQ3,TSRYS5802845,D,S,D,2024-07-19,2000000.00,4.192223,101.453125
08:00:06,91282CKQ3,TSRYS5802845,D,S,T,2024-07-19,1000000.00,4.192223,101.453125
08:00:06,91282CKQ3,TSRYS5802845,D,S,T,2024-07-19,1000000.00,4.192223,101.453125
08:00:06,91282CKQ3,TSRYS5802845,D,S,D,2024-07-19,2000000.00,4.192223,101.453125
08:00:06,91282CKQ3,TSRYS5802845,D,S,T,2024-07-19,2000000.00,4.19101,101.462890625
08:00:06,91282CKQ3,TSRYS5802845,D,S,T,2024-07-19,2000000.00,4.19101,101.462890625
08:00:06,91282CKQ3,TSRYS5802845,D,S,T,2024-07-19,2000000.00,4.19101,101.462890625
08:00:06,91282CKQ3,TSRYS5802845,D,S,D,2024-07-19,2000000.00,4.190282,101.46875
08:00:06,91282CKQ3,TSRYS5802845,D,S,D,2024-07-19,2000000.00,4.190282,101.46875
08:00:06,91282CKQ3,TSRYS5802845,D,S,D,2024-07-19,2000000.00,4.190282,101.46875
08:00:06,91282CKQ3,TSRYS5802845,D,S,D,2024-07-19,2000000.00,4.190282,101.46875
08:00:06,91282CKQ3,TSRYS5802845,D,S,T,2024-07-19,1000000.00,4.189797,101.47265625
08:00:06,91282CKQ3,TSRYS5802845,D,S,T,2024-07-19,2000000.00,4.191252,101.4609375
08:00:06,91282CKQ3,TSRYS5802845,D,S,D,2024-07-19,1000000.00,4.191252,101.4609375
08:00:06,91282CKQ3,TSRYS5802845,D,S,D,2024-07-19,1000000.00,4.198291,101.404296875
08:00:06,91282CKQ3,TSRYS5802845,D,S,D,2024-07-19,1000000.00,4.198291,101.404296875
08:00:06,91282CKQ3,TSRYS5802845,D,S,D,2024-07-19,1000000.00,4.198534,101.40234375
08:00:06,91282CKQ3,TSRYS5802845,D,S,T,2024-07-19,2000000.00,4.200719,101.384765625
08:00:06,91282CKQ3,TSRYS5802845,D,S,D,2024-07-19,4000000.00,4.19999,101.390625
08:00:06,91282CKQ3,TSRYS5802845,D,S,D,2024-07-19,2000000.00,4.19999,101.390625
08:00:06,91282CKQ3,TSRYS5802845,D,S,T,2024-07-19,1000000.00,4.202176,101.373046875
08:00:06,91282CKQ3,TSRYS5802845,D,S,D,2024-07-19,2000000.00,4.202176,101.373046875
08:00:06,91282CKQ3,TSRYS5802845,D,S,T,2024-07-19,2000000.00,4.201933,101.375
08:00:06,91282CKQ3,TSRYS5802845,D,S,D,2024-07-19,1000000.00,4.201205,101.380859375
08:00:06,91282CKQ3,TSRYS5802845,D,S,T,2024-07-19,3000000.00,4.200962,101.3828125
08:00:06,91282CKQ3,TSRYS5802845,D,S,T,2024-07-19,2000000.00,4.201205,101.380859375
08:00:06,91282CKQ3,TSRYS5802845,D,S,T,2024-07-19,1000000.00,4.202662,101.369140625
08:00:06,91282CKQ3,TSRYS5802845,D,S,D,2024-07-19,1000000.00,4.213597,101.28125
08:00:06,91282CKQ3,TSRYS5802845,D,S,T,2024-07-19,1000000.00,4.218461,101.2421875
08:00:06,91282CKQ3,TSRYS5802845,D,S,T,2024-07-19,2000000.00,4.218461,101.2421875
08:00:06,91282CKQ3,TSRYS5802845,D,S,D,2024-07-19,1000000.00,4.218461,101.2421875
08:00:06,91282CKQ3,TSRYS5802845,D,S,T,2024-07-19,2000000.00,4.217245,101.251953125
08:00:06,91282CKQ3,TSRYS5802845,D,S,D,2024-07-19,1000000.00,4.217245,101.251953125
08:00:06,91282CKQ3,TSRYS5802845,D,S,D,2024-07-19,1000000.00,4.217245,101.251953125
08:00:06,91282CKQ3,TSRYS5802845,D,S,D,2024-07-19,1000000.00,4.214813,101.271484375
08:00:06,91282CKQ3,TSRYS5802845,D,S,D,2024-07-19,1000000.00,4.214813,101.271484375
08:00:06,91282CKQ3,TSRYS5802845,D,S,T,2024-07-19,2000000.00,4.214813,101.271484375
08:00:06,91282CKQ3,TSRYS5802845,D,S,T,2024-07-19,1000000.00,4.209708,101.3125
08:00:06,91282CKQ3,TSRYS5802845,D,S,D,2024-07-19,1000000.00,4.209951,101.310546875
08:00:06,91282CKQ3,TSRYS5802845,D,S,D,2024-07-19,1000000.00,4.209951,101.310546875
08:00:06,91282CKQ3,TSRYS5802845,D,S,D,2024-07-19,1000000.00,4.21068,101.3046875
08:00:06,91282CKQ3,TSRYS5802845,D,S,T,2024-07-19,1000000.00,4.209951,101.310546875
08:00:06,91282CKQ3,TSRYS5802845,D,S,D,2024-07-19,1000000.00,4.209951,101.310546875
08:00:06,91282CKQ3,TSRYS5802845,D,S,D,2024-07-19,1000000.00,4.209951,101.310546875
08:00:06,91282CKQ3,TSRYS5802845,D,S,D,2024-07-19,1000000.00,4.209951,101.310546875
08:00:06,91282CKQ3,TSRYS5802845,D,S,D,2024-07-19,1000000.00,4.209951,101.310546875
08:00:06,91282CKQ3,TSRYS5802845,D,S,D,2024-07-19,1000000.00,4.209951,101.310546875
08:00:06,91282CKQ3,TSRYS5802845,D,S,T,2024-07-19,1000000.00,4.207764,101.328125
08:00:06,91282CKQ3,TSRYS5802845,D,S,T,2024-07-19,2000000.00,4.208493,101.322265625
08:00:06,91282CKQ3,TSRYS5802845,D,S,T,2024-07-19,1000000.00,4.209951,101.310546875
08:00:06,91282CKQ3,TSRYS5802845,D,S,D,2024-07-19,2000000.00,4.212625,101.2890625
08:00:06,91282CKQ3,TSRYS5802845,D,S,D,2024-07-19,2000000.00,4.212625,101.2890625
08:00:06,91282CKQ3,TSRYS5802845,D,S,D,2024-07-19,2000000.00,4.212625,101.2890625
08:00:06,91282CKQ3,TSRYS5802845,D,S,D,2024-07-19,2000000.00,4.212625,101.2890625
08:00:06,91282CKQ3,TSRYS5802845,D,S,T,2024-07-19,2000000.00,4.20825,101.32421875
08:00:06,91282CKQ3,TSRYS5802845,D,S,T,2024-07-19,2000000.00,4.20825,101.32421875
08:00:06,91282CKQ3,TSRYS5802845,D,S,T,2024-07-19,2000000.00,4.20825,101.32421875
08:00:06,91282CKQ3,TSRYS5802845,D,S,T,2024-07-19,1000000.00,4.20582,101.34375
08:00:06,91282CKQ3,TSRYS5802845,D,S,T,2024-07-19,1000000.00,4.186886,101.49609375
08:00:06,91282CKQ3,TSRYS5802845,D,S,T,2024-07-19,1000000.00,4.194407,101.435546875
08:00:06,91282CKQ3,TSRYS5802845,D,S,T,2024-07-19,1000000.00,4.194407,101.435546875
08:00:06,91282CKQ3,TSRYS5802845,D,S,T,2024-07-19,1000000.00,4.19465,101.43359375
08:00:06,91282CKQ3,TSRYS5802845,D,S,T,2024-07-19,1000000.00,4.19465,101.43359375
08:00:06,91282CKQ3,TSRYS5802845,D,S,T,2024-07-19,1000000.00,4.20582,101.34375
08:00:06,91282CKQ3,TSRYS5802845,D,S,T,2024-07-19,1000000.00,4.20582,101.34375
08:00:06,91282CKQ3,TSRYS5802845,D,S,D,2024-07-19,2000000.00,4.203876,101.359375
08:00:06,91282CKQ3,TSRYS5802845,D,S,D,2024-07-19,2000000.00,4.203876,101.359375
08:00:06,91282CKQ3,TSRYS5802845,D,S,T,2024-07-19,2000000.00,4.201933,101.375
08:00:06,91282CKQ3,TSRYS5802845,D,S,D,2024-07-19,2000000.00,4.200962,101.3828125
08:00:06,91282CKQ3,TSRYS5802845,D,S,D,2024-07-19,1000000.00,4.200962,101.3828125
08:00:06,91282CKQ3,TSRYS5802845,D,S,D,2024-07-19,1000000.00,4.200962,101.3828125
08:00:06,91282CKQ3,TSRYS5802845,D,S,T,2024-07-19,1000000.00,4.201447,101.37890625
08:00:06,91282CKQ3,TSRYS5802845,D,S,T,2024-07-19,1000000.00,4.202662,101.369140625
08:00:06,91282CKQ3,TSRYS5802845,D,S,T,2024-07-19,1000000.00,4.202662,101.369140625
08:00:06,91282CKQ3,TSRYS5802845,D,S,T,2024-07-19,1000000.00,4.198048,101.40625
08:00:06,91282CKQ3,TSRYS5802845,D,S,D,2024-07-19,2000000.00,4.196834,101.416015625
08:00:06,91282CKQ3,TSRYS5802845,D,S,T,2024-07-19,1000000.00,4.194892,101.431640625
08:00:06,91282CKQ3,TSRYS5802845,D,S,T,2024-07-19,1000000.00,4.194892,101.431640625
08:00:06,91282CKQ3,TSRYS5802845,D,S,T,2024-07-19,2000000.00,4.194892,101.431640625
08:00:06,91282CKQ3,TSRYS5802845,D,S,T,2024-07-19,1000000.00,4.193194,101.4453125
08:00:06,91282CKQ3,TSRYS5802845,D,S,T,2024-07-19,1000000.00,4.193194,101.4453125
08:00:06,91282CKQ3,TSRYS5802845,D,S,T,2024-07-19,1000000.00,4.191252,101.4609375
08:00:06,91282CKQ3,TSRYS5802845,D,S,T,2024-07-19,1000000.00,4.191252,101.4609375
08:00:06,91282CKQ3,TSRYS5802845,D,S,T,2024-07-19,1000000.00,4.196106,101.421875
08:00:06,91282CKQ3,TSRYS5802845,D,S,T,2024-07-19,2000000.00,4.20339,101.36328125
08:00:06,91282CKQ3,TSRYS5802845,D,S,T,2024-07-19,2000000.00,4.20339,101.36328125
08:00:06,91282CKQ3,TSRYS5802845,D,S,T,2024-07-19,2000000.00,4.20339,101.36328125
08:00:06,91282CKQ3,TSRYS5802845,D,S,T,2024-07-19,1000000.00,4.20339,101.36328125
08:00:06,91282CKQ3,TSRYS5802845,D,S,T,2024-07-19,2000000.00,4.203633,101.361328125
08:00:06,91282CKQ3,TSRYS5802845,D,S,T,2024-07-19,1000000.00,4.203876,101.359375
08:00:06,91282CKQ3,TSRYS5802845,D,S,T,2024-07-19,1000000.00,4.203876,101.359375
08:00:06,91282CKQ3,TSRYS5802845,D,S,D,2024-07-19,1000000.00,4.206306,101.33984375
08:00:06,91282CKQ3,TSRYS5802845,D,S,D,2024-07-19,1000000.00,4.210923,101.302734375
08:00:06,91282CKQ3,TSRYS5802845,D,S,T,2024-07-19,1000000.00,4.209708,101.3125
08:00:10,91282CKQ3,TSRYS5802845,D,S,T,2024-07-19,1000000.00,4.206306,101.33984375
08:00:10,91282CKQ3,TSRYS5802845,D,S,T,2024-07-19,1000000.00,4.205577,101.345703125
08:00:10,91282CKQ3,TSRYS5802845,D,S,T,2024-07-19,1000000.00,4.203876,101.359375
08:00:10,91282CKQ3,TSRYS5802845,D,S,D,2024-07-19,1000000.00,4.203633,101.361328125
08:00:10,91282CKQ3,TSRYS5802845,D,S,T,2024-07-19,2000000.00,4.205577,101.345703125
08:00:10,91282CKQ3,TSRYS5802845,D,S,T,2024-07-19,3000000.00,4.205577,101.345703125
08:00:10,91282CKQ3,TSRYS5802845,D,S,T,2024-07-19,1000000.00,4.201933,101.375
08:00:10,91282CKQ3,TSRYS5802845,D,S,D,2024-07-19,375000.00,4.20582,101.34375
08:00:10,91282CKQ3,TSRYS5802845,D,S,T,2024-07-19,1000000.00,4.211652,101.296875
08:00:10,91282CKQ3,TSRYS5802845,D,S,T,2024-07-19,1000000.00,4.211652,101.296875
08:00:10,91282CKQ3,TSRYS5802845,D,S,D,2024-07-19,1000000.00,4.211895,101.294921875
08:00:10,91282CKQ3,TSRYS5802845,D,S,D,2024-07-19,1000000.00,4.211895,101.294921875
08:00:10,91282CKQ3,TSRYS5802845,D,S,D,2024-07-19,1000000.00,4.211895,101.294921875
08:00:10,91282CKQ3,TSRYS5802845,D,S,D,2024-07-19,2000000.00,4.212625,101.2890625
08:00:10,91282CKQ3,TSRYS5802845,D,S,D,2024-07-19,1000000.00,4.208493,101.322265625
08:00:10,91282CKQ3,TSRYS5802845,D,S,T,2024-07-19,2000000.00,4.207764,101.328125
08:00:10,91282CKQ3,TSRYS5802845,D,S,D,2024-07-19,1000000.00,4.209222,101.31640625
08:00:10,91282CKQ3,TSRYS5802845,D,S,T,2024-07-19,2000000.00,4.207035,101.333984375
08:00:10,91282CKQ3,TSRYS5802845,D,S,T,2024-07-19,2000000.00,4.211652,101.296875
08:00:10,91282CKQ3,TSRYS5802845,D,S,T,2024-07-19,1000000.00,4.211652,101.296875
08:00:10,91282CKQ3,TSRYS5802845,D,S,T,2024-07-19,2000000.00,4.19732,101.412109375
08:00:10,91282CKQ3,TSRYS5802845,D,S,T,2024-07-19,2000000.00,4.19732,101.412109375
08:00:10,91282CKQ3,TSRYS5802845,D,S,T,2024-07-19,1000000.00,4.196591,101.41796875
08:00:10,91282CKQ3,TSRYS5802845,D,S,T,2024-07-19,1000000.00,4.195863,101.423828125
08:00:10,91282CKQ3,TSRYS5802845,D,S,T,2024-07-19,1000000.00,4.197077,101.4140625
08:00:10,91282CKQ3,TSRYS5802845,D,S,T,2024-07-19,2000000.00,4.197077,101.4140625
08:00:10,91282CKQ3,TSRYS5802845,D,S,T,2024-07-19,2000000.00,4.197562,101.41015625
08:00:10,91282CKQ3,TSRYS5802845,D,S,T,2024-07-19,3000000.00,4.197562,101.41015625
08:00:10,91282CKQ3,TSRYS5802845,D,S,T,2024-07-19,1000000.00,4.196349,101.419921875
08:00:10,91282CKQ3,TSRYS5802845,D,S,D,2024-07-19,4000000.00,4.207278,101.33203125
08:00:10,91282CKQ3,TSRYS5802845,D,S,D,2024-07-19,2000000.00,4.206792,101.3359375
08:00:10,91282CKQ3,TSRYS5802845,D,S,D,2024-07-19,2000000.00,4.189312,101.4765625
08:00:10,91282CKQ3,TSRYS5802845,D,S,D,2024-07-19,1000000.00,4.189312,101.4765625
08:00:10,91282CKQ3,TSRYS5802845,D,S,D,2024-07-19,40000000.00,4.187561,101.49177
08:00:10,91282CKQ3,TSRYS5802845,D,S,D,2024-07-19,6000000.00,4.196106,101.421875
08:00:10,91282CKQ3,TSRYS5802845,D,S,D,2024-07-19,42000000.00,4.196591,101.41796875
08:00:10,91282CKQ3,TSRYS5802845,D,S,D,2024-07-19,1000000.00,4.205577,101.345703125
08:00:10,91282CKQ3,TSRYS5802845,D,S,T,2024-07-19,1000000.00,4.19465,101.43359375
08:00:10,91282CKQ3,TSRYS5802845,D,S,T,2024-07-19,1000000.00,4.19465,101.43359375
08:00:10,91282CKQ3,TSRYS5802845,D,S,D,2024-07-19,1000000.00,4.192951,101.447265625
08:00:10,91282CKQ3,TSRYS5802845,D,S,T,2024-07-19,1000000.00,4.193194,101.4453125
08:00:10,91282CKQ3,TSRYS5802845,D,S,T,2024-07-19,1000000.00,4.192708,101.44921875
08:00:10,91282CKQ3,TSRYS5802845,D,S,T,2024-07-19,1000000.00,4.192466,101.451171875
08:00:10,91282CKQ3,TSRYS5802845,D,S,T,2024-07-19,1000000.00,4.192708,101.44921875
08:00:10,91282CKQ3,TSRYS5802845,D,S,T,2024-07-19,1000000.00,4.192951,101.447265625
08:00:10,91282CKQ3,TSRYS5802845,D,S,T,2024-07-19,1000000.00,4.192708,101.44921875
08:00:10,91282CKQ3,TSRYS5802845,D,S,T,2024-07-19,1000000.00,4.192951,101.447265625
08:00:10,91282CKQ3,TSRYS5802845,D,S,T,2024-07-19,1000000.00,4.193194,101.4453125
08:00:10,91282CKQ3,TSRYS5802845,D,S,T,2024-07-19,1000000.00,4.193194,101.4453125
08:00:10,91282CKQ3,TSRYS5802845,D,S,T,2024-07-19,1000000.00,4.192708,101.44921875
08:00:10,91282CKQ3,TSRYS5802845,D,S,T,2024-07-19,1000000.00,4.192951,101.447265625
08:00:10,91282CKQ3,TSRYS5802845,D,S,D,2024-07-19,1000000.00,4.193436,101.443359375
08:00:10,91282CKQ3,TSRYS5802845,D,S,T,2024-07-19,1000000.00,4.192951,101.447265625
08:00:10,91282CKQ3,TSRYS5802845,D,S,T,2024-07-19,1000000.00,4.192951,101.447265625
08:00:10,91282CKQ3,TSRYS5802845,D,S,T,2024-07-19,1000000.00,4.193436,101.443359375
08:00:10,91282CKQ3,TSRYS5802845,D,S,T,2024-07-19,1000000.00,4.192951,101.447265625
08:00:10,91282CKQ3,TSRYS5802845,D,S,T,2024-07-19,1000000.00,4.192708,101.44921875
08:00:10,91282CKQ3,TSRYS5802845,D,S,T,2024-07-19,1000000.00,4.190767,101.46484375
08:00:10,91282CKQ3,TSRYS5802845,D,S,T,2024-07-19,1000000.00,4.192466,101.451171875
08:00:10,91282CKQ3,TSRYS5802845,D,S,T,2024-07-19,1000000.00,4.191252,101.4609375
08:00:10,91282CKQ3,TSRYS5802845,D,S,D,2024-07-19,1000000.00,4.185431,101.5078125
08:00:10,91282CKQ3,TSRYS5802845,D,S,D,2024-07-19,1000000.00,4.183734,101.521484375
08:00:10,91282CKQ3,TSRYS5802845,D,S,T,2024-07-19,1000000.00,4.185431,101.5078125
08:00:10,91282CKQ3,TSRYS5802845,D,S,T,2024-07-19,1000000.00,4.190282,101.46875
08:00:10,91282CKQ3,TSRYS5802845,D,S,T,2024-07-19,1000000.00,4.194892,101.431640625
08:00:10,91282CKQ3,TSRYS5802845,D,S,T,2024-07-19,1000000.00,4.19465,101.43359375
08:00:10,91282CKQ3,TSRYS5802845,D,S,T,2024-07-19,1000000.00,4.197805,101.408203125
08:00:10,91282CKQ3,TSRYS5802845,D,S,T,2024-07-19,1000000.00,4.198048,101.40625
08:00:10,91282CKQ3,TSRYS5802845,D,S,A,2024-07-19,5000000.00,4.189312,101.4765625
08:00:10,91282CKQ3,TSRYS5802845,D,S,T,2024-07-19,1000000.00,4.200719,101.384765625
08:00:10,91282CKQ3,TSRYS5802845,D,S,T,2024-07-19,1000000.00,4.200719,101.384765625
08:00:10,91282CKQ3,TSRYS5802845,D,S,T,2024-07-19,1000000.00,4.200719,101.384765625
08:00:10,91282CKQ3,TSRYS5802845,D,S,T,2024-07-19,1000000.00,4.207035,101.333984375
08:00:10,91282CKQ3,TSRYS5802845,D,S,T,2024-07-19,1000000.00,4.20825,101.32421875
08:00:10,91282CKQ3,TSRYS5802845,D,S,T,2024-07-19,1000000.00,4.20825,101.32421875
08:00:10,91282CKQ3,TSRYS5802845,D,S,T,2024-07-19,1000000.00,4.20825,101.32421875
08:00:10,91282CKQ3,TSRYS5802845,D,S,D,2024-07-19,1000000.00,4.213354,101.283203125
08:00:10,91282CKQ3,TSRYS5802845,D,S,T,2024-07-19,1000000.00,4.213597,101.28125
08:00:10,91282CKQ3,TSRYS5802845,D,S,D,2024-07-19,1000000.00,4.213354,101.283203125
08:00:10,91282CKQ3,TSRYS5802845,D,S,T,2024-07-19,1000000.00,4.213354,101.283203125
08:00:10,91282CKQ3,TSRYS5802845,D,S,D,2024-07-19,1000000.00,4.213354,101.283203125
08:00:10,91282CKQ3,TSRYS5802845,D,S,D,2024-07-19,1000000.00,4.213111,101.28515625
08:00:10,91282CKQ3,TSRYS5802845,D,S,D,2024-07-19,1000000.00,4.213111,101.28515625
08:00:10,91282CKQ3,TSRYS5802845,D,S,D,2024-07-19,1000000.00,4.213111,101.28515625
08:00:10,91282CKQ3,TSRYS5802845,D,S,T,2024-07-19,1000000.00,4.213111,101.28515625
08:00:10,91282CKQ3,TSRYS5802845,D,S,T,2024-07-19,2000000.00,4.211652,101.296875
08:00:10,91282CKQ3,TSRYS5802845,D,S,T,2024-07-19,1000000.00,4.217731,101.248046875
08:00:10,91282CKQ3,TSRYS5802845,D,S,T,2024-07-19,1000000.00,4.217731,101.248046875
08:00:10,91282CKQ3,TSRYS5802845,D,S,D,2024-07-19,1000000.00,4.217245,101.251953125
08:00:10,91282CKQ3,TSRYS5802845,D,S,T,2024-07-19,1000000.00,4.217002,101.25390625
08:00:10,91282CKQ3,TSRYS5802845,D,S,T,2024-07-19,1000000.00,4.217002,101.25390625
08:00:10,91282CKQ3,TSRYS5802845,D,S,D,2024-07-19,1000000.00,4.209222,101.31640625
08:00:10,91282CKQ3,TSRYS5802845,D,S,T,2024-07-19,1000000.00,4.208007,101.326171875
08:00:10,91282CKQ3,TSRYS5802845,D,S,T,2024-07-19,1000000.00,4.208007,101.326171875
08:00:10,91282CKQ3,TSRYS5802845,D,S,D,2024-07-19,1000000.00,4.212625,101.2890625
08:00:10,91282CKQ3,TSRYS5802845,D,S,D,2024-07-19,1000000.00,4.212625,101.2890625
08:00:10,91282CKQ3,TSRYS5802845,D,S,T,2024-07-19,1000000.00,4.212625,101.2890625
08:00:10,91282CKQ3,TSRYS5802845,D,S,T,2024-07-19,1000000.00,4.212625,101.2890625
08:00:10,91282CKQ3,TSRYS5802845,D,S,T,2024-07-19,1000000.00,4.192223,101.453125
08:00:10,91282CKQ3,TSRYS5802845,D,S,T,2024-07-19,1000000.00,4.195135,101.4296875
08:00:10,91282CKQ3,TSRYS5802845,D,S,T,2024-07-19,2000000.00,4.201933,101.375
08:00:10,91282CKQ3,TSRYS5802845,D,S,T,2024-07-19,1000000.00,4.203876,101.359375
08:00:10,91282CKQ3,TSRYS5802845,D,S,T,2024-07-19,1000000.00,4.203876,101.359375
08:00:10,91282CKQ3,TSRYS5802845,D,S,T,2024-07-19,1000000.00,4.203876,101.359375
08:00:10,91282CKQ3,TSRYS5802845,D,S,T,2024-07-19,2000000.00,4.203876,101.359375
08:00:10,91282CKQ3,TSRYS5802845,D,S,T,2024-07-19,1000000.00,4.206792,101.3359375
08:00:10,91282CKQ3,TSRYS5802845,D,S,T,2024-07-19,1000000.00,4.207035,101.333984375
08:00:10,91282CKQ3,TSRYS5802845,D,S,T,2024-07-19,1000000.00,4.207278,101.33203125
08:00:10,91282CKQ3,TSRYS5802845,D,S,T,2024-07-19,1000000.00,4.207278,101.33203125
08:00:10,91282CKQ3,TSRYS5802845,D,S,T,2024-07-19,1000000.00,4.205091,101.349609375
08:00:10,91282CKQ3,TSRYS5802845,D,S,D,2024-07-19,1000000.00,4.205091,101.349609375
08:00:10,91282CKQ3,TSRYS5802845,D,S,D,2024-07-19,1000000.00,4.205334,101.34765625
08:00:10,91282CKQ3,TSRYS5802845,D,S,D,2024-07-19,1000000.00,4.203633,101.361328125
08:00:10,91282CKQ3,TSRYS5802845,D,S,T,2024-07-19,1000000.00,4.204848,101.3515625
08:00:10,91282CKQ3,TSRYS5802845,D,S,D,2024-07-19,1000000.00,4.204848,101.3515625
08:00:10,91282CKQ3,TSRYS5802845,D,S,T,2024-07-19,1000000.00,4.198048,101.40625
08:00:10,91282CKQ3,TSRYS5802845,D,S,T,2024-07-19,1000000.00,4.198048,101.40625
08:00:14,91282CKQ3,TSRYS5802845,D,S,T,2024-07-19,1000000.00,4.192223,101.453125
08:00:14,91282CKQ3,TSRYS5802845,D,S,T,2024-07-19,2000000.00,4.192223,101.453125
08:00:14,91282CKQ3,TSRYS5802845,D,S,T,2024-07-19,1000000.00,4.192223,101.453125
08:00:14,91282CKQ3,TSRYS5802845,D,S,T,2024-07-19,1000000.00,4.194164,101.4375
08:00:14,91282CKQ3,TSRYS5802845,D,S,T,2024-07-19,1000000.00,4.19999,101.390625
08:00:14,91282CKQ3,TSRYS5802845,D,S,T,2024-07-19,3000000.00,4.203876,101.359375
08:00:14,91282CKQ3,TSRYS5802845,D,S,T,2024-07-19,1000000.00,4.20339,101.36328125
08:00:14,91282CKQ3,TSRYS5802845,D,S,T,2024-07-19,1000000.00,4.20339,101.36328125
08:00:14,91282CKQ3,TSRYS5802845,D,B,C,2024-07-19,26000000.00,4.209708,101.3125
08:00:14,91282CKQ3,TSRYS5802845,D,S,T,2024-07-19,2000000.00,4.203876,101.359375
08:00:14,91282CKQ3,TSRYS5802845,D,S,T,2024-07-19,4000000.00,4.203876,101.359375
08:00:14,91282CKQ3,TSRYS5802845,D,S,T,2024-07-19,3000000.00,4.203876,101.359375
08:00:14,91282CKQ3,TSRYS5802845,D,S,T,2024-07-19,1000000.00,4.203876,101.359375
08:00:14,91282CKQ3,TSRYS5802845,D,S,D,2024-07-19,1000000.00,4.210923,101.302734375
08:00:14,91282CKQ3,TSRYS5802845,D,S,D,2024-07-19,1000000.00,4.213354,101.283203125
08:00:14,91282CKQ3,TSRYS5802845,D,S,T,2024-07-19,1000000.00,4.207764,101.328125
08:00:14,91282CKQ3,TSRYS5802845,D,S,T,2024-07-19,4000000.00,4.207764,101.328125
08:00:14,91282CKQ3,TSRYS5802845,D,S,D,2024-07-19,1000000.00,4.205334,101.34765625
08:00:14,91282CKQ3,TSRYS5802845,D,S,D,2024-07-19,1000000.00,4.206063,101.341796875
08:00:14,91282CKQ3,TSRYS5802845,D,S,T,2024-07-19,3000000.00,4.201933,101.375
08:00:14,91282CKQ3,TSRYS5802845,D,S,T,2024-07-19,1000000.00,4.20582,101.34375
08:00:14,91282CKQ3,TSRYS5802845,D,S,D,2024-07-19,1000000.00,4.211895,101.294921875
08:00:14,91282CKQ3,TSRYS5802845,D,S,D,2024-07-19,1000000.00,4.211895,101.294921875
08:00:14,91282CKQ3,TSRYS5802845,D,S,D,2024-07-19,1000000.00,4.212382,101.291015625
08:00:14,91282CKQ3,TSRYS5802845,D,S,T,2024-07-19,1000000.00,4.213111,101.28515625
08:00:14,91282CKQ3,TSRYS5802845,D,S,D,2024-07-19,1000000.00,4.212625,101.2890625
08:00:14,91282CKQ3,TSRYS5802845,D,S,T,2024-07-19,1000000.00,4.212868,101.287109375
08:00:14,91282CKQ3,TSRYS5802845,D,S,D,2024-07-19,1000000.00,4.211166,101.30078125
08:00:14,91282CKQ3,TSRYS5802845,D,S,T,2024-07-19,1000000.00,4.211166,101.30078125
08:00:14,91282CKQ3,TSRYS5802845,D,S,T,2024-07-19,1000000.00,4.211652,101.296875
08:00:14,91282CKQ3,TSRYS5802845,D,S,T,2024-07-19,1000000.00,4.209708,101.3125
08:00:14,91282CKQ3,TSRYS5802845,D,S,T,2024-07-19,1000000.00,4.209708,101.3125
08:00:14,91282CKQ3,TSRYS5802845,D,S,T,2024-07-19,1000000.00,4.207764,101.328125
08:00:14,91282CKQ3,TSRYS5802845,D,S,T,2024-07-19,1000000.00,4.201933,101.375
08:00:14,91282CKQ3,TSRYS5802845,D,S,T,2024-07-19,1000000.00,4.201933,101.375
08:00:14,91282CKQ3,TSRYS5802845,D,S,T,2024-07-19,1000000.00,4.201933,101.375
08:00:14,91282CKQ3,TSRYS5802845,D,S,T,2024-07-19,2000000.00,4.201933,101.375
08:00:14,91282CKQ3,TSRYS5802845,D,S,T,2024-07-19,1000000.00,4.201933,101.375
08:00:14,91282CKQ3,TSRYS5802845,D,S,T,2024-07-19,2000000.00,4.201933,101.375
08:00:14,91282CKQ3,TSRYS5802845,D,S,D,2024-07-19,1000000.00,4.192466,101.451171875
08:00:14,91282CKQ3,TSRYS5802845,D,S,D,2024-07-19,1000000.00,4.194164,101.4375
08:00:14,91282CKQ3,TSRYS5802845,D,S,D,2024-07-19,1000000.00,4.194164,101.4375
08:00:14,91282CKQ3,TSRYS5802845,D,S,D,2024-07-19,1000000.00,4.194164,101.4375
08:00:14,91282CKQ3,TSRYS5802845,D,S,D,2024-07-19,1000000.00,4.194164,101.4375
08:00:14,91282CKQ3,TSRYS5802845,D,S,D,2024-07-19,2000000.00,4.193679,101.44140625
08:00:14,91282CKQ3,TSRYS5802845,D,S,D,2024-07-19,2000000.00,4.192223,101.453125
08:00:14,91282CKQ3,TSRYS5802845,D,S,T,2024-07-19,3000000.00,4.213597,101.28125
08:00:14,91282CKQ3,TSRYS5802845,D,S,T,2024-07-19,1000000.00,4.212625,101.2890625
08:00:14,91282CKQ3,TSRYS5802845,D,S,T,2024-07-19,3000000.00,4.213597,101.28125
08:00:14,91282CKQ3,TSRYS5802845,D,S,T,2024-07-19,2000000.00,4.211652,101.296875
08:00:14,91282CKQ3,TSRYS5802845,D,S,T,2024-07-19,3000000.00,4.212625,101.2890625
08:00:14,91282CKQ3,TSRYS5802845,D,S,T,2024-07-19,1000000.00,4.211652,101.296875
08:00:14,91282CKQ3,TSRYS5802845,D,S,T,2024-07-19,1000000.00,4.212625,101.2890625
08:00:14,91282CKQ3,TSRYS5802845,D,S,T,2024-07-19,1000000.00,4.212625,101.2890625
08:00:14,91282CKQ3,TSRYS5802845,D,S,T,2024-07-19,1000000.00,4.213597,101.28125
08:00:14,91282CKQ3,TSRYS5802845,D,S,T,2024-07-19,1000000.00,4.213597,101.28125
08:00:14,91282CKQ3,TSRYS5802845,D,S,T,2024-07-19,2000000.00,4.212138,101.29296875
08:00:14,91282CKQ3,TSRYS5802845,D,S,D,2024-07-19,11000000.00,4.209222,101.31640625
08:00:14,91282CKQ3,TSRYS5802845,D,S,T,2024-07-19,3000000.00,4.212382,101.291015625
08:00:14,91282CKQ3,TSRYS5802845,D,S,D,2024-07-19,35000000.00,4.208736,101.3203125
08:00:14,91282CKQ3,TSRYS5802845,D,S,D,2024-07-19,49800000.00,4.207278,101.33203125
08:00:14,91282CKQ3,TSRYS5802845,D,S,T,2024-07-19,1000000.00,4.213597,101.28125
08:00:14,91282CKQ3,TSRYS5802845,D,S,T,2024-07-19,2000000.00,4.211652,101.296875
08:00:14,91282CKQ3,TSRYS5802845,D,S,T,2024-07-19,2000000.00,4.211652,101.296875
08:00:14,91282CKQ3,TSRYS5802845,D,S,T,2024-07-19,2000000.00,4.211895,101.294921875
08:00:14,91282CKQ3,TSRYS5802845,D,S,T,2024-07-19,2000000.00,4.212625,101.2890625
08:00:14,91282CKQ3,TSRYS5802845,D,S,T,2024-07-19,3000000.00,4.213354,101.283203125
08:00:14,91282CKQ3,TSRYS5802845,D,S,T,2024-07-19,2000000.00,4.211652,101.296875
08:00:14,91282CKQ3,TSRYS5802845,D,S,T,2024-07-19,1000000.00,4.212625,101.2890625
08:00:14,91282CKQ3,TSRYS5802845,D,S,C,2024-07-19,294000.00,4.204362,101.355468
08:00:14,91282CKQ3,TSRYS5802845,D,S,D,2024-07-19,1000000.00,4.192466,101.451171875
08:00:14,91282CKQ3,TSRYS5802845,D,S,T,2024-07-19,1000000.00,4.211652,101.296875
08:00:14,91282CKQ3,TSRYS5802845,D,S,T,2024-07-19,1000000.00,4.212625,101.2890625
08:00:14,91282CKQ3,TSRYS5802845,D,S,T,2024-07-19,1000000.00,4.211652,101.296875
08:00:14,91282CKQ3,TSRYS5802845,D,S,T,2024-07-19,1000000.00,4.211652,101.296875
08:00:14,91282CKQ3,TSRYS5802845,D,S,T,2024-07-19,4000000.00,4.213111,101.28515625
08:00:14,91282CKQ3,TSRYS5802845,D,S,T,2024-07-19,2000000.00,4.211652,101.296875
08:00:14,91282CKQ3,TSRYS5802845,D,S,T,2024-07-19,1000000.00,4.211652,101.296875
08:00:14,91282CKQ3,TSRYS5802845,D,S,T,2024-07-19,1000000.00,4.211652,101.296875
08:00:14,91282CKQ3,TSRYS5802845,D,S,T,2024-07-19,3000000.00,4.211652,101.296875
08:00:14,91282CKQ3,TSRYS5802845,D,S,T,2024-07-19,1000000.00,4.211166,101.30078125
08:00:14,91282CKQ3,TSRYS5802845,D,S,T,2024-07-19,1000000.00,4.213597,101.28125
08:00:14,91282CKQ3,TSRYS5802845,D,S,D,2024-07-19,1000000.00,4.185431,101.5078125
08:00:14,91282CKQ3,TSRYS5802845,D,S,D,2024-07-19,1000000.00,4.185189,101.509765625
08:00:14,91282CKQ3,TSRYS5802845,D,S,D,2024-07-19,1000000.00,4.184461,101.515625
08:00:14,91282CKQ3,TSRYS5802845,D,S,D,2024-07-19,1000000.00,4.185431,101.5078125
08:00:14,91282CKQ3,TSRYS5802845,D,S,D,2024-07-19,1000000.00,4.211652,101.296875
08:00:14,91282CKQ3,TSRYS5802845,D,S,D,2024-07-19,1000000.00,4.185431,101.5078125
08:00:14,91282CKQ3,TSRYS5802845,D,S,D,2024-07-19,1000000.00,4.185431,101.5078125
08:00:14,91282CKQ3,TSRYS5802845,D,S,D,2024-07-19,1000000.00,4.185431,101.5078125
08:00:14,91282CKQ3,TSRYS5802845,D,S,D,2024-07-19,1000000.00,4.187614,101.490234375
08:00:14,91282CKQ3,TSRYS5802845,D,S,T,2024-07-19,1000000.00,4.207521,101.330078125
08:00:15,91282CKQ3,TSRYS5802845,D,S,T,2024-07-19,4000000.00,4.212868,101.287109375
08:00:15,91282CKQ3,TSRYS5802845,D,S,D,2024-07-19,1000000.00,4.187371,101.4921875
08:00:15,91282CKQ3,TSRYS5802845,D,S,D,2024-07-19,1000000.00,4.192466,101.451171875
08:00:15,91282CKQ3,TSRYS5802845,D,S,T,2024-07-19,16000000.00,4.213597,101.28125
08:00:15,91282CKQ3,TSRYS5802845,D,S,D,2024-07-19,2000000.00,4.207521,101.330078125
08:00:16,91282CKQ3,TSRYS5802845,D,S,T,2024-07-19,1000000.00,4.207521,101.330078125
08:00:16,91282CKQ3,TSRYS5802845,D,S,T,2024-07-19,2000000.00,4.206792,101.3359375
08:00:16,91282CKQ3,TSRYS5802845,D,S,D,2024-07-19,2000000.00,4.207521,101.330078125
08:00:16,91282CKQ3,TSRYS5802845,D,S,T,2024-07-19,1000000.00,4.211895,101.294921875
08:00:16,91282CKQ3,TSRYS5802845,D,S,T,2024-07-19,1000000.00,4.207521,101.330078125
08:00:16,91282CKQ3,TSRYS5802845,D,S,D,2024-07-19,6000000.00,4.211652,101.296875
08:00:17,91282CKQ3,TSRYS5802845,D,S,T,2024-07-19,1000000.00,4.211895,101.294921875
08:00:17,91282CKQ3,TSRYS5802845,D,B,C,2024-07-19,25000000.00,4.219395,101.234375
08:00:17,91282CKQ3,TSRYS5802845,D,S,T,2024-07-19,1000000.00,4.219434,101.234375
08:00:18,91282CKQ3,TSRYS5802845,D,S,T,2024-07-19,1000000.00,4.218461,101.2421875
08:00:18,91282CKQ3,TSRYS5802845,D,S,T,2024-07-19,1000000.00,4.219434,101.234375
08:00:18,91282CKQ3,TSRYS5802845,D,B,A,2024-07-19,2803000.00,4.211652,101.296875
08:00:18,91282CKQ3,TSRYS5802845,D,B,A,2024-07-19,2803000.00,4.211652,101.296875
08:00:18,91282CKQ3,TSRYS5802845,D,S,D,2024-07-19,2000000.00,4.190282,101.46875
08:00:18,91282CKQ3,TSRYS5802845,D,S,D,2024-07-19,2000000.00,4.190282,101.46875
08:00:18,91282CKQ3,TSRYS5802845,D,S,D,2024-07-19,2000000.00,4.190282,101.46875
08:00:18,91282CKQ3,TSRYS5802845,D,S,D,2024-07-19,2000000.00,4.190525,101.466796875
08:00:18,91282CKQ3,TSRYS5802845,D,S,D,2024-07-19,2000000.00,4.190282,101.46875
08:00:18,91282CKQ3,TSRYS5802845,D,S,D,2024-07-19,1000000.00,4.191252,101.4609375
08:00:18,91282CKQ3,TSRYS5802845,D,S,D,2024-07-19,1000000.00,4.192223,101.453125
08:00:18,91282CKQ3,TSRYS5802845,D,S,D,2024-07-19,1000000.00,4.194164,101.4375
08:00:18,91282CKQ3,TSRYS5802845,D,S,T,2024-07-19,1000000.00,4.207278,101.33203125
08:00:19,91282CKQ3,TSRYS5802845,D,S,D,2024-07-19,2000000.00,4.207521,101.330078125
08:00:19,91282CKQ3,TSRYS5802845,D,S,D,2024-07-19,2000000.00,4.194164,101.4375
08:00:19,91282CKQ3,TSRYS5802845,D,S,D,2024-07-19,2000000.00,4.194407,101.435546875
08:00:19,91282CKQ3,TSRYS5802845,D,S,D,2024-07-19,1000000.00,4.194164,101.4375
08:00:19,91282CKQ3,TSRYS5802845,D,S,D,2024-07-19,1000000.00,4.196106,101.421875
08:00:19,91282CKQ3,TSRYS5802845,D,S,D,2024-07-19,1000000.00,4.198534,101.40234375
08:00:19,91282CKQ3,TSRYS5802845,D,S,D,2024-07-19,1000000.00,4.19999,101.390625
08:00:19,91282CKQ3,TSRYS5802845,D,S,D,2024-07-19,1000000.00,4.200476,101.38671875
08:00:19,91282CKQ3,TSRYS5802845,D,S,D,2024-07-19,2000000.00,4.20169,101.376953125
08:00:19,91282CKQ3,TSRYS5802845,D,S,D,2024-07-19,1000000.00,4.201447,101.37890625
08:00:19,91282CKQ3,TSRYS5802845,D,S,D,2024-07-19,2000000.00,4.201447,101.37890625
08:00:20,91282CKQ3,TSRYS5802845,D,S,D,2024-07-19,2000000.00,4.200476,101.38671875
08:00:20,91282CKQ3,TSRYS5802845,D,S,D,2024-07-19,2000000.00,4.19999,101.390625
08:00:20,91282CKQ3,TSRYS5802845,D,S,D,2024-07-19,2000000.00,4.200233,101.388671875
08:00:20,91282CKQ3,TSRYS5802845,D,S,D,2024-07-19,3000000.00,4.19999,101.390625
08:00:20,91282CKQ3,TSRYS5802845,D,S,D,2024-07-19,1000000.00,4.19999,101.390625
08:00:20,91282CKQ3,TSRYS5802845,D,S,D,2024-07-19,1000000.00,4.20339,101.36328125
08:00:21,91282CKQ3,TSRYS5802845,D,S,D,2024-07-19,2000000.00,4.201933,101.375
08:00:21,91282CKQ3,TSRYS5802845,D,S,D,2024-07-19,1000000.00,4.201933,101.375
08:00:21,91282CKQ3,TSRYS5802845,D,S,D,2024-07-19,1000000.00,4.203148,101.365234375
08:00:21,91282CKQ3,TSRYS5802845,D,S,A,2024-07-19,500000.00,4.21068,101.3046875
08:00:21,91282CKQ3,TSRYS5802845,D,S,D,2024-07-19,2000000.00,4.207521,101.330078125
08:00:21,91282CKQ3,TSRYS5802845,D,B,A,2024-07-19,550000.00,4.190767,101.46484375
08:00:21,91282CKQ3,TSRYS5802845,D,S,D,2024-07-19,2000000.00,4.207521,101.330078125
08:00:21,91282CKQ3,TSRYS5802845,D,S,D,2024-07-19,2000000.00,4.207521,101.330078125
08:00:21,91282CKQ3,TSRYS5802845,D,S,D,2024-07-19,1000000.00,4.211409,101.298828125
08:00:21,91282CKQ3,TSRYS5802845,D,S,D,2024-07-19,6000000.00,4.211652,101.296875
08:00:22,91282CKQ3,TSRYS5802845,D,S,D,2024-07-19,1000000.00,4.201933,101.375
08:00:22,91282CKQ3,TSRYS5802845,D,S,D,2024-07-19,1000000.00,4.211652,101.296875
08:00:22,91282CKQ3,TSRYS5802845,D,S,D,2024-07-19,1000000.00,4.211409,101.298828125
08:00:22,91282CKQ3,TSRYS5802845,D,S,D,2024-07-19,2000000.00,4.212625,101.2890625
08:00:22,91282CKQ3,TSRYS5802845,D,S,D,2024-07-19,1000000.00,4.215299,101.267578125
08:00:22,91282CKQ3,TSRYS5802845,D,S,T,2024-07-19,1000000.00,4.217488,101.25
08:00:22,91282CKQ3,TSRYS5802845,D,S,T,2024-07-19,1000000.00,4.209708,101.3125
08:00:23,91282CKQ3,TSRYS5802845,D,S,T,2024-07-19,1000000.00,4.20582,101.34375
08:00:23,91282CKQ3,TSRYS5802845,D,S,T,2024-07-19,1000000.00,4.209708,101.3125
08:00:23,91282CKQ3,TSRYS5802845,D,S,T,2024-07-19,1000000.00,4.209708,101.3125
08:00:23,91282CKQ3,TSRYS5802845,D,B,C,2024-07-19,3000000.00,4.208695,101.3203125
08:00:23,91282CKQ3,TSRYS5802845,D,S,T,2024-07-19,1000000.00,4.20582,101.34375
08:00:23,91282CKQ3,TSRYS5802845,D,S,T,2024-07-19,3000000.00,4.20582,101.34375
08:00:23,91282CKQ3,TSRYS5802845,D,S,T,2024-07-19,1000000.00,4.20582,101.34375
08:00:23,91282CKQ3,TSRYS5802845,D,S,D,2024-07-19,1000000.00,4.220164,101.228515625
08:00:24,91282CKQ3,TSRYS5802845,D,S,D,2024-07-19,1000000.00,4.219191,101.236328125
08:00:24,91282CKQ3,TSRYS5802845,D,S,D,2024-07-19,1000000.00,4.219677,101.232421875
08:00:24,91282CKQ3,TSRYS5802845,D,S,D,2024-07-19,1000000.00,4.217488,101.25
08:00:24,91282CKQ3,TSRYS5802845,D,S,D,2024-07-19,1000000.00,4.217488,101.25
08:00:24,91282CKQ3,TSRYS5802845,D,S,D,2024-07-19,1000000.00,4.217002,101.25390625
08:00:24,91282CKQ3,TSRYS5802845,D,S,D,2024-07-19,1000000.00,4.217002,101.25390625
08:00:24,91282CKQ3,TSRYS5802845,D,S,T,2024-07-19,1000000.00,4.20582,101.34375
08:00:24,91282CKQ3,TSRYS5802845,D,S,D,2024-07-19,1000000.00,4.218461,101.2421875
08:00:25,91282CKQ3,TSRYS5802845,D,S,T,2024-07-19,1000000.00,4.20582,101.34375
08:00:25,91282CKQ3,TSRYS5802845,D,B,C,2024-07-19,26000000.00,4.213597,101.28125
08:00:25,91282CKQ3,TSRYS5802845,D,S,T,2024-07-19,3000000.00,4.205091,101.349609375
08:00:25,91282CKQ3,TSRYS5802845,D,S,T,2024-07-19,3000000.00,4.205577,101.345703125
08:00:26,91282CKQ3,TSRYS5802845,D,S,T,2024-07-19,1000000.00,4.20582,101.34375
08:00:26,91282CKQ3,TSRYS5802845,D,S,T,2024-07-19,2000000.00,4.20582,101.34375
08:00:26,91282CKQ3,TSRYS5802845,D,S,T,2024-07-19,1000000.00,4.192223,101.453125
08:00:26,91282CKQ3,TSRYS5802845,D,S,T,2024-07-19,1000000.00,4.215542,101.265625
08:00:26,91282CKQ3,TSRYS5802845,D,S,T,2024-07-19,2000000.00,4.209708,101.3125
08:00:26,91282CKQ3,TSRYS5802845,D,S,T,2024-07-19,1000000.00,4.209708,101.3125
08:00:26,91282CKQ3,TSRYS5802845,D,S,T,2024-07-19,1000000.00,4.186401,101.5
08:00:26,91282CKQ3,TSRYS5802845,D,S,T,2024-07-19,1000000.00,4.186401,101.5
08:00:26,91282CKQ3,TSRYS5802845,D,S,T,2024-07-19,1000000.00,4.188341,101.484375
08:00:26,91282CKQ3,TSRYS5802845,D,S,T,2024-07-19,1000000.00,4.20582,101.34375
08:00:26,91282CKQ3,TSRYS5802845,D,S,T,2024-07-19,2000000.00,4.202176,101.373046875
08:00:26,91282CKQ3,TSRYS5802845,D,S,T,2024-07-19,1000000.00,4.203876,101.359375
08:00:26,91282CKQ3,TSRYS5802845,D,S,T,2024-07-19,1000000.00,4.198048,101.40625
08:00:26,91282CKQ3,TSRYS5802845,D,S,T,2024-07-19,1000000.00,4.198048,101.40625
08:00:26,91282CKQ3,TSRYS5802845,D,S,T,2024-07-19,1000000.00,4.194164,101.4375
08:00:26,91282CKQ3,TSRYS5802845,D,S,T,2024-07-19,1000000.00,4.194164,101.4375
08:00:26,91282CKQ3,TSRYS5802845,D,S,T,2024-07-19,1000000.00,4.194164,101.4375
08:00:26,91282CKQ3,TSRYS5802845,D,S,T,2024-07-19,1000000.00,4.198048,101.40625
08:00:26,91282CKQ3,TSRYS5802845,D,S,T,2024-07-19,1000000.00,4.198048,101.40625
08:00:26,91282CKQ3,TSRYS5802845,D,S,T,2024-07-19,1000000.00,4.198048,101.40625
08:00:26,91282CKQ3,TSRYS5802845,D,S,T,2024-07-19,1000000.00,4.203876,101.359375
08:00:26,91282CKQ3,TSRYS5802845,D,S,T,2024-07-19,3000000.00,4.207764,101.328125
08:00:26,91282CKQ3,TSRYS5802845,D,S,T,2024-07-19,3000000.00,4.211652,101.296875
08:00:26,91282CKQ3,TSRYS5802845,D,S,T,2024-07-19,1000000.00,4.211652,101.296875
08:00:26,91282CKQ3,TSRYS5802845,D,S,T,2024-07-19,1000000.00,4.20582,101.34375
08:00:27,91282CKQ3,TSRYS5802845,D,S,T,2024-07-19,1000000.00,4.194164,101.4375
08:00:27,91282CKQ3,TSRYS5802845,D,S,T,2024-07-19,1000000.00,4.194164,101.4375
08:00:27,91282CKQ3,TSRYS5802845,D,S,T,2024-07-19,1000000.00,4.194164,101.4375
08:00:27,91282CKQ3,TSRYS5802845,D,S,D,2024-07-19,1000000.00,4.192466,101.451171875
08:00:27,91282CKQ3,TSRYS5802845,D,S,D,2024-07-19,1000000.00,4.192466,101.451171875
08:00:27,91282CKQ3,TSRYS5802845,D,S,D,2024-07-19,1000000.00,4.192466,101.451171875
08:00:27,91282CKQ3,TSRYS5802845,D,S,D,2024-07-19,1000000.00,4.192466,101.451171875
08:00:27,91282CKQ3,TSRYS5802845,D,S,D,2024-07-19,1000000.00,4.192466,101.451171875
08:00:27,91282CKQ3,TSRYS5802845,D,S,D,2024-07-19,2000000.00,4.193679,101.44140625
08:00:27,91282CKQ3,TSRYS5802845,D,S,T,2024-07-19,1000000.00,4.192708,101.44921875
08:00:27,91282CKQ3,TSRYS5802845,D,S,D,2024-07-19,1000000.00,4.187614,101.490234375
08:00:27,91282CKQ3,TSRYS5802845,D,S,D,2024-07-19,1000000.00,4.192223,101.453125
08:00:27,91282CKQ3,TSRYS5802845,D,S,D,2024-07-19,2000000.00,4.190282,101.46875
08:00:27,91282CKQ3,TSRYS5802845,D,S,D,2024-07-19,2000000.00,4.194407,101.435546875
08:00:27,91282CKQ3,TSRYS5802845,D,S,D,2024-07-19,1000000.00,4.200233,101.388671875
08:00:27,91282CKQ3,TSRYS5802845,D,S,D,2024-07-19,1000000.00,4.200476,101.38671875
08:00:27,91282CKQ3,TSRYS5802845,D,S,D,2024-07-19,2000000.00,4.201447,101.37890625
08:00:27,91282CKQ3,TSRYS5802845,D,S,D,2024-07-19,2000000.00,4.20169,101.376953125
08:00:27,91282CKQ3,TSRYS5802845,D,S,D,2024-07-19,1000000.00,4.20339,101.36328125
08:00:27,91282CKQ3,TSRYS5802845,D,S,D,2024-07-19,1000000.00,4.202905,101.3671875
08:00:27,91282CKQ3,TSRYS5802845,D,S,T,2024-07-19,1000000.00,4.20825,101.32421875
08:00:27,91282CKQ3,TSRYS5802845,D,S,D,2024-07-19,1000000.00,4.212868,101.287109375
08:00:27,91282CKQ3,TSRYS5802845,D,S,D,2024-07-19,2000000.00,4.213111,101.28515625
08:00:27,91282CKQ3,TSRYS5802845,D,S,D,2024-07-19,1000000.00,4.218461,101.2421875
08:00:27,91282CKQ3,TSRYS5802845,D,S,D,2024-07-19,1000000.00,4.218461,101.2421875
08:00:27,91282CKQ3,TSRYS5802845,D,S,T,2024-07-19,1000000.00,4.217002,101.25390625
08:00:27,91282CKQ3,TSRYS5802845,D,S,D,2024-07-19,2000000.00,4.212868,101.287109375
08:00:27,91282CKQ3,TSRYS5802845,D,S,D,2024-07-19,2000000.00,4.213111,101.28515625
08:00:27,91282CKQ3,TSRYS5802845,D,S,D,2024-07-19,1000000.00,4.209951,101.310546875
08:00:27,91282CKQ3,TSRYS5802845,D,S,D,2024-07-19,1000000.00,4.208007,101.326171875
08:00:27,91282CKQ3,TSRYS5802845,D,S,D,2024-07-19,1000000.00,4.212625,101.2890625
08:00:27,91282CKQ3,TSRYS5802845,D,S,D,2024-07-19,1000000.00,4.212625,101.2890625
08:00:27,91282CKQ3,TSRYS5802845,D,S,D,2024-07-19,3000000.00,4.212625,101.2890625
08:00:27,91282CKQ3,TSRYS5802845,D,S,D,2024-07-19,3000000.00,4.212625,101.2890625
08:00:27,91282CKQ3,TSRYS5802845,D,S,D,2024-07-19,2000000.00,4.212625,101.2890625
08:00:27,91282CKQ3,TSRYS5802845,D,S,D,2024-07-19,2000000.00,4.212138,101.29296875
08:00:27,91282CKQ3,TSRYS5802845,D,S,D,2024-07-19,1000000.00,4.208007,101.326171875
08:00:27,91282CKQ3,TSRYS5802845,D,S,D,2024-07-19,4000000.00,4.207521,101.330078125
08:00:27,91282CKQ3,TSRYS5802845,D,S,T,2024-07-19,1000000.00,4.188341,101.484375
08:00:27,91282CKQ3,TSRYS5802845,D,S,D,2024-07-19,1000000.00,4.187129,101.494140625
08:00:27,91282CKQ3,TSRYS5802845,D,S,D,2024-07-19,1000000.00,4.192951,101.447265625
08:00:27,91282CKQ3,TSRYS5802845,D,S,D,2024-07-19,1000000.00,4.19465,101.43359375
08:00:27,91282CKQ3,TSRYS5802845,D,S,D,2024-07-19,1000000.00,4.194407,101.435546875
08:00:27,91282CKQ3,TSRYS5802845,D,S,T,2024-07-19,1000000.00,4.20582,101.34375
08:00:27,91282CKQ3,TSRYS5802845,D,S,T,2024-07-19,1000000.00,4.204119,101.357421875
08:00:27,91282CKQ3,TSRYS5802845,D,S,T,2024-07-19,1000000.00,4.202662,101.369140625
08:00:27,91282CKQ3,TSRYS5802845,D,S,C,2024-07-19,1000000.00,4.19999,101.390625
08:00:27,91282CKQ3,TSRYS5802845,D,S,T,2024-07-19,1000000.00,4.19999,101.390625
08:00:27,91282CKQ3,TSRYS5802845,D,S,T,2024-07-19,2000000.00,4.198048,101.40625
08:00:27,91282CKQ3,TSRYS5802845,D,S,T,2024-07-19,1000000.00,4.191252,101.4609375
08:00:27,91282CKQ3,TSRYS5802845,D,S,D,2024-07-19,1000000.00,4.191738,101.45703125
08:00:27,91282CKQ3,TSRYS5802845,D,B,C,2024-07-19,15000000.00,4.192223,101.453125
08:00:27,91282CKQ3,TSRYS5802845,D,S,T,2024-07-19,1000000.00,4.194164,101.4375
08:00:27,91282CKQ3,TSRYS5802845,D,S,D,2024-07-19,2000000.00,4.197805,101.408203125
08:00:27,91282CKQ3,TSRYS5802845,D,S,D,2024-07-19,1000000.00,4.199748,101.392578125
08:00:27,91282CKQ3,TSRYS5802845,D,S,D,2024-07-19,2000000.00,4.199748,101.392578125
08:00:27,91282CKQ3,TSRYS5802845,D,S,D,2024-07-19,1000000.00,4.200233,101.388671875
08:00:27,91282CKQ3,TSRYS5802845,D,S,C,2024-07-19,5000000.00,4.19999,101.390625
08:00:27,91282CKQ3,TSRYS5802845,D,S,D,2024-07-19,1000000.00,4.204119,101.357421875
08:00:27,91282CKQ3,TSRYS5802845,D,S,T,2024-07-19,2000000.00,4.20339,101.36328125
08:00:27,91282CKQ3,TSRYS5802845,D,S,T,2024-07-19,2000000.00,4.20339,101.36328125
08:00:27,91282CKQ3,TSRYS5802845,D,S,T,2024-07-19,1000000.00,4.20339,101.36328125
08:00:27,91282CKQ3,TSRYS5802845,D,S,D,2024-07-19,3000000.00,4.211409,101.298828125
08:00:27,91282CKQ3,TSRYS5802845,D,S,D,2024-07-19,1000000.00,4.209222,101.31640625
08:00:27,91282CKQ3,TSRYS5802845,D,S,C,2024-07-19,4000000.00,4.209708,101.3125
08:00:27,91282CKQ3,TSRYS5802845,D,S,A,2024-07-19,15000000.00,4.206792,101.3359375
08:00:27,91282CKQ3,TSRYS5802845,D,S,D,2024-07-19,2000000.00,4.203633,101.361328125
08:00:27,91282CKQ3,TSRYS5802845,D,S,T,2024-07-19,1000000.00,4.22065,101.224609375
08:00:27,91282CKQ3,TSRYS5802845,D,S,T,2024-07-19,1000000.00,4.220894,101.22265625
08:00:27,91282CKQ3,TSRYS5802845,D,S,T,2024-07-19,1000000.00,4.22065,101.224609375
08:00:27,91282CKQ3,TSRYS5802845,D,S,D,2024-07-19,2000000.00,4.209708,101.3125
08:00:27,91282CKQ3,TSRYS5802845,D,S,D,2024-07-19,1000000.00,4.208493,101.322265625
08:00:27,91282CKQ3,TSRYS5802845,D,S,D,2024-07-19,1000000.00,4.208736,101.3203125
08:00:27,91282CKQ3,TSRYS5802845,D,S,D,2024-07-19,2000000.00,4.208493,101.322265625
08:00:27,91282CKQ3,TSRYS5802845,D,S,D,2024-07-19,2000000.00,4.209951,101.310546875
08:00:27,91282CKQ3,TSRYS5802845,D,S,D,2024-07-19,2000000.00,4.209951,101.310546875
08:00:28,91282CKQ3,TSRYS5802845,D,S,T,2024-07-19,1000000.00,4.209708,101.3125
08:00:28,91282CKQ3,TSRYS5802845,D,S,D,2024-07-19,2000000.00,4.203633,101.361328125
08:00:29,91282CKQ3,TSRYS5802845,D,S,D,2024-07-19,1000000.00,4.209708,101.3125
08:00:29,91282CKQ3,TSRYS5802845,D,S,D,2024-07-19,1000000.00,4.208493,101.322265625
08:00:29,91282CKQ3,TSRYS5802845,D,S,T,2024-07-19,3000000.00,4.204848,101.3515625
08:00:29,91282CKQ3,TSRYS5802845,D,S,A,2024-07-19,550000.00,4.190767,101.46484375
08:00:29,91282CKQ3,TSRYS5802845,D,S,T,2024-07-19,3000000.00,4.20582,101.34375
08:00:29,91282CKQ3,TSRYS5802845,D,B,A,2024-07-19,2928000.00,4.198534,101.402344
08:00:29,91282CKQ3,TSRYS5802845,D,B,A,2024-07-19,3520000.00,4.204362,101.355469
08:00:29,91282CKQ3,TSRYS5802845,D,B,A,2024-07-19,6700000.00,4.205334,101.34765625
08:00:29,91282CKQ3,TSRYS5802845,D,S,T,2024-07-19,2000000.00,4.20582,101.34375
08:00:29,91282CKQ3,TSRYS5802845,D,S,T,2024-07-19,1000000.00,4.204848,101.3515625
08:00:30,91282CKQ3,TSRYS5802845,D,S,T,2024-07-19,1000000.00,4.192223,101.453125
08:00:30,91282CKQ3,TSRYS5802845,D,S,T,2024-07-19,1000000.00,4.193194,101.4453125
08:00:30,91282CKQ3,TSRYS5802845,D,S,T,2024-07-19,1000000.00,4.193194,101.4453125
08:00:30,91282CKQ3,TSRYS5802845,D,S,T,2024-07-19,2000000.00,4.194164,101.4375
08:00:30,91282CKQ3,TSRYS5802845,D,S,T,2024-07-19,1000000.00,4.194164,101.4375
08:00:30,91282CKQ3,TSRYS5802845,D,S,T,2024-07-19,1000000.00,4.194164,101.4375
08:00:30,91282CKQ3,TSRYS5802845,D,S,T,2024-07-19,1000000.00,4.194164,101.4375
08:00:30,91282CKQ3,TSRYS5802845,D,S,T,2024-07-19,1000000.00,4.194164,101.4375
08:00:30,91282CKQ3,TSRYS5802845,D,S,T,2024-07-19,1000000.00,4.194164,101.4375
08:00:30,91282CKQ3,TSRYS5802845,D,S,T,2024-07-19,1000000.00,4.194164,101.4375
08:00:30,91282CKQ3,TSRYS5802845,D,S,T,2024-07-19,1000000.00,4.194164,101.4375
08:00:30,91282CKQ3,TSRYS5802845,D,S,T,2024-07-19,1000000.00,4.194164,101.4375
08:00:30,91282CKQ3,TSRYS5802845,D,S,T,2024-07-19,1000000.00,4.194164,101.4375
08:00:30,91282CKQ3,TSRYS5802845,D,S,T,2024-07-19,1000000.00,4.194164,101.4375
08:00:30,91282CKQ3,TSRYS5802845,D,S,T,2024-07-19,1000000.00,4.194164,101.4375
08:00:30,91282CKQ3,TSRYS5802845,D,S,T,2024-07-19,1000000.00,4.194164,101.4375
08:00:30,91282CKQ3,TSRYS5802845,D,S,T,2024-07-19,1000000.00,4.194164,101.4375
08:00:30,91282CKQ3,TSRYS5802845,D,S,T,2024-07-19,1000000.00,4.194164,101.4375
08:00:30,91282CKQ3,TSRYS5802845,D,S,T,2024-07-19,1000000.00,4.194164,101.4375
08:00:30,91282CKQ3,TSRYS5802845,D,S,T,2024-07-19,1000000.00,4.194164,101.4375
08:00:30,91282CKQ3,TSRYS5802845,D,S,T,2024-07-19,1000000.00,4.194164,101.4375
08:00:30,91282CKQ3,TSRYS5802845,D,S,T,2024-07-19,1000000.00,4.194164,101.4375
08:00:30,91282CKQ3,TSRYS5802845,D,S,T,2024-07-19,1000000.00,4.194164,101.4375
08:00:30,91282CKQ3,TSRYS5802845,D,S,T,2024-07-19,1000000.00,4.194164,101.4375
08:00:30,91282CKQ3,TSRYS5802845,D,S,T,2024-07-19,1000000.00,4.194164,101.4375
08:00:30,91282CKQ3,TSRYS5802845,D,S,T,2024-07-19,1000000.00,4.195135,101.4296875
08:00:30,91282CKQ3,TSRYS5802845,D,S,T,2024-07-19,1000000.00,4.195135,101.4296875
08:00:30,91282CKQ3,TSRYS5802845,D,S,T,2024-07-19,1000000.00,4.195135,101.4296875
08:00:30,91282CKQ3,TSRYS5802845,D,S,T,2024-07-19,1000000.00,4.195135,101.4296875
08:00:30,91282CKQ3,TSRYS5802845,D,S,T,2024-07-19,1000000.00,4.194407,101.435546875
08:00:30,91282CKQ3,TSRYS5802845,D,S,T,2024-07-19,1000000.00,4.194164,101.4375
08:00:30,91282CKQ3,TSRYS5802845,D,S,T,2024-07-19,1000000.00,4.192708,101.44921875
08:00:30,91282CKQ3,TSRYS5802845,D,S,T,2024-07-19,1000000.00,4.194164,101.4375
08:00:30,91282CKQ3,TSRYS5802845,D,S,T,2024-07-19,1000000.00,4.194164,101.4375
08:00:30,91282CKQ3,TSRYS5802845,D,S,T,2024-07-19,1000000.00,4.194164,101.4375
08:00:30,91282CKQ3,TSRYS5802845,D,S,T,2024-07-19,1000000.00,4.194164,101.4375
08:00:30,91282CKQ3,TSRYS5802845,D,S,T,2024-07-19,1000000.00,4.194164,101.4375
08:00:30,91282CKQ3,TSRYS5802845,D,S,T,2024-07-19,1000000.00,4.192708,101.44921875
08:00:30,91282CKQ3,TSRYS5802845,D,S,T,2024-07-19,1000000.00,4.192708,101.44921875
08:00:30,91282CKQ3,TSRYS5802845,D,S,T,2024-07-19,1000000.00,4.192466,101.451171875
08:00:30,91282CKQ3,TSRYS5802845,D,S,T,2024-07-19,1000000.00,4.19101,101.462890625
08:00:30,91282CKQ3,TSRYS5802845,D,S,T,2024-07-19,1000000.00,4.190767,101.46484375
08:00:30,91282CKQ3,TSRYS5802845,D,S,T,2024-07-19,1000000.00,4.192466,101.451171875
08:00:30,91282CKQ3,TSRYS5802845,D,S,T,2024-07-19,1000000.00,4.192223,101.453125
08:00:30,91282CKQ3,TSRYS5802845,D,S,T,2024-07-19,1000000.00,4.192223,101.453125
08:00:30,91282CKQ3,TSRYS5802845,D,S,T,2024-07-19,1000000.00,4.192708,101.44921875
08:00:30,91282CKQ3,TSRYS5802845,D,S,T,2024-07-19,1000000.00,4.191252,101.4609375
08:00:30,91282CKQ3,TSRYS5802845,D,S,T,2024-07-19,1000000.00,4.190282,101.46875
08:00:30,91282CKQ3,TSRYS5802845,D,S,T,2024-07-19,1000000.00,4.185916,101.50390625
08:00:30,91282CKQ3,TSRYS5802845,D,S,T,2024-07-19,1000000.00,4.184461,101.515625
08:00:30,91282CKQ3,TSRYS5802845,D,S,T,2024-07-19,1000000.00,4.184461,101.515625
08:00:30,91282CKQ3,TSRYS5802845,D,S,T,2024-07-19,1000000.00,4.183976,101.51953125
08:00:30,91282CKQ3,TSRYS5802845,D,S,T,2024-07-19,1000000.00,4.185674,101.505859375
08:00:30,91282CKQ3,TSRYS5802845,D,S,T,2024-07-19,1000000.00,4.185674,101.505859375
08:00:30,91282CKQ3,TSRYS5802845,D,S,T,2024-07-19,1000000.00,4.185431,101.5078125
08:00:30,91282CKQ3,TSRYS5802845,D,S,T,2024-07-19,1000000.00,4.186401,101.5
08:00:30,91282CKQ3,TSRYS5802845,D,S,T,2024-07-19,2000000.00,4.186401,101.5
08:00:30,91282CKQ3,TSRYS5802845,D,S,T,2024-07-19,1000000.00,4.186401,101.5
08:00:30,91282CKQ3,TSRYS5802845,D,S,T,2024-07-19,1000000.00,4.186401,101.5
08:00:30,91282CKQ3,TSRYS5802845,D,S,T,2024-07-19,1000000.00,4.186401,101.5
08:00:30,91282CKQ3,TSRYS5802845,D,S,T,2024-07-19,1000000.00,4.186401,101.5
08:00:30,91282CKQ3,TSRYS5802845,D,S,T,2024-07-19,1000000.00,4.185674,101.505859375
08:00:30,91282CKQ3,TSRYS5802845,D,S,T,2024-07-19,1000000.00,4.185674,101.505859375
08:00:30,91282CKQ3,TSRYS5802845,D,S,T,2024-07-19,2000000.00,4.186401,101.5
08:00:30,91282CKQ3,TSRYS5802845,D,S,T,2024-07-19,1000000.00,4.186401,101.5
08:00:30,91282CKQ3,TSRYS5802845,D,S,T,2024-07-19,1000000.00,4.186401,101.5
08:00:30,91282CKQ3,TSRYS5802845,D,S,T,2024-07-19,1000000.00,4.186401,101.5
08:00:30,91282CKQ3,TSRYS5802845,D,S,T,2024-07-19,1000000.00,4.186401,101.5
08:00:30,91282CKQ3,TSRYS5802845,D,S,T,2024-07-19,2000000.00,4.186401,101.5
08:00:30,91282CKQ3,TSRYS5802845,D,S,T,2024-07-19,1000000.00,4.186401,101.5
08:00:30,91282CKQ3,TSRYS5802845,D,S,T,2024-07-19,1000000.00,4.186401,101.5
08:00:30,91282CKQ3,TSRYS5802845,D,S,T,2024-07-19,1000000.00,4.186401,101.5
08:00:30,91282CKQ3,TSRYS5802845,D,S,T,2024-07-19,2000000.00,4.187371,101.4921875
08:00:30,91282CKQ3,TSRYS5802845,D,S,T,2024-07-19,1000000.00,4.185674,101.505859375
08:00:30,91282CKQ3,TSRYS5802845,D,S,T,2024-07-19,1000000.00,4.185674,101.505859375
08:00:30,91282CKQ3,TSRYS5802845,D,S,T,2024-07-19,1000000.00,4.187371,101.4921875
08:00:30,91282CKQ3,TSRYS5802845,D,S,T,2024-07-19,1000000.00,4.187371,101.4921875
08:00:30,91282CKQ3,TSRYS5802845,D,S,T,2024-07-19,1000000.00,4.187371,101.4921875
08:00:30,91282CKQ3,TSRYS5802845,D,S,T,2024-07-19,1000000.00,4.187371,101.4921875
08:00:30,91282CKQ3,TSRYS5802845,D,S,T,2024-07-19,1000000.00,4.189069,101.478515625
08:00:30,91282CKQ3,TSRYS5802845,D,S,T,2024-07-19,1000000.00,4.189069,101.478515625
08:00:30,91282CKQ3,TSRYS5802845,D,S,T,2024-07-19,1000000.00,4.189069,101.478515625
08:00:30,91282CKQ3,TSRYS5802845,D,S,T,2024-07-19,1000000.00,4.190767,101.46484375
08:00:30,91282CKQ3,TSRYS5802845,D,S,T,2024-07-19,1000000.00,4.191252,101.4609375
08:00:30,91282CKQ3,TSRYS5802845,D,S,T,2024-07-19,1000000.00,4.190767,101.46484375
08:00:30,91282CKQ3,TSRYS5802845,D,S,T,2024-07-19,1000000.00,4.190767,101.46484375
08:00:30,91282CKQ3,TSRYS5802845,D,S,T,2024-07-19,1000000.00,4.190767,101.46484375
08:00:30,91282CKQ3,TSRYS5802845,D,S,T,2024-07-19,1000000.00,4.190767,101.46484375
08:00:30,91282CKQ3,TSRYS5802845,D,S,T,2024-07-19,2000000.00,4.190525,101.466796875
08:00:30,91282CKQ3,TSRYS5802845,D,S,T,2024-07-19,1000000.00,4.190767,101.46484375
08:00:30,91282CKQ3,TSRYS5802845,D,S,T,2024-07-19,1000000.00,4.192223,101.453125
08:00:30,91282CKQ3,TSRYS5802845,D,S,T,2024-07-19,1000000.00,4.192466,101.451171875
08:00:30,91282CKQ3,TSRYS5802845,D,S,T,2024-07-19,1000000.00,4.192223,101.453125
08:00:30,91282CKQ3,TSRYS5802845,D,S,T,2024-07-19,1000000.00,4.192223,101.453125
08:00:30,91282CKQ3,TSRYS5802845,D,S,T,2024-07-19,1000000.00,4.192223,101.453125
08:00:30,91282CKQ3,TSRYS5802845,D,S,T,2024-07-19,1000000.00,4.192223,101.453125
08:00:30,91282CKQ3,TSRYS5802845,D,S,T,2024-07-19,2000000.00,4.19101,101.462890625
08:00:30,91282CKQ3,TSRYS5802845,D,S,T,2024-07-19,1000000.00,4.190767,101.46484375
08:00:30,91282CKQ3,TSRYS5802845,D,S,T,2024-07-19,1000000.00,4.190282,101.46875
08:00:30,91282CKQ3,TSRYS5802845,D,S,T,2024-07-19,1000000.00,4.190282,101.46875
08:00:30,91282CKQ3,TSRYS5802845,D,S,T,2024-07-19,1000000.00,4.190282,101.46875
08:00:30,91282CKQ3,TSRYS5802845,D,S,T,2024-07-19,1000000.00,4.190282,101.46875
08:00:30,91282CKQ3,TSRYS5802845,D,S,T,2024-07-19,1000000.00,4.190282,101.46875
08:00:30,91282CKQ3,TSRYS5802845,D,S,T,2024-07-19,2000000.00,4.190282,101.46875
08:00:30,91282CKQ3,TSRYS5802845,D,S,T,2024-07-19,1000000.00,4.190282,101.46875
08:00:30,91282CKQ3,TSRYS5802845,D,S,T,2024-07-19,3000000.00,4.190282,101.46875
08:00:30,91282CKQ3,TSRYS5802845,D,S,T,2024-07-19,1000000.00,4.190282,101.46875
08:00:30,91282CKQ3,TSRYS5802845,D,S,T,2024-07-19,1000000.00,4.190282,101.46875
08:00:30,91282CKQ3,TSRYS5802845,D,S,T,2024-07-19,3000000.00,4.190282,101.46875
08:00:30,91282CKQ3,TSRYS5802845,D,S,T,2024-07-19,3000000.00,4.190282,101.46875
08:00:30,91282CKQ3,TSRYS5802845,D,S,T,2024-07-19,3000000.00,4.190282,101.46875
08:00:30,91282CKQ3,TSRYS5802845,D,S,T,2024-07-19,3000000.00,4.190282,101.46875
08:00:30,91282CKQ3,TSRYS5802845,D,S,T,2024-07-19,1000000.00,4.190282,101.46875
08:00:30,91282CKQ3,TSRYS5802845,D,S,T,2024-07-19,1000000.00,4.190282,101.46875
08:00:30,91282CKQ3,TSRYS5802845,D,S,T,2024-07-19,1000000.00,4.190282,101.46875
08:00:30,91282CKQ3,TSRYS5802845,D,S,T,2024-07-19,1000000.00,4.190282,101.46875
08:00:30,91282CKQ3,TSRYS5802845,D,S,T,2024-07-19,1000000.00,4.190282,101.46875
08:00:30,91282CKQ3,TSRYS5802845,D,S,T,2024-07-19,1000000.00,4.190767,101.46484375
08:00:30,91282CKQ3,TSRYS5802845,D,S,T,2024-07-19,1000000.00,4.190767,101.46484375
08:00:30,91282CKQ3,TSRYS5802845,D,S,T,2024-07-19,2000000.00,4.189797,101.47265625
08:00:30,91282CKQ3,TSRYS5802845,D,S,T,2024-07-19,1000000.00,4.190767,101.46484375
08:00:30,91282CKQ3,TSRYS5802845,D,S,T,2024-07-19,1000000.00,4.190282,101.46875
08:00:30,91282CKQ3,TSRYS5802845,D,S,T,2024-07-19,1000000.00,4.190282,101.46875
08:00:30,91282CKQ3,TSRYS5802845,D,S,T,2024-07-19,1000000.00,4.190767,101.46484375
08:00:30,91282CKQ3,TSRYS5802845,D,S,T,2024-07-19,1000000.00,4.190282,101.46875
08:00:30,91282CKQ3,TSRYS5802845,D,S,T,2024-07-19,1000000.00,4.190767,101.46484375
08:00:30,91282CKQ3,TSRYS5802845,D,S,T,2024-07-19,1000000.00,4.192223,101.453125
08:00:30,91282CKQ3,TSRYS5802845,D,S,T,2024-07-19,1000000.00,4.192466,101.451171875
08:00:30,91282CKQ3,TSRYS5802845,D,S,T,2024-07-19,1000000.00,4.194164,101.4375
08:00:30,91282CKQ3,TSRYS5802845,D,S,T,2024-07-19,1000000.00,4.194164,101.4375
08:00:30,91282CKQ3,TSRYS5802845,D,S,T,2024-07-19,2000000.00,4.195135,101.4296875
08:00:30,91282CKQ3,TSRYS5802845,D,S,T,2024-07-19,2000000.00,4.195135,101.4296875
08:00:30,91282CKQ3,TSRYS5802845,D,S,T,2024-07-19,1000000.00,4.195135,101.4296875
08:00:30,91282CKQ3,TSRYS5802845,D,S,T,2024-07-19,1000000.00,4.195135,101.4296875
08:00:30,91282CKQ3,TSRYS5802845,D,S,T,2024-07-19,1000000.00,4.195135,101.4296875
08:00:30,91282CKQ3,TSRYS5802845,D,S,T,2024-07-19,2000000.00,4.195135,101.4296875
08:00:30,91282CKQ3,TSRYS5802845,D,S,T,2024-07-19,1000000.00,4.195135,101.4296875
08:00:30,91282CKQ3,TSRYS5802845,D,S,T,2024-07-19,1000000.00,4.194164,101.4375
08:00:30,91282CKQ3,TSRYS5802845,D,S,T,2024-07-19,2000000.00,4.194164,101.4375
08:00:30,91282CKQ3,TSRYS5802845,D,S,T,2024-07-19,1000000.00,4.194164,101.4375
08:00:30,91282CKQ3,TSRYS5802845,D,S,T,2024-07-19,1000000.00,4.196106,101.421875
08:00:30,91282CKQ3,TSRYS5802845,D,S,T,2024-07-19,1000000.00,4.196106,101.421875
08:00:30,91282CKQ3,TSRYS5802845,D,S,T,2024-07-19,1000000.00,4.196106,101.421875
08:00:30,91282CKQ3,TSRYS5802845,D,S,T,2024-07-19,1000000.00,4.196106,101.421875
08:00:30,91282CKQ3,TSRYS5802845,D,S,T,2024-07-19,1000000.00,4.196106,101.421875
08:00:30,91282CKQ3,TSRYS5802845,D,S,T,2024-07-19,1000000.00,4.196106,101.421875
08:00:30,91282CKQ3,TSRYS5802845,D,S,T,2024-07-19,1000000.00,4.197077,101.4140625
08:00:30,91282CKQ3,TSRYS5802845,D,S,T,2024-07-19,1000000.00,4.197077,101.4140625
08:00:30,91282CKQ3,TSRYS5802845,D,S,T,2024-07-19,1000000.00,4.197077,101.4140625
08:00:30,91282CKQ3,TSRYS5802845,D,S,T,2024-07-19,1000000.00,4.197077,101.4140625
08:00:30,91282CKQ3,TSRYS5802845,D,S,T,2024-07-19,1000000.00,4.198048,101.40625
08:00:30,91282CKQ3,TSRYS5802845,D,S,T,2024-07-19,1000000.00,4.198048,101.40625
08:00:30,91282CKQ3,TSRYS5802845,D,S,T,2024-07-19,1000000.00,4.198048,101.40625
08:00:30,91282CKQ3,TSRYS5802845,D,S,T,2024-07-19,1000000.00,4.198048,101.40625
08:00:30,91282CKQ3,TSRYS5802845,D,S,T,2024-07-19,2000000.00,4.198048,101.40625
08:00:30,91282CKQ3,TSRYS5802845,D,S,T,2024-07-19,1000000.00,4.199019,101.3984375
08:00:30,91282CKQ3,TSRYS5802845,D,S,T,2024-07-19,1000000.00,4.19999,101.390625
08:00:30,91282CKQ3,TSRYS5802845,D,S,T,2024-07-19,1000000.00,4.19999,101.390625
08:00:30,91282CKQ3,TSRYS5802845,D,S,T,2024-07-19,1000000.00,4.19999,101.390625
08:00:30,91282CKQ3,TSRYS5802845,D,S,T,2024-07-19,1000000.00,4.19999,101.390625
08:00:30,91282CKQ3,TSRYS5802845,D,S,T,2024-07-19,2000000.00,4.19999,101.390625
08:00:30,91282CKQ3,TSRYS5802845,D,S,T,2024-07-19,1000000.00,4.19999,101.390625
08:00:30,91282CKQ3,TSRYS5802845,D,S,T,2024-07-19,1000000.00,4.19999,101.390625
08:00:30,91282CKQ3,TSRYS5802845,D,S,T,2024-07-19,3000000.00,4.19999,101.390625
08:00:30,91282CKQ3,TSRYS5802845,D,S,T,2024-07-19,1000000.00,4.19999,101.390625
08:00:30,91282CKQ3,TSRYS5802845,D,S,T,2024-07-19,1000000.00,4.19999,101.390625
08:00:30,91282CKQ3,TSRYS5802845,D,S,T,2024-07-19,1000000.00,4.19999,101.390625
08:00:30,91282CKQ3,TSRYS5802845,D,S,T,2024-07-19,2000000.00,4.200719,101.384765625
08:00:30,91282CKQ3,TSRYS5802845,D,S,T,2024-07-19,2000000.00,4.200476,101.38671875
08:00:30,91282CKQ3,TSRYS5802845,D,S,T,2024-07-19,1000000.00,4.201933,101.375
08:00:30,91282CKQ3,TSRYS5802845,D,S,T,2024-07-19,1000000.00,4.200962,101.3828125
08:00:30,91282CKQ3,TSRYS5802845,D,S,T,2024-07-19,1000000.00,4.201933,101.375
08:00:30,91282CKQ3,TSRYS5802845,D,S,T,2024-07-19,1000000.00,4.201933,101.375
08:00:30,91282CKQ3,TSRYS5802845,D,S,T,2024-07-19,3000000.00,4.201933,101.375
08:00:30,91282CKQ3,TSRYS5802845,D,S,T,2024-07-19,2000000.00,4.201933,101.375
08:00:30,91282CKQ3,TSRYS5802845,D,S,T,2024-07-19,2000000.00,4.201933,101.375
08:00:30,91282CKQ3,TSRYS5802845,D,S,T,2024-07-19,1000000.00,4.201933,101.375
08:00:30,91282CKQ3,TSRYS5802845,D,S,T,2024-07-19,1000000.00,4.201933,101.375
08:00:30,91282CKQ3,TSRYS5802845,D,S,T,2024-07-19,1000000.00,4.201933,101.375
08:00:30,91282CKQ3,TSRYS5802845,D,S,T,2024-07-19,1000000.00,4.202905,101.3671875
08:00:30,91282CKQ3,TSRYS5802845,D,S,T,2024-07-19,1000000.00,4.202905,101.3671875
08:00:30,91282CKQ3,TSRYS5802845,D,S,T,2024-07-19,2000000.00,4.202419,101.37109375
08:00:30,91282CKQ3,TSRYS5802845,D,S,T,2024-07-19,1000000.00,4.202419,101.37109375
08:00:30,91282CKQ3,TSRYS5802845,D,S,T,2024-07-19,1000000.00,4.202176,101.373046875
08:00:30,91282CKQ3,TSRYS5802845,D,S,T,2024-07-19,2000000.00,4.20339,101.36328125
08:00:30,91282CKQ3,TSRYS5802845,D,S,T,2024-07-19,1000000.00,4.20339,101.36328125
08:00:30,91282CKQ3,TSRYS5802845,D,S,T,2024-07-19,1000000.00,4.200962,101.3828125
08:00:30,91282CKQ3,TSRYS5802845,D,S,T,2024-07-19,1000000.00,4.201933,101.375
08:00:30,91282CKQ3,TSRYS5802845,D,S,T,2024-07-19,1000000.00,4.201933,101.375
08:00:30,91282CKQ3,TSRYS5802845,D,S,T,2024-07-19,1000000.00,4.201933,101.375
08:00:30,91282CKQ3,TSRYS5802845,D,S,T,2024-07-19,1000000.00,4.201933,101.375
08:00:30,91282CKQ3,TSRYS5802845,D,S,T,2024-07-19,1000000.00,4.201933,101.375
08:00:30,91282CKQ3,TSRYS5802845,D,S,T,2024-07-19,2000000.00,4.20339,101.36328125
08:00:30,91282CKQ3,TSRYS5802845,D,S,T,2024-07-19,2000000.00,4.20339,101.36328125
08:00:30,91282CKQ3,TSRYS5802845,D,S,T,2024-07-19,2000000.00,4.20339,101.36328125
08:00:30,91282CKQ3,TSRYS5802845,D,S,T,2024-07-19,1000000.00,4.20339,101.36328125
08:00:30,91282CKQ3,TSRYS5802845,D,S,T,2024-07-19,2000000.00,4.204848,101.3515625
08:00:30,91282CKQ3,TSRYS5802845,D,S,T,2024-07-19,1000000.00,4.204848,101.3515625
08:00:30,91282CKQ3,TSRYS5802845,D,S,T,2024-07-19,1000000.00,4.204848,101.3515625
08:00:30,91282CKQ3,TSRYS5802845,D,S,T,2024-07-19,1000000.00,4.205577,101.345703125
08:00:30,91282CKQ3,TSRYS5802845,D,S,T,2024-07-19,2000000.00,4.207035,101.333984375
08:00:30,91282CKQ3,TSRYS5802845,D,S,T,2024-07-19,2000000.00,4.206792,101.3359375
08:00:30,91282CKQ3,TSRYS5802845,D,S,T,2024-07-19,1000000.00,4.206792,101.3359375
08:00:30,91282CKQ3,TSRYS5802845,D,S,T,2024-07-19,1000000.00,4.20582,101.34375
08:00:30,91282CKQ3,TSRYS5802845,D,S,T,2024-07-19,3000000.00,4.207764,101.328125
08:00:30,91282CKQ3,TSRYS5802845,D,S,T,2024-07-19,2000000.00,4.207764,101.328125
08:00:30,91282CKQ3,TSRYS5802845,D,S,T,2024-07-19,1000000.00,4.207764,101.328125
08:00:30,91282CKQ3,TSRYS5802845,D,S,T,2024-07-19,3000000.00,4.207764,101.328125
08:00:30,91282CKQ3,TSRYS5802845,D,S,T,2024-07-19,1000000.00,4.207764,101.328125
08:00:30,91282CKQ3,TSRYS5802845,D,S,T,2024-07-19,1000000.00,4.207764,101.328125
08:00:30,91282CKQ3,TSRYS5802845,D,S,T,2024-07-19,1000000.00,4.207764,101.328125
08:00:30,91282CKQ3,TSRYS5802845,D,S,T,2024-07-19,2000000.00,4.20825,101.32421875
08:00:30,91282CKQ3,TSRYS5802845,D,S,T,2024-07-19,1000000.00,4.209708,101.3125
08:00:30,91282CKQ3,TSRYS5802845,D,S,T,2024-07-19,1000000.00,4.209708,101.3125
08:00:30,91282CKQ3,TSRYS5802845,D,S,T,2024-07-19,3000000.00,4.209708,101.3125
08:00:30,91282CKQ3,TSRYS5802845,D,S,T,2024-07-19,7000000.00,4.213354,101.283203125
08:00:30,91282CKQ3,TSRYS5802845,D,S,T,2024-07-19,1000000.00,4.213597,101.28125
08:00:30,91282CKQ3,TSRYS5802845,D,S,T,2024-07-19,1000000.00,4.211652,101.296875
08:00:30,91282CKQ3,TSRYS5802845,D,S,T,2024-07-19,2000000.00,4.211895,101.294921875
08:00:30,91282CKQ3,TSRYS5802845,D,S,T,2024-07-19,1000000.00,4.211652,101.296875
08:00:30,91282CKQ3,TSRYS5802845,D,S,T,2024-07-19,2000000.00,4.211652,101.296875
08:00:30,91282CKQ3,TSRYS5802845,D,S,T,2024-07-19,1000000.00,4.211652,101.296875
08:00:30,91282CKQ3,TSRYS5802845,D,S,T,2024-07-19,1000000.00,4.211652,101.296875
08:00:30,91282CKQ3,TSRYS5802845,D,S,T,2024-07-19,1000000.00,4.211652,101.296875
08:00:30,91282CKQ3,TSRYS5802845,D,S,T,2024-07-19,1000000.00,4.211652,101.296875
08:00:30,91282CKQ3,TSRYS5802845,D,S,T,2024-07-19,1000000.00,4.211652,101.296875
08:00:30,91282CKQ3,TSRYS5802845,D,S,T,2024-07-19,1000000.00,4.211652,101.296875
08:00:30,91282CKQ3,TSRYS5802845,D,S,T,2024-07-19,1000000.00,4.211895,101.294921875
08:00:33,91282CKQ3,TSRYS5802845,D,S,T,2024-07-19,1000000.00,4.212625,101.2890625
08:00:33,91282CKQ3,TSRYS5802845,D,S,T,2024-07-19,1000000.00,4.212625,101.2890625
08:00:33,91282CKQ3,TSRYS5802845,D,S,T,2024-07-19,2000000.00,4.211895,101.294921875
08:00:33,91282CKQ3,TSRYS5802845,D,S,T,2024-07-19,1000000.00,4.213597,101.28125
08:00:33,91282CKQ3,TSRYS5802845,D,S,T,2024-07-19,1000000.00,4.213597,101.28125
08:00:33,91282CKQ3,TSRYS5802845,D,S,T,2024-07-19,1000000.00,4.213597,101.28125
08:00:33,91282CKQ3,TSRYS5802845,D,S,T,2024-07-19,1000000.00,4.213597,101.28125
08:00:33,91282CKQ3,TSRYS5802845,D,S,T,2024-07-19,1000000.00,4.215542,101.265625
08:00:33,91282CKQ3,TSRYS5802845,D,S,T,2024-07-19,1000000.00,4.215542,101.265625
08:00:33,91282CKQ3,TSRYS5802845,D,S,T,2024-07-19,1000000.00,4.215542,101.265625
08:00:33,91282CKQ3,TSRYS5802845,D,S,T,2024-07-19,1000000.00,4.215542,101.265625
08:00:33,91282CKQ3,TSRYS5802845,D,S,T,2024-07-19,1000000.00,4.217488,101.25
08:00:33,91282CKQ3,TSRYS5802845,D,S,T,2024-07-19,1000000.00,4.219434,101.234375
08:00:33,91282CKQ3,TSRYS5802845,D,S,T,2024-07-19,1000000.00,4.219434,101.234375
08:00:33,91282CKQ3,TSRYS5802845,D,S,T,2024-07-19,1000000.00,4.22065,101.224609375
08:00:33,91282CKQ3,TSRYS5802845,D,S,T,2024-07-19,2000000.00,4.217974,101.24609375
08:00:33,91282CKQ3,TSRYS5802845,D,S,T,2024-07-19,1000000.00,4.217488,101.25
08:00:33,91282CKQ3,TSRYS5802845,D,S,T,2024-07-19,1000000.00,4.217488,101.25
08:00:33,91282CKQ3,TSRYS5802845,D,S,T,2024-07-19,1000000.00,4.217488,101.25
08:00:33,91282CKQ3,TSRYS5802845,D,S,T,2024-07-19,1000000.00,4.218461,101.2421875
08:00:33,91282CKQ3,TSRYS5802845,D,S,T,2024-07-19,2000000.00,4.217731,101.248046875
08:00:33,91282CKQ3,TSRYS5802845,D,S,T,2024-07-19,2000000.00,4.217488,101.25
08:00:33,91282CKQ3,TSRYS5802845,D,S,T,2024-07-19,1000000.00,4.217488,101.25
08:00:33,91282CKQ3,TSRYS5802845,D,S,T,2024-07-19,1000000.00,4.217488,101.25
08:00:33,91282CKQ3,TSRYS5802845,D,S,T,2024-07-19,1000000.00,4.218461,101.2421875
08:00:33,91282CKQ3,TSRYS5802845,D,S,T,2024-07-19,2000000.00,4.217245,101.251953125
08:00:33,91282CKQ3,TSRYS5802845,D,S,T,2024-07-19,2000000.00,4.217002,101.25390625
08:00:33,91282CKQ3,TSRYS5802845,D,S,T,2024-07-19,1000000.00,4.217002,101.25390625
08:00:33,91282CKQ3,TSRYS5802845,D,S,T,2024-07-19,1000000.00,4.217002,101.25390625
08:00:33,91282CKQ3,TSRYS5802845,D,S,T,2024-07-19,1000000.00,4.215542,101.265625
08:00:33,91282CKQ3,TSRYS5802845,D,S,T,2024-07-19,1000000.00,4.21457,101.2734375
08:00:33,91282CKQ3,TSRYS5802845,D,S,T,2024-07-19,1000000.00,4.21457,101.2734375
08:00:33,91282CKQ3,TSRYS5802845,D,S,T,2024-07-19,1000000.00,4.21457,101.2734375
08:00:33,91282CKQ3,TSRYS5802845,D,S,T,2024-07-19,1000000.00,4.213597,101.28125
08:00:33,91282CKQ3,TSRYS5802845,D,S,T,2024-07-19,2000000.00,4.213597,101.28125
08:00:33,91282CKQ3,TSRYS5802845,D,S,T,2024-07-19,1000000.00,4.213597,101.28125
08:00:33,91282CKQ3,TSRYS5802845,D,S,T,2024-07-19,1000000.00,4.213597,101.28125
08:00:33,91282CKQ3,TSRYS5802845,D,S,T,2024-07-19,1000000.00,4.213597,101.28125
08:00:33,91282CKQ3,TSRYS5802845,D,S,T,2024-07-19,1000000.00,4.213597,101.28125
08:00:33,91282CKQ3,TSRYS5802845,D,S,T,2024-07-19,1000000.00,4.213597,101.28125
08:00:33,91282CKQ3,TSRYS5802845,D,S,T,2024-07-19,1000000.00,4.213597,101.28125
08:00:33,91282CKQ3,TSRYS5802845,D,S,T,2024-07-19,1000000.00,4.213597,101.28125
08:00:33,91282CKQ3,TSRYS5802845,D,S,T,2024-07-19,1000000.00,4.213597,101.28125
08:00:33,91282CKQ3,TSRYS5802845,D,S,T,2024-07-19,1000000.00,4.213597,101.28125
08:00:33,91282CKQ3,TSRYS5802845,D,S,T,2024-07-19,1000000.00,4.213597,101.28125
08:00:33,91282CKQ3,TSRYS5802845,D,S,T,2024-07-19,1000000.00,4.212625,101.2890625
08:00:33,91282CKQ3,TSRYS5802845,D,S,T,2024-07-19,1000000.00,4.211652,101.296875
08:00:33,91282CKQ3,TSRYS5802845,D,S,T,2024-07-19,2000000.00,4.209708,101.3125
08:00:33,91282CKQ3,TSRYS5802845,D,S,T,2024-07-19,1000000.00,4.209708,101.3125
08:00:33,91282CKQ3,TSRYS5802845,D,S,T,2024-07-19,1000000.00,4.208493,101.322265625
08:00:33,91282CKQ3,TSRYS5802845,D,S,T,2024-07-19,1000000.00,4.209708,101.3125
08:00:33,91282CKQ3,TSRYS5802845,D,S,T,2024-07-19,1000000.00,4.209708,101.3125
08:00:33,91282CKQ3,TSRYS5802845,D,S,T,2024-07-19,2000000.00,4.209951,101.310546875
08:00:33,91282CKQ3,TSRYS5802845,D,S,T,2024-07-19,1000000.00,4.209708,101.3125
08:00:33,91282CKQ3,TSRYS5802845,D,S,T,2024-07-19,1000000.00,4.209708,101.3125
08:00:33,91282CKQ3,TSRYS5802845,D,S,T,2024-07-19,1000000.00,4.208736,101.3203125
08:00:33,91282CKQ3,TSRYS5802845,D,S,T,2024-07-19,1000000.00,4.21068,101.3046875
08:00:33,91282CKQ3,TSRYS5802845,D,S,T,2024-07-19,1000000.00,4.209708,101.3125
08:00:33,91282CKQ3,TSRYS5802845,D,S,T,2024-07-19,2000000.00,4.208493,101.322265625
08:00:33,91282CKQ3,TSRYS5802845,D,S,T,2024-07-19,2000000.00,4.20825,101.32421875
08:00:33,91282CKQ3,TSRYS5802845,D,S,T,2024-07-19,1000000.00,4.207764,101.328125
08:00:33,91282CKQ3,TSRYS5802845,D,S,T,2024-07-19,1000000.00,4.207764,101.328125
08:00:33,91282CKQ3,TSRYS5802845,D,S,T,2024-07-19,1000000.00,4.209708,101.3125
08:00:33,91282CKQ3,TSRYS5802845,D,S,T,2024-07-19,1000000.00,4.210437,101.306640625
08:00:33,91282CKQ3,TSRYS5802845,D,S,T,2024-07-19,1000000.00,4.21068,101.3046875
08:00:33,91282CKQ3,TSRYS5802845,D,S,T,2024-07-19,1000000.00,4.209708,101.3125
08:00:33,91282CKQ3,TSRYS5802845,D,S,T,2024-07-19,1000000.00,4.209708,101.3125
08:00:33,91282CKQ3,TSRYS5802845,D,S,T,2024-07-19,1000000.00,4.209708,101.3125
08:00:33,91282CKQ3,TSRYS5802845,D,S,T,2024-07-19,2000000.00,4.209708,101.3125
08:00:33,91282CKQ3,TSRYS5802845,D,S,T,2024-07-19,1000000.00,4.209708,101.3125
08:00:33,91282CKQ3,TSRYS5802845,D,S,T,2024-07-19,2000000.00,4.210194,101.30859375
08:00:33,91282CKQ3,TSRYS5802845,D,S,T,2024-07-19,1000000.00,4.211652,101.296875
08:00:33,91282CKQ3,TSRYS5802845,D,S,T,2024-07-19,3000000.00,4.211652,101.296875
08:00:33,91282CKQ3,TSRYS5802845,D,S,T,2024-07-19,1000000.00,4.211652,101.296875
08:00:33,91282CKQ3,TSRYS5802845,D,S,T,2024-07-19,3000000.00,4.211652,101.296875
08:00:33,91282CKQ3,TSRYS5802845,D,S,T,2024-07-19,1000000.00,4.211652,101.296875
08:00:33,91282CKQ3,TSRYS5802845,D,S,T,2024-07-19,1000000.00,4.213597,101.28125
08:00:33,91282CKQ3,TSRYS5802845,D,S,T,2024-07-19,1000000.00,4.213597,101.28125
08:00:33,91282CKQ3,TSRYS5802845,D,S,T,2024-07-19,1000000.00,4.213597,101.28125
08:00:33,91282CKQ3,TSRYS5802845,D,S,T,2024-07-19,1000000.00,4.213597,101.28125
08:00:33,91282CKQ3,TSRYS5802845,D,S,T,2024-07-19,1000000.00,4.211652,101.296875
08:00:33,91282CKQ3,TSRYS5802845,D,S,T,2024-07-19,1000000.00,4.212625,101.2890625
08:00:33,91282CKQ3,TSRYS5802845,D,S,T,2024-07-19,2000000.00,4.211652,101.296875
08:00:33,91282CKQ3,TSRYS5802845,D,S,T,2024-07-19,1000000.00,4.211652,101.296875
08:00:33,91282CKQ3,TSRYS5802845,D,S,T,2024-07-19,2000000.00,4.207764,101.328125
08:00:33,91282CKQ3,TSRYS5802845,D,S,T,2024-07-19,1000000.00,4.207764,101.328125
08:00:33,91282CKQ3,TSRYS5802845,D,S,T,2024-07-19,1000000.00,4.208736,101.3203125
08:00:33,91282CKQ3,TSRYS5802845,D,S,T,2024-07-19,2000000.00,4.20825,101.32421875
08:00:33,91282CKQ3,TSRYS5802845,D,S,T,2024-07-19,1000000.00,4.20825,101.32421875
08:00:33,91282CKQ3,TSRYS5802845,D,S,T,2024-07-19,2000000.00,4.20825,101.32421875
08:00:33,91282CKQ3,TSRYS5802845,D,S,T,2024-07-19,1000000.00,4.208736,101.3203125
08:00:33,91282CKQ3,TSRYS5802845,D,S,T,2024-07-19,1000000.00,4.208736,101.3203125
08:00:33,91282CKQ3,TSRYS5802845,D,S,T,2024-07-19,1000000.00,4.206792,101.3359375
08:00:33,91282CKQ3,TSRYS5802845,D,S,T,2024-07-19,1000000.00,4.206792,101.3359375
08:00:33,91282CKQ3,TSRYS5802845,D,S,T,2024-07-19,1000000.00,4.20582,101.34375
08:00:33,91282CKQ3,TSRYS5802845,D,S,T,2024-07-19,1000000.00,4.20582,101.34375
08:00:33,91282CKQ3,TSRYS5802845,D,S,T,2024-07-19,3000000.00,4.20582,101.34375
08:00:33,91282CKQ3,TSRYS5802845,D,S,T,2024-07-19,1000000.00,4.206063,101.341796875
08:00:33,91282CKQ3,TSRYS5802845,D,S,T,2024-07-19,2000000.00,4.20582,101.34375
08:00:33,91282CKQ3,TSRYS5802845,D,S,T,2024-07-19,3000000.00,4.20582,101.34375
08:00:33,91282CKQ3,TSRYS5802845,D,S,T,2024-07-19,5000000.00,4.20582,101.34375
08:00:33,91282CKQ3,TSRYS5802845,D,S,T,2024-07-19,2000000.00,4.20582,101.34375
08:00:33,91282CKQ3,TSRYS5802845,D,S,T,2024-07-19,1000000.00,4.20582,101.34375
08:00:33,91282CKQ3,TSRYS5802845,D,S,T,2024-07-19,1000000.00,4.20582,101.34375
08:00:33,91282CKQ3,TSRYS5802845,D,S,T,2024-07-19,1000000.00,4.207764,101.328125
08:00:33,91282CKQ3,TSRYS5802845,D,S,T,2024-07-19,1000000.00,4.208736,101.3203125
08:00:33,91282CKQ3,TSRYS5802845,D,S,T,2024-07-19,1000000.00,4.208736,101.3203125
08:00:33,91282CKQ3,TSRYS5802845,D,S,T,2024-07-19,1000000.00,4.208736,101.3203125
08:00:33,91282CKQ3,TSRYS5802845,D,S,T,2024-07-19,2000000.00,4.208736,101.3203125
08:00:33,91282CKQ3,TSRYS5802845,D,S,T,2024-07-19,1000000.00,4.208736,101.3203125
08:00:33,91282CKQ3,TSRYS5802845,D,S,T,2024-07-19,1000000.00,4.208736,101.3203125
08:00:33,91282CKQ3,TSRYS5802845,D,S,T,2024-07-19,1000000.00,4.208736,101.3203125
08:00:33,91282CKQ3,TSRYS5802845,D,S,T,2024-07-19,1000000.00,4.209708,101.3125
08:00:33,91282CKQ3,TSRYS5802845,D,S,T,2024-07-19,1000000.00,4.209708,101.3125
08:00:33,91282CKQ3,TSRYS5802845,D,S,T,2024-07-19,1000000.00,4.209708,101.3125
08:00:33,91282CKQ3,TSRYS5802845,D,S,T,2024-07-19,1000000.00,4.209465,101.314453125
08:00:33,91282CKQ3,TSRYS5802845,D,S,T,2024-07-19,1000000.00,4.210194,101.30859375
08:00:33,91282CKQ3,TSRYS5802845,D,S,T,2024-07-19,2000000.00,4.209708,101.3125
08:00:33,91282CKQ3,TSRYS5802845,D,S,T,2024-07-19,1000000.00,4.209708,101.3125
08:00:33,91282CKQ3,TSRYS5802845,D,S,T,2024-07-19,1000000.00,4.209708,101.3125
08:00:33,91282CKQ3,TSRYS5802845,D,S,T,2024-07-19,1000000.00,4.209708,101.3125
08:00:33,91282CKQ3,TSRYS5802845,D,S,T,2024-07-19,3000000.00,4.209708,101.3125
08:00:33,91282CKQ3,TSRYS5802845,D,S,T,2024-07-19,1000000.00,4.207764,101.328125
08:00:33,91282CKQ3,TSRYS5802845,D,S,T,2024-07-19,1000000.00,4.207764,101.328125
08:00:33,91282CKQ3,TSRYS5802845,D,S,T,2024-07-19,1000000.00,4.206792,101.3359375
08:00:33,91282CKQ3,TSRYS5802845,D,S,T,2024-07-19,1000000.00,4.20582,101.34375
08:00:33,91282CKQ3,TSRYS5802845,D,S,T,2024-07-19,1000000.00,4.206063,101.341796875
08:00:33,91282CKQ3,TSRYS5802845,D,S,T,2024-07-19,1000000.00,4.206306,101.33984375
08:00:33,91282CKQ3,TSRYS5802845,D,S,T,2024-07-19,1000000.00,4.206792,101.3359375
08:00:33,91282CKQ3,TSRYS5802845,D,S,T,2024-07-19,1000000.00,4.207764,101.328125
08:00:33,91282CKQ3,TSRYS5802845,D,S,T,2024-07-19,1000000.00,4.207764,101.328125
08:00:33,91282CKQ3,TSRYS5802845,D,S,T,2024-07-19,1000000.00,4.207764,101.328125
08:00:33,91282CKQ3,TSRYS5802845,D,S,T,2024-07-19,2000000.00,4.207764,101.328125
08:00:33,91282CKQ3,TSRYS5802845,D,S,T,2024-07-19,1000000.00,4.207764,101.328125
08:00:33,91282CKQ3,TSRYS5802845,D,S,T,2024-07-19,1000000.00,4.207764,101.328125
08:00:33,91282CKQ3,TSRYS5802845,D,S,T,2024-07-19,1000000.00,4.207764,101.328125
08:00:33,91282CKQ3,TSRYS5802845,D,S,T,2024-07-19,1000000.00,4.207764,101.328125
08:00:33,91282CKQ3,TSRYS5802845,D,S,T,2024-07-19,1000000.00,4.207764,101.328125
08:00:33,91282CKQ3,TSRYS5802845,D,S,T,2024-07-19,1000000.00,4.207764,101.328125
08:00:33,91282CKQ3,TSRYS5802845,D,S,T,2024-07-19,1000000.00,4.207764,101.328125
08:00:33,91282CKQ3,TSRYS5802845,D,S,T,2024-07-19,1000000.00,4.207764,101.328125
08:00:33,91282CKQ3,TSRYS5802845,D,S,T,2024-07-19,1000000.00,4.20582,101.34375
08:00:33,91282CKQ3,TSRYS5802845,D,S,T,2024-07-19,1000000.00,4.206063,101.341796875
08:00:33,91282CKQ3,TSRYS5802845,D,S,T,2024-07-19,1000000.00,4.205334,101.34765625
08:00:33,91282CKQ3,TSRYS5802845,D,S,T,2024-07-19,1000000.00,4.204362,101.35546875
08:00:33,91282CKQ3,TSRYS5802845,D,S,T,2024-07-19,1000000.00,4.204605,101.353515625
08:00:33,91282CKQ3,TSRYS5802845,D,S,T,2024-07-19,1000000.00,4.204848,101.3515625
08:00:33,91282CKQ3,TSRYS5802845,D,S,T,2024-07-19,1000000.00,4.204362,101.35546875
08:00:33,91282CKQ3,TSRYS5802845,D,S,T,2024-07-19,2000000.00,4.204605,101.353515625
08:00:33,91282CKQ3,TSRYS5802845,D,S,T,2024-07-19,1000000.00,4.203876,101.359375
08:00:33,91282CKQ3,TSRYS5802845,D,S,T,2024-07-19,1000000.00,4.202905,101.3671875
08:00:33,91282CKQ3,TSRYS5802845,D,S,T,2024-07-19,1000000.00,4.202905,101.3671875
08:00:33,91282CKQ3,TSRYS5802845,D,S,T,2024-07-19,1000000.00,4.202905,101.3671875
08:00:33,91282CKQ3,TSRYS5802845,D,S,T,2024-07-19,1000000.00,4.202905,101.3671875
08:00:33,91282CKQ3,TSRYS5802845,D,S,T,2024-07-19,1000000.00,4.202905,101.3671875
08:00:33,91282CKQ3,TSRYS5802845,D,S,T,2024-07-19,1000000.00,4.202905,101.3671875
08:00:33,91282CKQ3,TSRYS5802845,D,S,T,2024-07-19,1000000.00,4.201933,101.375
08:00:33,91282CKQ3,TSRYS5802845,D,S,T,2024-07-19,1000000.00,4.201933,101.375
08:00:33,91282CKQ3,TSRYS5802845,D,S,T,2024-07-19,1000000.00,4.201933,101.375
08:00:33,91282CKQ3,TSRYS5802845,D,S,T,2024-07-19,1000000.00,4.197805,101.408203125
08:00:33,91282CKQ3,TSRYS5802845,D,S,T,2024-07-19,1000000.00,4.198048,101.40625
08:00:33,91282CKQ3,TSRYS5802845,D,S,T,2024-07-19,1000000.00,4.198048,101.40625
08:00:33,91282CKQ3,TSRYS5802845,D,S,T,2024-07-19,1000000.00,4.198048,101.40625
08:00:33,91282CKQ3,TSRYS5802845,D,S,T,2024-07-19,1000000.00,4.198048,101.40625
08:00:33,91282CKQ3,TSRYS5802845,D,S,T,2024-07-19,6000000.00,4.198048,101.40625
08:00:33,91282CKQ3,TSRYS5802845,D,S,T,2024-07-19,2000000.00,4.198048,101.40625
08:00:33,91282CKQ3,TSRYS5802845,D,S,T,2024-07-19,1000000.00,4.198048,101.40625
08:00:33,91282CKQ3,TSRYS5802845,D,S,T,2024-07-19,1000000.00,4.198048,101.40625
08:00:33,91282CKQ3,TSRYS5802845,D,S,T,2024-07-19,1000000.00,4.198048,101.40625
08:00:33,91282CKQ3,TSRYS5802845,D,S,T,2024-07-19,1000000.00,4.196106,101.421875
08:00:33,91282CKQ3,TSRYS5802845,D,S,T,2024-07-19,2000000.00,4.196834,101.416015625
08:00:33,91282CKQ3,TSRYS5802845,D,S,T,2024-07-19,2000000.00,4.196591,101.41796875
08:00:33,91282CKQ3,TSRYS5802845,D,S,T,2024-07-19,1000000.00,4.196349,101.419921875
08:00:33,91282CKQ3,TSRYS5802845,D,S,T,2024-07-19,1000000.00,4.196106,101.421875
08:00:33,91282CKQ3,TSRYS5802845,D,S,T,2024-07-19,1000000.00,4.190282,101.46875
08:00:33,91282CKQ3,TSRYS5802845,D,S,T,2024-07-19,2000000.00,4.190767,101.46484375
08:00:33,91282CKQ3,TSRYS5802845,D,S,T,2024-07-19,2000000.00,4.190767,101.46484375
08:00:33,91282CKQ3,TSRYS5802845,D,S,T,2024-07-19,1000000.00,4.19101,101.462890625
08:00:33,91282CKQ3,TSRYS5802845,D,S,T,2024-07-19,1000000.00,4.190282,101.46875
08:00:33,91282CKQ3,TSRYS5802845,D,S,T,2024-07-19,2000000.00,4.186644,101.498046875
08:00:33,91282CKQ3,TSRYS5802845,D,S,T,2024-07-19,1000000.00,4.187371,101.4921875
08:00:33,91282CKQ3,TSRYS5802845,D,S,T,2024-07-19,1000000.00,4.185674,101.505859375
08:00:33,91282CKQ3,TSRYS5802845,D,S,T,2024-07-19,1000000.00,4.185916,101.50390625
08:00:33,91282CKQ3,TSRYS5802845,D,S,T,2024-07-19,1000000.00,4.185674,101.505859375
08:00:33,91282CKQ3,TSRYS5802845,D,S,T,2024-07-19,1000000.00,4.185431,101.5078125
08:00:33,91282CKQ3,TSRYS5802845,D,S,T,2024-07-19,1000000.00,4.185674,101.505859375
08:00:33,91282CKQ3,TSRYS5802845,D,S,T,2024-07-19,1000000.00,4.185674,101.505859375
08:00:33,91282CKQ3,TSRYS5802845,D,S,T,2024-07-19,1000000.00,4.185431,101.5078125
08:00:33,91282CKQ3,TSRYS5802845,D,S,T,2024-07-19,2000000.00,4.185674,101.505859375
08:00:33,91282CKQ3,TSRYS5802845,D,S,T,2024-07-19,2000000.00,4.186401,101.5
08:00:33,91282CKQ3,TSRYS5802845,D,S,T,2024-07-19,1000000.00,4.186401,101.5
08:00:33,91282CKQ3,TSRYS5802845,D,S,T,2024-07-19,1000000.00,4.186401,101.5
08:00:33,91282CKQ3,TSRYS5802845,D,S,T,2024-07-19,1000000.00,4.186401,101.5
08:00:33,91282CKQ3,TSRYS5802845,D,S,T,2024-07-19,1000000.00,4.186401,101.5
08:00:33,91282CKQ3,TSRYS5802845,D,S,T,2024-07-19,1000000.00,4.186401,101.5
08:00:33,91282CKQ3,TSRYS5802845,D,S,T,2024-07-19,1000000.00,4.189797,101.47265625
08:00:33,91282CKQ3,TSRYS5802845,D,S,T,2024-07-19,2000000.00,4.188827,101.48046875
08:00:33,91282CKQ3,TSRYS5802845,D,S,T,2024-07-19,1000000.00,4.189312,101.4765625
08:00:33,91282CKQ3,TSRYS5802845,D,S,T,2024-07-19,2000000.00,4.189312,101.4765625
08:00:33,91282CKQ3,TSRYS5802845,D,S,T,2024-07-19,1000000.00,4.189069,101.478515625
08:00:33,91282CKQ3,TSRYS5802845,D,S,T,2024-07-19,1000000.00,4.188341,101.484375
08:00:33,91282CKQ3,TSRYS5802845,D,S,T,2024-07-19,1000000.00,4.186401,101.5
08:00:33,91282CKQ3,TSRYS5802845,D,S,T,2024-07-19,1000000.00,4.186401,101.5
08:00:33,91282CKQ3,TSRYS5802845,D,S,T,2024-07-19,1000000.00,4.186401,101.5
08:00:33,91282CKQ3,TSRYS5802845,D,S,T,2024-07-19,1000000.00,4.186401,101.5
08:00:33,91282CKQ3,TSRYS5802845,D,S,T,2024-07-19,1000000.00,4.185916,101.50390625
08:00:33,91282CKQ3,TSRYS5802845,D,S,T,2024-07-19,1000000.00,4.186401,101.5
08:00:33,91282CKQ3,TSRYS5802845,D,S,T,2024-07-19,1000000.00,4.186401,101.5
08:00:33,91282CKQ3,TSRYS5802845,D,S,T,2024-07-19,1000000.00,4.185916,101.50390625
08:00:33,91282CKQ3,TSRYS5802845,D,S,T,2024-07-19,1000000.00,4.186401,101.5
08:00:33,91282CKQ3,TSRYS5802845,D,S,T,2024-07-19,2000000.00,4.185916,101.50390625
08:00:33,91282CKQ3,TSRYS5802845,D,S,T,2024-07-19,1000000.00,4.186401,101.5
08:00:33,91282CKQ3,TSRYS5802845,D,S,T,2024-07-19,1000000.00,4.187371,101.4921875
08:00:33,91282CKQ3,TSRYS5802845,D,S,T,2024-07-19,2000000.00,4.187614,101.490234375
08:00:33,91282CKQ3,TSRYS5802845,D,S,T,2024-07-19,1000000.00,4.188341,101.484375
08:00:33,91282CKQ3,TSRYS5802845,D,S,T,2024-07-19,1000000.00,4.188341,101.484375
08:00:33,91282CKQ3,TSRYS5802845,D,S,T,2024-07-19,1000000.00,4.188341,101.484375
08:00:33,91282CKQ3,TSRYS5802845,D,S,T,2024-07-19,1000000.00,4.188341,101.484375
08:00:33,91282CKQ3,TSRYS5802845,D,S,T,2024-07-19,1000000.00,4.186401,101.5
08:00:33,91282CKQ3,TSRYS5802845,D,S,T,2024-07-19,2000000.00,4.187614,101.490234375
08:00:33,91282CKQ3,TSRYS5802845,D,S,T,2024-07-19,1000000.00,4.187614,101.490234375
08:00:33,91282CKQ3,TSRYS5802845,D,S,T,2024-07-19,1000000.00,4.187614,101.490234375
08:00:33,91282CKQ3,TSRYS5802845,D,S,T,2024-07-19,1000000.00,4.187614,101.490234375
08:00:33,91282CKQ3,TSRYS5802845,D,S,T,2024-07-19,1000000.00,4.187856,101.48828125
08:00:33,91282CKQ3,TSRYS5802845,D,S,T,2024-07-19,1000000.00,4.187614,101.490234375
08:00:33,91282CKQ3,TSRYS5802845,D,S,T,2024-07-19,1000000.00,4.188341,101.484375
08:00:33,91282CKQ3,TSRYS5802845,D,S,T,2024-07-19,1000000.00,4.188341,101.484375
08:00:33,91282CKQ3,TSRYS5802845,D,S,T,2024-07-19,1000000.00,4.185916,101.50390625
08:00:33,91282CKQ3,TSRYS5802845,D,S,T,2024-07-19,1000000.00,4.186401,101.5
08:00:33,91282CKQ3,TSRYS5802845,D,S,T,2024-07-19,1000000.00,4.187371,101.4921875
08:00:33,91282CKQ3,TSRYS5802845,D,S,T,2024-07-19,1000000.00,4.187371,101.4921875
08:00:33,91282CKQ3,TSRYS5802845,D,S,T,2024-07-19,1000000.00,4.187614,101.490234375
08:00:33,91282CKQ3,TSRYS5802845,D,S,T,2024-07-19,1000000.00,4.188341,101.484375
08:00:33,91282CKQ3,TSRYS5802845,D,S,T,2024-07-19,1000000.00,4.188341,101.484375
08:00:33,91282CKQ3,TSRYS5802845,D,S,T,2024-07-19,1000000.00,4.188341,101.484375
08:00:33,91282CKQ3,TSRYS5802845,D,S,T,2024-07-19,1000000.00,4.188341,101.484375
08:00:33,91282CKQ3,TSRYS5802845,D,S,T,2024-07-19,1000000.00,4.188341,101.484375
08:00:33,91282CKQ3,TSRYS5802845,D,S,T,2024-07-19,1000000.00,4.188341,101.484375
08:00:33,91282CKQ3,TSRYS5802845,D,S,T,2024-07-19,1000000.00,4.188341,101.484375
08:00:33,91282CKQ3,TSRYS5802845,D,S,T,2024-07-19,1000000.00,4.188341,101.484375
08:00:33,91282CKQ3,TSRYS5802845,D,S,T,2024-07-19,1000000.00,4.188341,101.484375
08:00:33,91282CKQ3,TSRYS5802845,D,S,T,2024-07-19,1000000.00,4.188341,101.484375
08:00:33,91282CKQ3,TSRYS5802845,D,S,T,2024-07-19,1000000.00,4.188341,101.484375
08:00:33,91282CKQ3,TSRYS5802845,D,S,T,2024-07-19,1000000.00,4.188341,101.484375
08:00:33,91282CKQ3,TSRYS5802845,D,S,T,2024-07-19,1000000.00,4.188341,101.484375
08:00:33,91282CKQ3,TSRYS5802845,D,S,T,2024-07-19,1000000.00,4.188341,101.484375
08:00:33,91282CKQ3,TSRYS5802845,D,S,T,2024-07-19,1000000.00,4.189312,101.4765625
08:00:33,91282CKQ3,TSRYS5802845,D,S,T,2024-07-19,1000000.00,4.189312,101.4765625
08:00:33,91282CKQ3,TSRYS5802845,D,S,T,2024-07-19,1000000.00,4.190282,101.46875
08:00:33,91282CKQ3,TSRYS5802845,D,S,T,2024-07-19,1000000.00,4.192223,101.453125
08:00:33,91282CKQ3,TSRYS5802845,D,S,T,2024-07-19,1000000.00,4.192223,101.453125
08:00:33,91282CKQ3,TSRYS5802845,D,S,T,2024-07-19,2000000.00,4.192223,101.453125
08:00:33,91282CKQ3,TSRYS5802845,D,S,T,2024-07-19,1000000.00,4.190282,101.46875
08:00:33,91282CKQ3,TSRYS5802845,D,S,T,2024-07-19,1000000.00,4.192223,101.453125
08:00:33,91282CKQ3,TSRYS5802845,D,S,T,2024-07-19,2000000.00,4.192223,101.453125
08:00:33,91282CKQ3,TSRYS5802845,D,S,T,2024-07-19,1000000.00,4.19465,101.43359375
08:00:33,91282CKQ3,TSRYS5802845,D,S,T,2024-07-19,1000000.00,4.194164,101.4375
08:00:33,91282CKQ3,TSRYS5802845,D,S,T,2024-07-19,1000000.00,4.19465,101.43359375
08:00:33,91282CKQ3,TSRYS5802845,D,S,T,2024-07-19,2000000.00,4.194164,101.4375
08:00:33,91282CKQ3,TSRYS5802845,D,S,T,2024-07-19,1000000.00,4.19465,101.43359375
08:00:33,91282CKQ3,TSRYS5802845,D,S,T,2024-07-19,1000000.00,4.194892,101.431640625
08:00:33,91282CKQ3,TSRYS5802845,D,S,T,2024-07-19,1000000.00,4.194892,101.431640625
08:00:33,91282CKQ3,TSRYS5802845,D,S,T,2024-07-19,2000000.00,4.194164,101.4375
08:00:33,91282CKQ3,TSRYS5802845,D,S,T,2024-07-19,2000000.00,4.194164,101.4375
08:00:33,91282CKQ3,TSRYS5802845,D,S,T,2024-07-19,1000000.00,4.196106,101.421875
08:00:33,91282CKQ3,TSRYS5802845,D,S,T,2024-07-19,1000000.00,4.196106,101.421875
08:00:33,91282CKQ3,TSRYS5802845,D,S,T,2024-07-19,1000000.00,4.196349,101.419921875
08:00:33,91282CKQ3,TSRYS5802845,D,S,T,2024-07-19,1000000.00,4.198776,101.400390625
08:00:33,91282CKQ3,TSRYS5802845,D,S,T,2024-07-19,1000000.00,4.199019,101.3984375
08:00:33,91282CKQ3,TSRYS5802845,D,S,T,2024-07-19,1000000.00,4.199019,101.3984375
08:00:33,91282CKQ3,TSRYS5802845,D,S,T,2024-07-19,2000000.00,4.199019,101.3984375
08:00:33,91282CKQ3,TSRYS5802845,D,S,T,2024-07-19,2000000.00,4.199019,101.3984375
08:00:33,91282CKQ3,TSRYS5802845,D,S,T,2024-07-19,1000000.00,4.199019,101.3984375
08:00:33,91282CKQ3,TSRYS5802845,D,S,T,2024-07-19,1000000.00,4.19999,101.390625
08:00:33,91282CKQ3,TSRYS5802845,D,S,T,2024-07-19,1000000.00,4.19999,101.390625
08:00:33,91282CKQ3,TSRYS5802845,D,S,T,2024-07-19,3000000.00,4.19999,101.390625
08:00:33,91282CKQ3,TSRYS5802845,D,S,T,2024-07-19,1000000.00,4.19999,101.390625
08:00:33,91282CKQ3,TSRYS5802845,D,S,T,2024-07-19,2000000.00,4.19999,101.390625
08:00:33,91282CKQ3,TSRYS5802845,D,S,T,2024-07-19,2000000.00,4.19999,101.390625
08:00:33,91282CKQ3,TSRYS5802845,D,S,T,2024-07-19,2000000.00,4.19999,101.390625
08:00:33,91282CKQ3,TSRYS5802845,D,S,T,2024-07-19,2000000.00,4.19999,101.390625
08:00:33,91282CKQ3,TSRYS5802845,D,S,T,2024-07-19,2000000.00,4.19999,101.390625
08:00:33,91282CKQ3,TSRYS5802845,D,S,T,2024-07-19,1000000.00,4.19999,101.390625
08:00:33,91282CKQ3,TSRYS5802845,D,S,T,2024-07-19,2000000.00,4.19999,101.390625
08:00:33,91282CKQ3,TSRYS5802845,D,S,T,2024-07-19,1000000.00,4.201933,101.375
08:00:33,91282CKQ3,TSRYS5802845,D,S,T,2024-07-19,1000000.00,4.201933,101.375
08:00:33,91282CKQ3,TSRYS5802845,D,S,T,2024-07-19,1000000.00,4.202176,101.373046875
08:00:33,91282CKQ3,TSRYS5802845,D,S,T,2024-07-19,1000000.00,4.202176,101.373046875
08:00:33,91282CKQ3,TSRYS5802845,D,S,T,2024-07-19,1000000.00,4.202176,101.373046875
08:00:33,91282CKQ3,TSRYS5802845,D,S,T,2024-07-19,1000000.00,4.201933,101.375
08:00:33,91282CKQ3,TSRYS5802845,D,S,T,2024-07-19,1000000.00,4.201933,101.375
08:00:33,91282CKQ3,TSRYS5802845,D,S,T,2024-07-19,2000000.00,4.201933,101.375
08:00:33,91282CKQ3,TSRYS5802845,D,S,T,2024-07-19,2000000.00,4.201933,101.375
08:00:33,91282CKQ3,TSRYS5802845,D,S,T,2024-07-19,1000000.00,4.201933,101.375
08:00:33,91282CKQ3,TSRYS5802845,D,S,T,2024-07-19,1000000.00,4.201933,101.375
08:00:33,91282CKQ3,TSRYS5802845,D,S,T,2024-07-19,2000000.00,4.19999,101.390625
08:00:33,91282CKQ3,TSRYS5802845,D,S,T,2024-07-19,2000000.00,4.19999,101.390625
08:00:33,91282CKQ3,TSRYS5802845,D,S,T,2024-07-19,2000000.00,4.200476,101.38671875
08:00:33,91282CKQ3,TSRYS5802845,D,S,T,2024-07-19,2000000.00,4.200233,101.388671875
08:00:33,91282CKQ3,TSRYS5802845,D,S,T,2024-07-19,2000000.00,4.200476,101.38671875
08:00:33,91282CKQ3,TSRYS5802845,D,S,T,2024-07-19,1000000.00,4.200233,101.388671875
08:00:33,91282CKQ3,TSRYS5802845,D,S,T,2024-07-19,1000000.00,4.20582,101.34375
08:00:33,91282CKQ3,TSRYS5802845,D,S,T,2024-07-19,7000000.00,4.20582,101.34375
08:00:33,91282CKQ3,TSRYS5802845,D,S,T,2024-07-19,2000000.00,4.20582,101.34375
08:00:33,91282CKQ3,TSRYS5802845,D,S,T,2024-07-19,1000000.00,4.206306,101.33984375
08:00:33,91282CKQ3,TSRYS5802845,D,S,T,2024-07-19,2000000.00,4.207764,101.328125
08:00:33,91282CKQ3,TSRYS5802845,D,S,T,2024-07-19,1000000.00,4.207764,101.328125
08:00:33,91282CKQ3,TSRYS5802845,D,S,T,2024-07-19,1000000.00,4.207764,101.328125
08:00:33,91282CKQ3,TSRYS5802845,D,S,T,2024-07-19,2000000.00,4.207764,101.328125
08:00:33,91282CKQ3,TSRYS5802845,D,S,T,2024-07-19,2000000.00,4.207764,101.328125
08:00:33,91282CKQ3,TSRYS5802845,D,S,T,2024-07-19,2000000.00,4.207764,101.328125
08:00:33,91282CKQ3,TSRYS5802845,D,S,T,2024-07-19,2000000.00,4.207764,101.328125
08:00:33,91282CKQ3,TSRYS5802845,D,S,T,2024-07-19,2000000.00,4.207764,101.328125
08:00:33,91282CKQ3,TSRYS5802845,D,S,T,2024-07-19,2000000.00,4.207764,101.328125
08:00:33,91282CKQ3,TSRYS5802845,D,S,T,2024-07-19,1000000.00,4.207764,101.328125
08:00:33,91282CKQ3,TSRYS5802845,D,S,T,2024-07-19,1000000.00,4.207764,101.328125
08:00:33,91282CKQ3,TSRYS5802845,D,S,T,2024-07-19,2000000.00,4.207764,101.328125
08:00:33,91282CKQ3,TSRYS5802845,D,S,T,2024-07-19,1000000.00,4.207764,101.328125
08:00:33,91282CKQ3,TSRYS5802845,D,S,T,2024-07-19,2000000.00,4.207764,101.328125
08:00:33,91282CKQ3,TSRYS5802845,D,S,T,2024-07-19,2000000.00,4.207764,101.328125
08:00:33,91282CKQ3,TSRYS5802845,D,S,T,2024-07-19,2000000.00,4.207764,101.328125
08:00:33,91282CKQ3,TSRYS5802845,D,S,T,2024-07-19,1000000.00,4.207278,101.33203125
08:00:33,91282CKQ3,TSRYS5802845,D,S,T,2024-07-19,2000000.00,4.20582,101.34375
08:00:33,91282CKQ3,TSRYS5802845,D,S,T,2024-07-19,2000000.00,4.203876,101.359375
08:00:33,91282CKQ3,TSRYS5802845,D,S,T,2024-07-19,1000000.00,4.20582,101.34375
08:00:33,91282CKQ3,TSRYS5802845,D,S,T,2024-07-19,1000000.00,4.20582,101.34375
08:00:33,91282CKQ3,TSRYS5802845,D,S,T,2024-07-19,1000000.00,4.20582,101.34375
08:00:33,91282CKQ3,TSRYS5802845,D,S,T,2024-07-19,1000000.00,4.20582,101.34375
08:00:33,91282CKQ3,TSRYS5802845,D,S,T,2024-07-19,1000000.00,4.20582,101.34375
08:00:33,91282CKQ3,TSRYS5802845,D,S,T,2024-07-19,1000000.00,4.20582,101.34375
08:00:33,91282CKQ3,TSRYS5802845,D,S,T,2024-07-19,2000000.00,4.203876,101.359375
08:00:33,91282CKQ3,TSRYS5802845,D,S,T,2024-07-19,2000000.00,4.201933,101.375
08:00:33,91282CKQ3,TSRYS5802845,D,S,T,2024-07-19,1000000.00,4.201933,101.375
08:00:33,91282CKQ3,TSRYS5802845,D,S,T,2024-07-19,1000000.00,4.201933,101.375
08:00:33,91282CKQ3,TSRYS5802845,D,S,T,2024-07-19,2000000.00,4.201933,101.375
08:00:33,91282CKQ3,TSRYS5802845,D,S,T,2024-07-19,1000000.00,4.202905,101.3671875
08:00:33,91282CKQ3,TSRYS5802845,D,S,T,2024-07-19,1000000.00,4.203876,101.359375
08:00:33,91282CKQ3,TSRYS5802845,D,S,T,2024-07-19,1000000.00,4.20582,101.34375
08:00:33,91282CKQ3,TSRYS5802845,D,S,T,2024-07-19,1000000.00,4.20582,101.34375
08:00:33,91282CKQ3,TSRYS5802845,D,S,T,2024-07-19,1000000.00,4.207764,101.328125
08:00:33,91282CKQ3,TSRYS5802845,D,S,T,2024-07-19,1000000.00,4.207764,101.328125
08:00:33,91282CKQ3,TSRYS5802845,D,S,T,2024-07-19,1000000.00,4.207764,101.328125
08:00:33,91282CKQ3,TSRYS5802845,D,S,T,2024-07-19,1000000.00,4.207764,101.328125
08:00:33,91282CKQ3,TSRYS5802845,D,S,T,2024-07-19,2000000.00,4.207764,101.328125
08:00:33,91282CKQ3,TSRYS5802845,D,S,T,2024-07-19,1000000.00,4.206792,101.3359375
08:00:33,91282CKQ3,TSRYS5802845,D,S,T,2024-07-19,1000000.00,4.207764,101.328125
08:00:33,91282CKQ3,TSRYS5802845,D,S,T,2024-07-19,1000000.00,4.207764,101.328125
08:00:33,91282CKQ3,TSRYS5802845,D,S,T,2024-07-19,3000000.00,4.207764,101.328125
08:00:33,91282CKQ3,TSRYS5802845,D,S,T,2024-07-19,1000000.00,4.209222,101.31640625
08:00:33,91282CKQ3,TSRYS5802845,D,S,T,2024-07-19,2000000.00,4.209222,101.31640625
08:00:33,91282CKQ3,TSRYS5802845,D,S,T,2024-07-19,4000000.00,4.209222,101.31640625
08:00:33,91282CKQ3,TSRYS5802845,D,S,T,2024-07-19,1000000.00,4.209708,101.3125
08:00:33,91282CKQ3,TSRYS5802845,D,S,T,2024-07-19,1000000.00,4.209708,101.3125
08:00:33,91282CKQ3,TSRYS5802845,D,S,T,2024-07-19,2000000.00,4.209708,101.3125
08:00:33,91282CKQ3,TSRYS5802845,D,S,T,2024-07-19,1000000.00,4.209708,101.3125
08:00:33,91282CKQ3,TSRYS5802845,D,S,T,2024-07-19,1000000.00,4.209708,101.3125
08:00:33,91282CKQ3,TSRYS5802845,D,S,T,2024-07-19,2000000.00,4.209708,101.3125
08:00:33,91282CKQ3,TSRYS5802845,D,S,T,2024-07-19,1000000.00,4.209708,101.3125
08:00:33,91282CKQ3,TSRYS5802845,D,S,T,2024-07-19,3000000.00,4.209708,101.3125
08:00:33,91282CKQ3,TSRYS5802845,D,S,T,2024-07-19,1000000.00,4.209708,101.3125
08:00:33,91282CKQ3,TSRYS5802845,D,S,T,2024-07-19,1000000.00,4.209708,101.3125
08:00:33,91282CKQ3,TSRYS5802845,D,S,T,2024-07-19,1000000.00,4.209708,101.3125
08:00:33,91282CKQ3,TSRYS5802845,D,S,T,2024-07-19,1000000.00,4.206063,101.341796875
08:00:33,91282CKQ3,TSRYS5802845,D,S,T,2024-07-19,1000000.00,4.204119,101.357421875
08:00:33,91282CKQ3,TSRYS5802845,D,S,T,2024-07-19,1000000.00,4.204605,101.353515625
08:00:33,91282CKQ3,TSRYS5802845,D,S,D,2024-07-19,2000000.00,4.202419,101.37109375
08:00:33,91282CKQ3,TSRYS5802845,D,S,T,2024-07-19,1000000.00,4.201933,101.375
08:00:33,91282CKQ3,TSRYS5802845,D,S,T,2024-07-19,2000000.00,4.201933,101.375
08:00:33,91282CKQ3,TSRYS5802845,D,S,D,2024-07-19,1000000.00,4.19999,101.390625
08:00:33,91282CKQ3,TSRYS5802845,D,S,T,2024-07-19,1000000.00,4.19999,101.390625
08:00:33,91282CKQ3,TSRYS5802845,D,S,T,2024-07-19,2000000.00,4.19999,101.390625
08:00:33,91282CKQ3,TSRYS5802845,D,S,T,2024-07-19,1000000.00,4.19999,101.390625
08:00:33,91282CKQ3,TSRYS5802845,D,S,T,2024-07-19,1000000.00,4.19999,101.390625
08:00:33,91282CKQ3,TSRYS5802845,D,S,T,2024-07-19,2000000.00,4.19999,101.390625
08:00:33,91282CKQ3,TSRYS5802845,D,S,T,2024-07-19,1000000.00,4.19999,101.390625
08:00:33,91282CKQ3,TSRYS5802845,D,S,T,2024-07-19,1000000.00,4.19999,101.390625
08:00:33,91282CKQ3,TSRYS5802845,D,S,T,2024-07-19,1000000.00,4.201933,101.375
08:00:33,91282CKQ3,TSRYS5802845,D,S,T,2024-07-19,2000000.00,4.203876,101.359375
08:00:33,91282CKQ3,TSRYS5802845,D,S,T,2024-07-19,2000000.00,4.203876,101.359375
08:00:33,91282CKQ3,TSRYS5802845,D,S,T,2024-07-19,2000000.00,4.203876,101.359375
08:00:33,91282CKQ3,TSRYS5802845,D,S,T,2024-07-19,1000000.00,4.200962,101.3828125
08:00:33,91282CKQ3,TSRYS5802845,D,S,T,2024-07-19,1000000.00,4.19999,101.390625
08:00:33,91282CKQ3,TSRYS5802845,D,S,T,2024-07-19,1000000.00,4.201933,101.375
08:00:33,91282CKQ3,TSRYS5802845,D,S,T,2024-07-19,1000000.00,4.201933,101.375
08:00:33,91282CKQ3,TSRYS5802845,D,S,T,2024-07-19,1000000.00,4.201933,101.375
08:00:33,91282CKQ3,TSRYS5802845,D,S,T,2024-07-19,1000000.00,4.201933,101.375
08:00:33,91282CKQ3,TSRYS5802845,D,S,T,2024-07-19,1000000.00,4.201933,101.375
08:00:33,91282CKQ3,TSRYS5802845,D,S,T,2024-07-19,1000000.00,4.201933,101.375
08:00:33,91282CKQ3,TSRYS5802845,D,S,T,2024-07-19,1000000.00,4.201933,101.375
08:00:33,91282CKQ3,TSRYS5802845,D,S,T,2024-07-19,1000000.00,4.201933,101.375
08:00:33,91282CKQ3,TSRYS5802845,D,S,T,2024-07-19,1000000.00,4.20169,101.376953125
08:00:33,91282CKQ3,TSRYS5802845,D,S,T,2024-07-19,6000000.00,4.198048,101.40625
08:00:33,91282CKQ3,TSRYS5802845,D,S,T,2024-07-19,1000000.00,4.198048,101.40625
08:00:33,91282CKQ3,TSRYS5802845,D,S,T,2024-07-19,1000000.00,4.198048,101.40625
08:00:33,91282CKQ3,TSRYS5802845,D,S,T,2024-07-19,1000000.00,4.199019,101.3984375
08:00:33,91282CKQ3,TSRYS5802845,D,S,T,2024-07-19,2000000.00,4.198048,101.40625
08:00:33,91282CKQ3,TSRYS5802845,D,S,T,2024-07-19,1000000.00,4.19999,101.390625
08:00:33,91282CKQ3,TSRYS5802845,D,S,T,2024-07-19,2000000.00,4.19999,101.390625
08:00:33,91282CKQ3,TSRYS5802845,D,S,T,2024-07-19,2000000.00,4.19999,101.390625
08:00:33,91282CKQ3,TSRYS5802845,D,S,T,2024-07-19,1000000.00,4.19999,101.390625
08:00:33,91282CKQ3,TSRYS5802845,D,S,T,2024-07-19,1000000.00,4.19999,101.390625
08:00:33,91282CKQ3,TSRYS5802845,D,S,D,2024-07-19,1000000.00,4.198048,101.40625
08:00:33,91282CKQ3,TSRYS5802845,D,S,T,2024-07-19,2000000.00,4.198048,101.40625
08:00:33,91282CKQ3,TSRYS5802845,D,S,T,2024-07-19,2000000.00,4.198048,101.40625
08:00:33,91282CKQ3,TSRYS5802845,D,S,T,2024-07-19,1000000.00,4.19732,101.412109375
08:00:33,91282CKQ3,TSRYS5802845,D,S,T,2024-07-19,2000000.00,4.198048,101.40625
08:00:33,91282CKQ3,TSRYS5802845,D,S,T,2024-07-19,1000000.00,4.198048,101.40625
08:00:33,91282CKQ3,TSRYS5802845,D,S,T,2024-07-19,2000000.00,4.198048,101.40625
08:00:33,91282CKQ3,TSRYS5802845,D,S,T,2024-07-19,1000000.00,4.198048,101.40625
08:00:33,91282CKQ3,TSRYS5802845,D,S,T,2024-07-19,2000000.00,4.198048,101.40625
08:00:33,91282CKQ3,TSRYS5802845,D,S,T,2024-07-19,1000000.00,4.198048,101.40625
08:00:33,91282CKQ3,TSRYS5802845,D,S,T,2024-07-19,1000000.00,4.198048,101.40625
08:00:33,91282CKQ3,TSRYS5802845,D,S,T,2024-07-19,1000000.00,4.198048,101.40625
08:00:33,91282CKQ3,TSRYS5802845,D,S,T,2024-07-19,1000000.00,4.198048,101.40625
08:00:33,91282CKQ3,TSRYS5802845,D,S,T,2024-07-19,2000000.00,4.198048,101.40625
08:00:33,91282CKQ3,TSRYS5802845,D,S,T,2024-07-19,2000000.00,4.198048,101.40625
08:00:33,91282CKQ3,TSRYS5802845,D,S,T,2024-07-19,2000000.00,4.198048,101.40625
08:00:33,91282CKQ3,TSRYS5802845,D,S,T,2024-07-19,2000000.00,4.198048,101.40625
08:00:33,91282CKQ3,TSRYS5802845,D,S,T,2024-07-19,2000000.00,4.198048,101.40625
08:00:33,91282CKQ3,TSRYS5802845,D,S,T,2024-07-19,2000000.00,4.198048,101.40625
08:00:33,91282CKQ3,TSRYS5802845,D,S,T,2024-07-19,2000000.00,4.198048,101.40625
08:00:33,91282CKQ3,TSRYS5802845,D,S,T,2024-07-19,2000000.00,4.198048,101.40625
08:00:33,91282CKQ3,TSRYS5802845,D,S,T,2024-07-19,1000000.00,4.196106,101.421875
08:00:33,91282CKQ3,TSRYS5802845,D,S,T,2024-07-19,1000000.00,4.196106,101.421875
08:00:33,91282CKQ3,TSRYS5802845,D,S,T,2024-07-19,1000000.00,4.196106,101.421875
08:00:33,91282CKQ3,TSRYS5802845,D,S,T,2024-07-19,1000000.00,4.196106,101.421875
08:00:33,91282CKQ3,TSRYS5802845,D,S,T,2024-07-19,1000000.00,4.196106,101.421875
08:00:33,91282CKQ3,TSRYS5802845,D,S,T,2024-07-19,2000000.00,4.196106,101.421875
08:00:33,91282CKQ3,TSRYS5802845,D,S,T,2024-07-19,1000000.00,4.198048,101.40625
08:00:33,91282CKQ3,TSRYS5802845,D,S,T,2024-07-19,1000000.00,4.198048,101.40625
08:00:33,91282CKQ3,TSRYS5802845,D,S,T,2024-07-19,2000000.00,4.198048,101.40625
08:00:33,91282CKQ3,TSRYS5802845,D,S,T,2024-07-19,1000000.00,4.198048,101.40625
08:00:33,91282CKQ3,TSRYS5802845,D,S,T,2024-07-19,2000000.00,4.198048,101.40625
08:00:33,91282CKQ3,TSRYS5802845,D,S,T,2024-07-19,2000000.00,4.198048,101.40625
08:00:33,91282CKQ3,TSRYS5802845,D,S,T,2024-07-19,2000000.00,4.196106,101.421875
08:00:33,91282CKQ3,TSRYS5802845,D,S,T,2024-07-19,2000000.00,4.196106,101.421875
08:00:33,91282CKQ3,TSRYS5802845,D,S,T,2024-07-19,2000000.00,4.191495,101.458984375
08:00:33,91282CKQ3,TSRYS5802845,D,S,T,2024-07-19,1000000.00,4.191738,101.45703125
08:00:33,91282CKQ3,TSRYS5802845,D,S,T,2024-07-19,1000000.00,4.190282,101.46875
08:00:33,91282CKQ3,TSRYS5802845,D,S,T,2024-07-19,1000000.00,4.190282,101.46875
08:00:33,91282CKQ3,TSRYS5802845,D,S,T,2024-07-19,1000000.00,4.191252,101.4609375
08:00:33,91282CKQ3,TSRYS5802845,D,S,T,2024-07-19,1000000.00,4.191738,101.45703125
08:00:33,91282CKQ3,TSRYS5802845,D,S,T,2024-07-19,1000000.00,4.192223,101.453125
08:00:33,91282CKQ3,TSRYS5802845,D,S,T,2024-07-19,1000000.00,4.191495,101.458984375
08:00:33,91282CKQ3,TSRYS5802845,D,S,T,2024-07-19,1000000.00,4.194164,101.4375
08:00:33,91282CKQ3,TSRYS5802845,D,S,T,2024-07-19,2000000.00,4.194164,101.4375
08:00:33,91282CKQ3,TSRYS5802845,D,S,T,2024-07-19,2000000.00,4.194164,101.4375
08:00:33,91282CKQ3,TSRYS5802845,D,S,T,2024-07-19,2000000.00,4.196106,101.421875
08:00:33,91282CKQ3,TSRYS5802845,D,S,T,2024-07-19,2000000.00,4.198048,101.40625
08:00:33,91282CKQ3,TSRYS5802845,D,S,T,2024-07-19,2000000.00,4.198048,101.40625
08:00:33,91282CKQ3,TSRYS5802845,D,S,T,2024-07-19,1000000.00,4.198048,101.40625
08:00:33,91282CKQ3,TSRYS5802845,D,S,T,2024-07-19,1000000.00,4.198048,101.40625
08:00:33,91282CKQ3,TSRYS5802845,D,S,T,2024-07-19,1000000.00,4.198048,101.40625
08:00:33,91282CKQ3,TSRYS5802845,D,S,T,2024-07-19,1000000.00,4.198048,101.40625
08:00:33,91282CKQ3,TSRYS5802845,D,S,T,2024-07-19,1000000.00,4.198048,101.40625
08:00:33,91282CKQ3,TSRYS5802845,D,S,T,2024-07-19,2000000.00,4.198048,101.40625
08:00:33,91282CKQ3,TSRYS5802845,D,S,T,2024-07-19,1000000.00,4.198048,101.40625
08:00:33,91282CKQ3,TSRYS5802845,D,S,T,2024-07-19,2000000.00,4.198048,101.40625
08:00:33,91282CKQ3,TSRYS5802845,D,S,T,2024-07-19,2000000.00,4.198048,101.40625
08:00:33,91282CKQ3,TSRYS5802845,D,S,T,2024-07-19,1000000.00,4.199019,101.3984375
08:00:33,91282CKQ3,TSRYS5802845,D,S,T,2024-07-19,1000000.00,4.199019,101.3984375
08:00:33,91282CKQ3,TSRYS5802845,D,S,T,2024-07-19,1000000.00,4.19999,101.390625
08:00:33,91282CKQ3,TSRYS5802845,D,S,T,2024-07-19,2000000.00,4.19999,101.390625
08:00:33,91282CKQ3,TSRYS5802845,D,S,T,2024-07-19,3000000.00,4.19999,101.390625
08:00:33,91282CKQ3,TSRYS5802845,D,S,T,2024-07-19,1000000.00,4.19999,101.390625
08:00:33,91282CKQ3,TSRYS5802845,D,S,T,2024-07-19,4000000.00,4.19999,101.390625
08:00:33,91282CKQ3,TSRYS5802845,D,S,T,2024-07-19,2000000.00,4.19999,101.390625
08:00:33,91282CKQ3,TSRYS5802845,D,S,T,2024-07-19,1000000.00,4.19999,101.390625
08:00:33,91282CKQ3,TSRYS5802845,D,S,T,2024-07-19,1000000.00,4.19999,101.390625
08:00:33,91282CKQ3,TSRYS5802845,D,S,T,2024-07-19,4000000.00,4.19999,101.390625
08:00:33,91282CKQ3,TSRYS5802845,D,S,T,2024-07-19,2000000.00,4.19999,101.390625
08:00:33,91282CKQ3,TSRYS5802845,D,S,T,2024-07-19,1000000.00,4.201933,101.375
08:00:33,91282CKQ3,TSRYS5802845,D,S,T,2024-07-19,2000000.00,4.203876,101.359375
08:00:33,91282CKQ3,TSRYS5802845,D,S,T,2024-07-19,1000000.00,4.203876,101.359375
08:00:33,91282CKQ3,TSRYS5802845,D,S,T,2024-07-19,1000000.00,4.203876,101.359375
08:00:33,91282CKQ3,TSRYS5802845,D,S,T,2024-07-19,1000000.00,4.203876,101.359375
08:00:33,91282CKQ3,TSRYS5802845,D,S,T,2024-07-19,1000000.00,4.203876,101.359375
08:00:33,91282CKQ3,TSRYS5802845,D,S,T,2024-07-19,1000000.00,4.203876,101.359375
08:00:33,91282CKQ3,TSRYS5802845,D,S,T,2024-07-19,2000000.00,4.203876,101.359375
08:00:33,91282CKQ3,TSRYS5802845,D,S,T,2024-07-19,2000000.00,4.20339,101.36328125
08:00:33,91282CKQ3,TSRYS5802845,D,S,T,2024-07-19,2000000.00,4.203633,101.361328125
08:00:33,91282CKQ3,TSRYS5802845,D,S,T,2024-07-19,2000000.00,4.20339,101.36328125
08:00:33,91282CKQ3,TSRYS5802845,D,S,T,2024-07-19,2000000.00,4.203876,101.359375
08:00:33,91282CKQ3,TSRYS5802845,D,S,T,2024-07-19,1000000.00,4.203876,101.359375
08:00:33,91282CKQ3,TSRYS5802845,D,S,T,2024-07-19,2000000.00,4.203876,101.359375
