tradeTime,cusip,issueSymbolIdentifier,priceType,reportingSideCode,contraPartyTypeCode,tradeDate,reportedTradeVolume,lastSaleYield,lastSalePrice
10:44:36,91282CJZ5,TSRYS5743662,D,S,C,2024-04-30,85000.00,4.649299,94.933594
10:44:37,91282CJZ5,TSRYS5743662,D,S,C,2024-04-30,1000000.00,4.660157,94.8515625
10:44:37,91282CJZ5,TSRYS5743662,D,B,C,2024-04-30,1000000.00,4.660157,94.8515625
10:44:37,91282CJZ5,TSRYS5743662,D,S,T,2024-04-30,1000000.00,4.660157,94.8515625
10:44:40,91282CJZ5,TSRYS5743662,D,B,C,2024-04-30,1000000.00,4.661191,94.84375
10:44:40,91282CJZ5,TSRYS5743662,D,S,D,2024-04-30,1000000.00,4.661191,94.84375
10:44:40,91282CJZ5,TSRYS5743662,D,S,D,2024-04-30,1000000.00,4.661191,94.84375
10:44:41,91282CJZ5,TSRYS5743662,D,S,T,2024-04-30,2000000.00,4.659122,94.859375
10:44:41,91282CJZ5,TSRYS5743662,D,S,C,2024-04-30,1000000.00,4.660157,94.8515625
10:44:41,91282CJZ5,TSRYS5743662,D,S,T,2024-04-30,1000000.00,4.660157,94.8515625
10:44:42,91282CJZ5,TSRYS5743662,D,S,D,2024-04-30,1000000.00,4.659898,94.853515625
10:44:42,91282CJZ5,TSRYS5743662,D,S,D,2024-04-30,3850000.00,4.658088,94.8671875
10:44:42,91282CJZ5,TSRYS5743662,D,S,D,2024-04-30,1000000.00,4.660157,94.8515625
10:44:42,91282CJZ5,TSRYS5743662,D,B,C,2024-04-30,1000000.00,4.659666,94.85526875
10:44:42,91282CJZ5,TSRYS5743662,D,S,C,2024-04-30,1000000.00,4.659639,94.85546875
10:44:43,91282CJZ5,TSRYS5743662,D,S,C,2024-04-30,1000000.00,4.657829,94.869140625
10:44:43,91282CJZ5,TSRYS5743662,D,S,T,2024-04-30,2000000.00,4.660933,94.845703125
10:44:43,91282CJZ5,TSRYS5743662,D,S,T,2024-04-30,1000000.00,4.660933,94.845703125
10:44:43,91282CJZ5,TSRYS5743662,D,S,D,2024-04-30,2000000.00,4.657571,94.87109375
10:44:43,91282CJZ5,TSRYS5743662,D,S,T,2024-04-30,1000000.00,4.660933,94.845703125
10:44:46,91282CJZ5,TSRYS5743662,D,S,D,2024-04-30,1000000.00,4.659381,94.857421875
10:44:46,91282CJZ5,TSRYS5743662,D,B,C,2024-04-30,1000000.00,4.659381,94.857421875
10:44:47,91282CJZ5,TSRYS5743662,D,S,T,2024-04-30,1000000.00,4.657571,94.87109375
10:44:48,91282CJZ5,TSRYS5743662,D,S,T,2024-04-30,1000000.00,4.657829,94.869140625
10:44:48,91282CJZ5,TSRYS5743662,D,S,T,2024-04-30,1000000.00,4.657571,94.87109375
10:44:49,91282CJZ5,TSRYS5743662,D,S,T,2024-04-30,1000000.00,4.659898,94.853515625
10:44:49,91282CJZ5,TSRYS5743662,D,S,T,2024-04-30,2000000.00,4.657571,94.87109375
10:44:49,91282CJZ5,TSRYS5743662,D,S,C,2024-04-30,2000000.00,4.659069,94.859775
10:44:49,91282CJZ5,TSRYS5743662,D,S,C,2024-04-30,1000000.00,4.659122,94.859375
10:44:49,91282CJZ5,TSRYS5743662,D,B,C,2024-04-30,2000000.00,4.659122,94.859375
10:44:49,91282CJZ5,TSRYS5743662,D,B,C,2024-04-30,1000000.00,4.659122,94.859375
10:44:49,91282CJZ5,TSRYS5743662,D,S,C,2024-04-30,1000000.00,4.659122,94.859375
10:44:49,91282CJZ5,TSRYS5743662,D,S,D,2024-04-30,1000000.00,4.659092,94.859602
10:44:49,91282CJZ5,TSRYS5743662,D,S,D,2024-04-30,1000000.00,4.659122,94.859375
10:44:49,91282CJZ5,TSRYS5743662,D,B,C,2024-04-30,1000000.00,4.659122,94.859375
10:44:49,91282CJZ5,TSRYS5743662,D,S,C,2024-04-30,1000000.00,4.659122,94.859375
10:44:49,91282CJZ5,TSRYS5743662,D,B,C,2024-04-30,1000000.00,4.659122,94.859375
10:44:49,91282CJZ5,TSRYS5743662,D,S,C,2024-04-30,4000000.00,4.659069,94.859775
10:44:49,91282CJZ5,TSRYS5743662,D,S,D,2024-04-30,1000000.00,4.659122,94.859375
10:44:49,91282CJZ5,TSRYS5743662,D,B,C,2024-04-30,1000000.00,4.659122,94.859375
10:44:49,91282CJZ5,TSRYS5743662,D,B,C,2024-04-30,1000000.00,4.659122,94.859375
10:44:49,91282CJZ5,TSRYS5743662,D,S,C,2024-04-30,4000000.00,4.659069,94.859775
10:44:49,91282CJZ5,TSRYS5743662,D,S,C,2024-04-30,1000000.00,4.659069,94.859775
10:44:49,91282CJZ5,TSRYS5743662,D,S,C,2024-04-30,4000000.00,4.659069,94.859775
10:44:49,91282CJZ5,TSRYS5743662,D,S,C,2024-04-30,4000000.00,4.659069,94.859775
10:44:49,91282CJZ5,TSRYS5743662,D,S,T,2024-04-30,1000000.00,4.657571,94.87109375
10:44:49,91282CJZ5,TSRYS5743662,D,S,T,2024-04-30,1000000.00,4.657571,94.87109375
10:44:50,91282CJZ5,TSRYS5743662,D,S,T,2024-04-30,1000000.00,4.657571,94.87109375
10:44:50,91282CJZ5,TSRYS5743662,D,S,T,2024-04-30,1000000.00,4.657571,94.87109375
10:44:51,91282CJZ5,TSRYS5743662,D,B,A,2024-04-30,100000.00,4.659122,94.859375
10:44:51,91282CJZ5,TSRYS5743662,D,S,D,2024-04-30,1000000.00,4.657571,94.87109375
10:44:52,91282CJZ5,TSRYS5743662,D,S,C,2024-04-30,1000000.00,4.657571,94.87109375
10:44:52,91282CJZ5,TSRYS5743662,D,S,D,2024-04-30,1000000.00,4.657571,94.87109375
10:44:52,91282CJZ5,TSRYS5743662,D,S,C,2024-04-30,1000000.00,4.657571,94.87109375
10:44:52,91282CJZ5,TSRYS5743662,D,S,D,2024-04-30,1000000.00,4.657571,94.87109375
10:44:52,91282CJZ5,TSRYS5743662,D,S,C,2024-04-30,1000000.00,4.657571,94.87109375
10:44:54,91282CJZ5,TSRYS5743662,D,S,D,2024-04-30,1000000.00,4.657571,94.87109375
10:44:54,91282CJZ5,TSRYS5743662,D,S,T,2024-04-30,1000000.00,4.657571,94.87109375
10:44:57,91282CJZ5,TSRYS5743662,D,S,T,2024-04-30,1000000.00,4.657312,94.873046875
10:44:57,91282CJZ5,TSRYS5743662,D,S,D,2024-04-30,1000000.00,4.657295,94.873171875
10:45:00,91282CJZ5,TSRYS5743662,D,S,D,2024-04-30,3425000.00,4.659122,94.859375
10:45:00,91282CJZ5,TSRYS5743662,D,B,C,2024-04-30,3425000.00,4.659122,94.859375
10:45:01,91282CJZ5,TSRYS5743662,D,S,C,2024-04-30,10000000.00,4.659069,94.859775
10:45:01,91282CJZ5,TSRYS5743662,D,B,C,2024-04-30,10000000.00,4.659122,94.859375
10:45:01,91282CJZ5,TSRYS5743662,D,B,C,2024-04-30,1000000.00,4.659122,94.859375
10:45:01,91282CJZ5,TSRYS5743662,D,S,C,2024-04-30,1000000.00,4.659069,94.859775
10:45:01,91282CJZ5,TSRYS5743662,D,B,C,2024-04-30,5000000.00,4.659122,94.859375
10:45:01,91282CJZ5,TSRYS5743662,D,B,C,2024-04-30,1000000.00,4.659149,94.859175
10:45:01,91282CJZ5,TSRYS5743662,D,S,D,2024-04-30,1000000.00,4.659122,94.859375
10:45:01,91282CJZ5,TSRYS5743662,D,S,C,2024-04-30,5000000.00,4.659069,94.859775
10:45:01,91282CJZ5,TSRYS5743662,D,S,C,2024-04-30,1000000.00,4.659069,94.859775
10:45:01,91282CJZ5,TSRYS5743662,D,B,C,2024-04-30,1000000.00,4.659122,94.859375
10:45:01,91282CJZ5,TSRYS5743662,D,B,C,2024-04-30,3000000.00,4.659135,94.859275
10:45:01,91282CJZ5,TSRYS5743662,D,B,C,2024-04-30,1000000.00,4.659122,94.859375
10:45:01,91282CJZ5,TSRYS5743662,D,S,D,2024-04-30,3000000.00,4.659122,94.859375
10:45:01,91282CJZ5,TSRYS5743662,D,S,D,2024-04-30,1000000.00,4.659122,94.859375
10:45:01,91282CJZ5,TSRYS5743662,D,B,C,2024-04-30,2000000.00,4.659122,94.859375
10:45:01,91282CJZ5,TSRYS5743662,D,S,D,2024-04-30,2000000.00,4.659122,94.859375
10:45:01,91282CJZ5,TSRYS5743662,D,B,C,2024-04-30,1000000.00,4.659122,94.859375
10:45:01,91282CJZ5,TSRYS5743662,D,S,D,2024-04-30,1000000.00,4.659122,94.859375
10:45:01,91282CJZ5,TSRYS5743662,D,B,C,2024-04-30,1000000.00,4.659122,94.859375
10:45:01,91282CJZ5,TSRYS5743662,D,B,C,2024-04-30,1000000.00,4.659122,94.859375
10:45:01,91282CJZ5,TSRYS5743662,D,S,C,2024-04-30,1000000.00,4.661191,94.84375
10:45:03,91282CJZ5,TSRYS5743662,D,B,C,2024-04-30,7000000.00,4.658088,94.8671875
10:45:04,91282CJZ5,TSRYS5743662,D,S,C,2024-04-30,2000000.00,4.657571,94.87109375
10:45:04,91282CJZ5,TSRYS5743662,D,S,C,2024-04-30,2000000.00,4.657571,94.87109375
10:45:04,91282CJZ5,TSRYS5743662,D,S,D,2024-04-30,1000000.00,4.657571,94.87109375
10:45:05,91282CJZ5,TSRYS5743662,D,S,T,2024-04-30,1000000.00,4.657571,94.87109375
10:45:05,91282CJZ5,TSRYS5743662,D,S,C,2024-04-30,1000000.00,4.657571,94.87109375
10:45:05,91282CJZ5,TSRYS5743662,D,S,C,2024-04-30,1000000.00,4.657571,94.87109375
10:45:05,91282CJZ5,TSRYS5743662,D,S,T,2024-04-30,1000000.00,4.657571,94.87109375
10:45:05,91282CJZ5,TSRYS5743662,D,S,C,2024-04-30,725000.00,4.658035,94.8675875
10:45:06,91282CJZ5,TSRYS5743662,D,S,D,2024-04-30,7000000.00,4.658088,94.8671875
10:45:08,91282CJZ5,TSRYS5743662,D,B,A,2024-04-30,800000.00,4.659122,94.859375
10:45:08,91282CJZ5,TSRYS5743662,D,S,D,2024-04-30,53000000.00,4.665331,94.8125
10:45:09,91282CJZ5,TSRYS5743662,D,S,D,2024-04-30,1000000.00,4.657571,94.87109375
10:45:11,91282CJZ5,TSRYS5743662,D,S,C,2024-04-30,1280000.00,4.658605,94.86328125
10:45:12,91282CJZ5,TSRYS5743662,D,S,T,2024-04-30,1000000.00,4.657571,94.87109375
10:45:16,91282CJZ5,TSRYS5743662,D,S,C,2024-04-30,615000.00,4.659271,94.859375
10:45:16,91282CJZ5,TSRYS5743662,D,B,C,2024-04-30,1000000.00,4.661191,94.84375
10:45:16,91282CJZ5,TSRYS5743662,D,S,D,2024-04-30,1000000.00,4.661191,94.84375
10:45:16,91282CJZ5,TSRYS5743662,D,B,C,2024-04-30,1000000.00,4.661191,94.84375
10:45:16,91282CJZ5,TSRYS5743662,D,S,C,2024-04-30,1000000.00,4.661191,94.84375
10:45:16,91282CJZ5,TSRYS5743662,D,B,C,2024-04-30,1000000.00,4.661191,94.84375
10:45:16,91282CJZ5,TSRYS5743662,D,S,C,2024-04-30,1000000.00,4.661152,94.84405
10:45:16,91282CJZ5,TSRYS5743662,D,S,C,2024-04-30,1000000.00,4.661191,94.84375
10:45:16,91282CJZ5,TSRYS5743662,D,S,C,2024-04-30,1000000.00,4.661191,94.84375
10:45:16,91282CJZ5,TSRYS5743662,D,S,D,2024-04-30,1000000.00,4.661191,94.84375
10:45:16,91282CJZ5,TSRYS5743662,D,S,D,2024-04-30,615000.00,4.659271,94.859375
10:45:16,91282CJZ5,TSRYS5743662,D,S,C,2024-04-30,2000000.00,4.659122,94.859375
10:45:16,91282CJZ5,TSRYS5743662,D,S,C,2024-04-30,2000000.00,4.659122,94.859375
10:45:16,91282CJZ5,TSRYS5743662,D,B,C,2024-04-30,2000000.00,4.659162,94.859075
10:45:17,91282CJZ5,TSRYS5743662,D,S,D,2024-04-30,1000000.00,4.657571,94.87109375
10:45:18,91282CJZ5,TSRYS5743662,D,S,D,2024-04-30,53000000.00,4.659122,94.859375
10:45:21,91282CJZ5,TSRYS5743662,D,S,C,2024-04-30,8200000.00,4.658236,94.8671875
10:45:25,91282CJZ5,TSRYS5743662,D,S,C,2024-04-30,1000000.00,4.657312,94.873046875
10:45:25,91282CJZ5,TSRYS5743662,D,B,C,2024-04-30,1000000.00,4.657312,94.873046875
10:45:29,91282CJZ5,TSRYS5743662,D,S,D,2024-04-30,56000000.00,4.661191,94.84375
10:45:32,91282CJZ5,TSRYS5743662,D,S,D,2024-04-30,1000000.00,4.658088,94.8671875
10:45:32,91282CJZ5,TSRYS5743662,D,B,C,2024-04-30,1000000.00,4.658088,94.8671875
10:45:36,91282CJZ5,TSRYS5743662,D,S,C,2024-04-30,15000000.00,4.661191,94.84375
10:45:49,91282CJZ5,TSRYS5743662,D,S,C,2024-04-30,53000000.00,4.613702,95.203125
10:45:52,91282CJZ5,TSRYS5743662,D,S,D,2024-04-30,155000.00,4.658088,94.8671875
10:45:57,91282CJZ5,TSRYS5743662,D,S,D,2024-04-30,53000000.00,4.659122,94.859375
10:45:57,91282CJZ5,TSRYS5743662,D,B,A,2024-04-30,53000000.00,4.659122,94.859375
10:45:57,91282CJZ5,TSRYS5743662,D,S,C,2024-04-30,4700000.00,4.658088,94.8671875
10:46:04,91282CJZ5,TSRYS5743662,D,S,T,2024-04-30,1000000.00,4.657053,94.875
10:46:04,91282CJZ5,TSRYS5743662,D,S,T,2024-04-30,1000000.00,4.657053,94.875
10:46:04,91282CJZ5,TSRYS5743662,D,S,T,2024-04-30,2000000.00,4.657312,94.873046875
10:46:04,91282CJZ5,TSRYS5743662,D,S,T,2024-04-30,2000000.00,4.657053,94.875
10:46:04,91282CJZ5,TSRYS5743662,D,S,D,2024-04-30,2000000.00,4.657312,94.873046875
10:46:04,91282CJZ5,TSRYS5743662,D,B,C,2024-04-30,1000000.00,4.657312,94.873046875
10:46:04,91282CJZ5,TSRYS5743662,D,S,D,2024-04-30,1000000.00,4.657299,94.873146875
10:46:08,91282CJZ5,TSRYS5743662,D,S,T,2024-04-30,2000000.00,4.657053,94.875
10:46:09,91282CJZ5,TSRYS5743662,D,S,D,2024-04-30,2000000.00,4.657053,94.875
10:46:09,91282CJZ5,TSRYS5743662,D,S,D,2024-04-30,1000000.00,4.657053,94.875
10:46:09,91282CJZ5,TSRYS5743662,D,S,D,2024-04-30,2000000.00,4.657053,94.875
10:46:09,91282CJZ5,TSRYS5743662,D,S,D,2024-04-30,1000000.00,4.657053,94.875
10:46:09,91282CJZ5,TSRYS5743662,D,S,T,2024-04-30,1000000.00,4.657053,94.875
10:46:09,91282CJZ5,TSRYS5743662,D,S,T,2024-04-30,2000000.00,4.657053,94.875
10:46:09,91282CJZ5,TSRYS5743662,D,S,T,2024-04-30,4000000.00,4.657053,94.875
10:46:09,91282CJZ5,TSRYS5743662,D,S,C,2024-04-30,53000000.00,4.657053,94.875
10:46:09,91282CJZ5,TSRYS5743662,D,S,T,2024-04-30,1000000.00,4.657053,94.875
10:46:10,91282CJZ5,TSRYS5743662,D,S,D,2024-04-30,53000000.00,4.659122,94.859375
10:46:10,91282CJZ5,TSRYS5743662,D,S,C,2024-04-30,490000.00,4.658088,94.8671875
10:46:10,91282CJZ5,TSRYS5743662,D,S,D,2024-04-30,1000000.00,4.659122,94.859375
10:46:10,91282CJZ5,TSRYS5743662,D,S,T,2024-04-30,1000000.00,4.657053,94.875
10:46:10,91282CJZ5,TSRYS5743662,D,B,A,2024-04-30,200000.00,4.657571,94.87109375
10:46:11,91282CJZ5,TSRYS5743662,D,B,A,2024-04-30,100000.00,4.657571,94.87109375
10:46:11,91282CJZ5,TSRYS5743662,D,S,T,2024-04-30,1000000.00,4.657053,94.875
10:46:12,91282CJZ5,TSRYS5743662,D,S,C,2024-04-30,1000000.00,4.657571,94.87109375
10:46:12,91282CJZ5,TSRYS5743662,D,S,T,2024-04-30,1000000.00,4.657053,94.875
10:46:12,91282CJZ5,TSRYS5743662,D,S,T,2024-04-30,1000000.00,4.657053,94.875
10:46:12,91282CJZ5,TSRYS5743662,D,S,D,2024-04-30,1000000.00,4.657571,94.87109375
10:46:12,91282CJZ5,TSRYS5743662,D,B,C,2024-04-30,1650000.00,4.659271,94.859375
10:46:12,91282CJZ5,TSRYS5743662,D,S,T,2024-04-30,1000000.00,4.657053,94.875
10:46:12,91282CJZ5,TSRYS5743662,D,S,T,2024-04-30,1000000.00,4.657053,94.875
10:46:12,91282CJZ5,TSRYS5743662,D,S,T,2024-04-30,1000000.00,4.657053,94.875
10:46:13,91282CJZ5,TSRYS5743662,D,S,T,2024-04-30,1000000.00,4.657053,94.875
10:46:13,91282CJZ5,TSRYS5743662,D,S,D,2024-04-30,1000000.00,4.657571,94.87109375
10:46:13,91282CJZ5,TSRYS5743662,D,S,T,2024-04-30,2000000.00,4.657053,94.875
10:46:13,91282CJZ5,TSRYS5743662,D,S,T,2024-04-30,1000000.00,4.657053,94.875
10:46:13,91282CJZ5,TSRYS5743662,D,S,T,2024-04-30,1000000.00,4.657053,94.875
10:46:14,91282CJZ5,TSRYS5743662,D,S,C,2024-04-30,1000000.00,4.657053,94.875
10:46:14,91282CJZ5,TSRYS5743662,D,S,C,2024-04-30,2000000.00,4.657053,94.875
10:46:14,91282CJZ5,TSRYS5743662,D,S,C,2024-04-30,1000000.00,4.657053,94.875
10:46:14,91282CJZ5,TSRYS5743662,D,S,C,2024-04-30,1000000.00,4.657053,94.875
10:46:14,91282CJZ5,TSRYS5743662,D,S,C,2024-04-30,1000000.00,4.657053,94.875
10:46:14,91282CJZ5,TSRYS5743662,D,S,D,2024-04-30,1000000.00,4.657053,94.875
10:46:14,91282CJZ5,TSRYS5743662,D,S,D,2024-04-30,1000000.00,4.657053,94.875
10:46:14,91282CJZ5,TSRYS5743662,D,S,D,2024-04-30,1000000.00,4.657053,94.875
10:46:14,91282CJZ5,TSRYS5743662,D,S,C,2024-04-30,3000000.00,4.657053,94.875
10:46:14,91282CJZ5,TSRYS5743662,D,S,D,2024-04-30,3000000.00,4.657053,94.875
10:46:14,91282CJZ5,TSRYS5743662,D,S,C,2024-04-30,1000000.00,4.657053,94.875
10:46:14,91282CJZ5,TSRYS5743662,D,S,D,2024-04-30,2000000.00,4.657053,94.875
10:46:14,91282CJZ5,TSRYS5743662,D,S,D,2024-04-30,1000000.00,4.657053,94.875
10:46:14,91282CJZ5,TSRYS5743662,D,S,C,2024-04-30,1000000.00,4.657053,94.875
10:46:14,91282CJZ5,TSRYS5743662,D,S,C,2024-04-30,1000000.00,4.657053,94.875
10:46:15,91282CJZ5,TSRYS5743662,D,S,T,2024-04-30,1000000.00,4.657053,94.875
10:46:15,91282CJZ5,TSRYS5743662,D,S,T,2024-04-30,1000000.00,4.657053,94.875
10:46:15,91282CJZ5,TSRYS5743662,D,S,T,2024-04-30,3000000.00,4.657053,94.875
10:46:15,91282CJZ5,TSRYS5743662,D,S,T,2024-04-30,2000000.00,4.657053,94.875
10:46:15,91282CJZ5,TSRYS5743662,D,S,T,2024-04-30,1000000.00,4.657053,94.875
10:46:16,91282CJZ5,TSRYS5743662,D,S,T,2024-04-30,1000000.00,4.657053,94.875
10:46:16,91282CJZ5,TSRYS5743662,D,S,T,2024-04-30,3000000.00,4.657053,94.875
10:46:16,91282CJZ5,TSRYS5743662,D,S,T,2024-04-30,1000000.00,4.657053,94.875
10:46:19,91282CJZ5,TSRYS5743662,D,S,D,2024-04-30,53000000.00,4.657053,94.875
10:46:19,91282CJZ5,TSRYS5743662,D,S,D,2024-04-30,1000000.00,4.658088,94.8671875
10:46:33,91282CJZ5,TSRYS5743662,D,S,D,2024-04-30,1000000.00,4.657053,94.875
10:46:33,91282CJZ5,TSRYS5743662,D,B,C,2024-04-30,1000000.00,4.657093,94.8747
10:46:33,91282CJZ5,TSRYS5743662,D,S,D,2024-04-30,1000000.00,4.657053,94.875
10:46:33,91282CJZ5,TSRYS5743662,D,S,D,2024-04-30,1000000.00,4.657053,94.875
10:46:33,91282CJZ5,TSRYS5743662,D,S,D,2024-04-30,3000000.00,4.657053,94.875
10:46:33,91282CJZ5,TSRYS5743662,D,B,C,2024-04-30,3000000.00,4.657093,94.8747
10:46:33,91282CJZ5,TSRYS5743662,D,B,C,2024-04-30,1000000.00,4.657093,94.8747
10:46:33,91282CJZ5,TSRYS5743662,D,B,C,2024-04-30,1000000.00,4.657093,94.8747
10:46:33,91282CJZ5,TSRYS5743662,D,S,D,2024-04-30,1000000.00,4.657053,94.875
10:46:33,91282CJZ5,TSRYS5743662,D,S,C,2024-04-30,1000000.00,4.657053,94.875
10:46:33,91282CJZ5,TSRYS5743662,D,S,C,2024-04-30,2000000.00,4.657053,94.875
10:46:33,91282CJZ5,TSRYS5743662,D,S,C,2024-04-30,4000000.00,4.657053,94.875
10:46:39,91282CJZ5,TSRYS5743662,D,S,D,2024-04-30,1000000.00,4.658605,94.86328125
10:46:39,91282CJZ5,TSRYS5743662,D,S,D,2024-04-30,1000000.00,4.658605,94.86328125
10:46:40,91282CJZ5,TSRYS5743662,D,S,D,2024-04-30,4000.00,4.655068,94.89
10:46:48,91282CJZ5,TSRYS5743662,D,S,D,2024-04-30,4000.00,4.655068,94.89
10:46:48,91282CJZ5,TSRYS5743662,D,S,C,2024-04-30,4000.00,4.655068,94.89
10:46:48,91282CJZ5,TSRYS5743662,D,S,C,2024-04-30,1000000.00,4.657053,94.875
10:46:48,91282CJZ5,TSRYS5743662,D,S,C,2024-04-30,1000000.00,4.657053,94.875
10:46:48,91282CJZ5,TSRYS5743662,D,S,C,2024-04-30,1000000.00,4.657053,94.875
10:46:48,91282CJZ5,TSRYS5743662,D,S,C,2024-04-30,1000000.00,4.65704,94.8751
10:46:49,91282CJZ5,TSRYS5743662,D,S,D,2024-04-30,3988000.00,4.658088,94.8671875
10:46:49,91282CJZ5,TSRYS5743662,D,S,C,2024-04-30,3988000.00,4.658088,94.8671875
10:46:49,91282CJZ5,TSRYS5743662,D,S,D,2024-04-30,1000000.00,4.658605,94.86328125
10:46:49,91282CJZ5,TSRYS5743662,D,S,D,2024-04-30,1000000.00,4.658605,94.86328125
10:46:50,91282CJZ5,TSRYS5743662,D,S,D,2024-04-30,1000000.00,4.658605,94.86328125
10:46:59,91282CJZ5,TSRYS5743662,D,B,C,2024-04-30,1000000.00,4.657571,94.87109375
10:46:59,91282CJZ5,TSRYS5743662,D,S,C,2024-04-30,1000000.00,4.657571,94.87109375
10:46:59,91282CJZ5,TSRYS5743662,D,S,T,2024-04-30,2000000.00,4.657312,94.873046875
10:46:59,91282CJZ5,TSRYS5743662,D,S,T,2024-04-30,1000000.00,4.657312,94.873046875
10:46:59,91282CJZ5,TSRYS5743662,D,S,T,2024-04-30,1000000.00,4.657312,94.873046875
10:46:59,91282CJZ5,TSRYS5743662,D,S,T,2024-04-30,2000000.00,4.657053,94.875
10:46:59,91282CJZ5,TSRYS5743662,D,S,D,2024-04-30,1000000.00,4.657571,94.87109375
10:46:59,91282CJZ5,TSRYS5743662,D,S,C,2024-04-30,1000000.00,4.657551,94.87124375
10:46:59,91282CJZ5,TSRYS5743662,D,S,D,2024-04-30,1000000.00,4.657571,94.87109375
10:46:59,91282CJZ5,TSRYS5743662,D,S,C,2024-04-30,2000000.00,4.657292,94.873196875
10:46:59,91282CJZ5,TSRYS5743662,D,S,D,2024-04-30,1000000.00,4.658088,94.8671875
10:47:00,91282CJZ5,TSRYS5743662,D,B,C,2024-04-30,1000000.00,4.657312,94.873046875
10:47:00,91282CJZ5,TSRYS5743662,D,S,C,2024-04-30,1000000.00,4.657292,94.873196875
10:47:00,91282CJZ5,TSRYS5743662,D,S,C,2024-04-30,1000000.00,4.657292,94.873196875
10:47:01,91282CJZ5,TSRYS5743662,D,S,C,2024-04-30,1000000.00,4.657292,94.873196875
10:47:02,91282CJZ5,TSRYS5743662,D,S,T,2024-04-30,1000000.00,4.657571,94.87109375
10:47:07,91282CJZ5,TSRYS5743662,D,S,D,2024-04-30,1000000.00,4.657571,94.87109375
10:47:08,91282CJZ5,TSRYS5743662,D,S,D,2024-04-30,28300000.00,4.652917,94.90625
10:47:14,91282CJZ5,TSRYS5743662,D,S,D,2024-04-30,125000.00,4.657571,94.87109375
10:47:15,91282CJZ5,TSRYS5743662,D,S,D,2024-04-30,100000.00,4.652917,94.90625
10:47:19,91282CJZ5,TSRYS5743662,D,S,D,2024-04-30,1000000.00,4.658088,94.8671875
10:47:19,91282CJZ5,TSRYS5743662,D,S,D,2024-04-30,1000000.00,4.658088,94.8671875
10:47:20,91282CJZ5,TSRYS5743662,D,B,C,2024-04-30,72800000.00,4.65809,94.867171
10:47:21,91282CJZ5,TSRYS5743662,D,S,C,2024-04-30,2000000.00,4.657829,94.86914062
10:47:28,91282CJZ5,TSRYS5743662,D,S,D,2024-04-30,3000000.00,4.658088,94.8671875
10:47:29,91282CJZ5,TSRYS5743662,D,S,D,2024-04-30,130000.00,4.657053,94.875
10:47:29,91282CJZ5,TSRYS5743662,D,S,D,2024-04-30,3000000.00,4.658088,94.8671875
10:47:30,91282CJZ5,TSRYS5743662,D,S,D,2024-04-30,1000000.00,4.658088,94.8671875
10:47:30,91282CJZ5,TSRYS5743662,D,S,D,2024-04-30,130000.00,4.657053,94.875
10:47:31,91282CJZ5,TSRYS5743662,D,B,C,2024-04-30,1000000.00,4.657093,94.8747
10:47:31,91282CJZ5,TSRYS5743662,D,S,C,2024-04-30,1000000.00,4.65704,94.8751
10:47:31,91282CJZ5,TSRYS5743662,D,S,C,2024-04-30,1000000.00,4.657014,94.8753
10:47:31,91282CJZ5,TSRYS5743662,D,B,C,2024-04-30,1000000.00,4.657053,94.875
10:47:31,91282CJZ5,TSRYS5743662,D,B,C,2024-04-30,1000000.00,4.657073,94.87485
10:47:31,91282CJZ5,TSRYS5743662,D,S,C,2024-04-30,1000000.00,4.65704,94.8751
10:47:31,91282CJZ5,TSRYS5743662,D,S,C,2024-04-30,1000000.00,4.65704,94.8751
10:47:31,91282CJZ5,TSRYS5743662,D,B,C,2024-04-30,1000000.00,4.657093,94.8747
10:47:31,91282CJZ5,TSRYS5743662,D,S,C,2024-04-30,2000000.00,4.65704,94.8751
10:47:31,91282CJZ5,TSRYS5743662,D,S,D,2024-04-30,3000000.00,4.658088,94.8671875
10:47:32,91282CJZ5,TSRYS5743662,D,B,A,2024-04-30,100000.00,4.659122,94.859375
10:47:33,91282CJZ5,TSRYS5743662,D,B,C,2024-04-30,21000000.00,4.658843,94.86148
10:47:40,91282CJZ5,TSRYS5743662,D,S,D,2024-04-30,1000000.00,4.658088,94.8671875
10:47:46,91282CJZ5,TSRYS5743662,D,S,C,2024-04-30,5000000.00,4.657571,94.87109375
10:47:46,91282CJZ5,TSRYS5743662,D,B,C,2024-04-30,1000000.00,4.657312,94.873046875
10:47:46,91282CJZ5,TSRYS5743662,D,S,C,2024-04-30,1000000.00,4.657292,94.873196875
10:47:47,91282CJZ5,TSRYS5743662,D,S,C,2024-04-30,1000000.00,4.657571,94.87109375
10:47:48,91282CJZ5,TSRYS5743662,D,S,D,2024-04-30,1000000.00,4.657571,94.87109375
10:47:50,91282CJZ5,TSRYS5743662,D,S,D,2024-04-30,1000000.00,4.658088,94.8671875
10:47:53,91282CJZ5,TSRYS5743662,D,S,C,2024-04-30,3700000.00,4.658088,94.8671875
10:47:53,91282CJZ5,TSRYS5743662,D,S,D,2024-04-30,1000000.00,4.657571,94.87109375
10:47:54,91282CJZ5,TSRYS5743662,D,S,T,2024-04-30,1000000.00,4.657053,94.875
10:47:54,91282CJZ5,TSRYS5743662,D,S,T,2024-04-30,2000000.00,4.657053,94.875
10:47:54,91282CJZ5,TSRYS5743662,D,S,T,2024-04-30,1000000.00,4.657053,94.875
10:47:55,91282CJZ5,TSRYS5743662,D,S,T,2024-04-30,1000000.00,4.657053,94.875
10:47:55,91282CJZ5,TSRYS5743662,D,S,T,2024-04-30,2000000.00,4.657053,94.875
10:47:55,91282CJZ5,TSRYS5743662,D,S,T,2024-04-30,2000000.00,4.657053,94.875
10:47:57,91282CJZ5,TSRYS5743662,D,S,C,2024-04-30,1990000.00,4.657053,94.875
10:47:58,91282CJZ5,TSRYS5743662,D,S,D,2024-04-30,1000000.00,4.657053,94.875
10:47:58,91282CJZ5,TSRYS5743662,D,B,C,2024-04-30,1000000.00,4.657053,94.875
10:47:58,91282CJZ5,TSRYS5743662,D,S,D,2024-04-30,1000000.00,4.657053,94.875
10:47:58,91282CJZ5,TSRYS5743662,D,B,C,2024-04-30,1000000.00,4.657053,94.875
10:47:58,91282CJZ5,TSRYS5743662,D,S,A,2024-04-30,154000.00,4.657571,94.87109375
10:47:59,91282CJZ5,TSRYS5743662,D,B,C,2024-04-30,9400000.00,4.657053,94.875
10:48:00,91282CJZ5,TSRYS5743662,D,S,D,2024-04-30,2000.00,4.657053,94.875
10:48:00,91282CJZ5,TSRYS5743662,D,B,C,2024-04-30,2000.00,4.657053,94.875
10:48:01,91282CJZ5,TSRYS5743662,D,S,T,2024-04-30,1000000.00,4.657053,94.875
10:48:01,91282CJZ5,TSRYS5743662,D,S,T,2024-04-30,3000000.00,4.657053,94.875
10:48:02,91282CJZ5,TSRYS5743662,D,S,T,2024-04-30,2000000.00,4.657053,94.875
10:48:02,91282CJZ5,TSRYS5743662,D,S,T,2024-04-30,3000000.00,4.657053,94.875
10:48:02,91282CJZ5,TSRYS5743662,D,S,T,2024-04-30,1000000.00,4.657053,94.875
10:48:09,91282CJZ5,TSRYS5743662,D,S,D,2024-04-30,665000.00,4.659122,94.859375
10:48:09,91282CJZ5,TSRYS5743662,D,S,D,2024-04-30,3000000.00,4.658088,94.8671875
10:48:09,91282CJZ5,TSRYS5743662,D,S,D,2024-04-30,3000000.00,4.658088,94.8671875
10:48:10,91282CJZ5,TSRYS5743662,D,S,D,2024-04-30,1840000.00,4.658088,94.8671875
10:48:12,91282CJZ5,TSRYS5743662,D,S,D,2024-04-30,3000000.00,4.658088,94.8671875
10:48:13,91282CJZ5,TSRYS5743662,D,S,D,2024-04-30,4375000.00,4.657571,94.87109375
10:48:17,91282CJZ5,TSRYS5743662,D,B,C,2024-04-30,1000000.00,4.657829,94.869140625
10:48:17,91282CJZ5,TSRYS5743662,D,S,D,2024-04-30,1000000.00,4.657829,94.869140625
10:48:18,91282CJZ5,TSRYS5743662,D,S,D,2024-04-30,1000000.00,4.657571,94.87109375
10:48:18,91282CJZ5,TSRYS5743662,D,S,C,2024-04-30,2790000.00,4.659122,94.859375
10:48:19,91282CJZ5,TSRYS5743662,D,S,D,2024-04-30,1000000.00,4.657829,94.869140625
10:48:19,91282CJZ5,TSRYS5743662,D,S,D,2024-04-30,1000000.00,4.657829,94.869140625
10:48:19,91282CJZ5,TSRYS5743662,D,S,D,2024-04-30,665000.00,4.659122,94.859375
10:48:24,91282CJZ5,TSRYS5743662,D,S,D,2024-04-30,22153000.00,4.657875,94.86879303824
10:48:30,91282CJZ5,TSRYS5743662,D,S,D,2024-04-30,1840000.00,4.658141,94.8667875
10:48:30,91282CJZ5,TSRYS5743662,D,S,D,2024-04-30,1000.00,4.657571,94.87109375
10:48:30,91282CJZ5,TSRYS5743662,D,S,D,2024-04-30,33000.00,4.657571,94.87109375
10:48:31,91282CJZ5,TSRYS5743662,D,S,D,2024-04-30,2000000.00,4.657053,94.875
10:48:31,91282CJZ5,TSRYS5743662,D,S,C,2024-04-30,3000000.00,4.657053,94.875
10:48:31,91282CJZ5,TSRYS5743662,D,S,C,2024-04-30,1000000.00,4.657027,94.8752
10:48:31,91282CJZ5,TSRYS5743662,D,S,D,2024-04-30,3000000.00,4.657053,94.875
10:48:31,91282CJZ5,TSRYS5743662,D,S,D,2024-04-30,2000000.00,4.657053,94.875
10:48:31,91282CJZ5,TSRYS5743662,D,S,D,2024-04-30,1000000.00,4.657053,94.875
10:48:31,91282CJZ5,TSRYS5743662,D,S,D,2024-04-30,1000000.00,4.657053,94.875
10:48:31,91282CJZ5,TSRYS5743662,D,B,C,2024-04-30,1000000.00,4.657093,94.8747
10:48:31,91282CJZ5,TSRYS5743662,D,S,D,2024-04-30,1000000.00,4.657053,94.875
10:48:31,91282CJZ5,TSRYS5743662,D,S,C,2024-04-30,1000000.00,4.657053,94.875
10:48:31,91282CJZ5,TSRYS5743662,D,B,C,2024-04-30,1000000.00,4.657093,94.8747
10:48:31,91282CJZ5,TSRYS5743662,D,S,D,2024-04-30,1000000.00,4.657053,94.875
10:48:31,91282CJZ5,TSRYS5743662,D,S,D,2024-04-30,1000000.00,4.657053,94.875
10:48:31,91282CJZ5,TSRYS5743662,D,B,C,2024-04-30,1000000.00,4.657093,94.8747
10:48:31,91282CJZ5,TSRYS5743662,D,S,D,2024-04-30,2000000.00,4.657053,94.875
10:48:31,91282CJZ5,TSRYS5743662,D,B,C,2024-04-30,1000000.00,4.657053,94.875
10:48:31,91282CJZ5,TSRYS5743662,D,S,D,2024-04-30,1000000.00,4.657053,94.875
10:48:40,91282CJZ5,TSRYS5743662,D,S,D,2024-04-30,1000000.00,4.657829,94.869140625
10:48:40,91282CJZ5,TSRYS5743662,D,B,C,2024-04-30,1000000.00,4.657829,94.869140625
10:48:40,91282CJZ5,TSRYS5743662,D,S,C,2024-04-30,1000000.00,4.657829,94.869140625
10:48:40,91282CJZ5,TSRYS5743662,D,S,D,2024-04-30,2000000.00,4.658864,94.861328125
10:48:40,91282CJZ5,TSRYS5743662,D,S,D,2024-04-30,1000000.00,4.657829,94.869140625
10:48:40,91282CJZ5,TSRYS5743662,D,B,C,2024-04-30,2000000.00,4.658864,94.861328125
10:48:40,91282CJZ5,TSRYS5743662,D,S,C,2024-04-30,1000000.00,4.658864,94.861328125
10:48:40,91282CJZ5,TSRYS5743662,D,B,C,2024-04-30,1000000.00,4.658883,94.861178125
10:48:41,91282CJZ5,TSRYS5743662,D,S,D,2024-04-30,1000000.00,4.657829,94.869140625
10:48:43,91282CJZ5,TSRYS5743662,D,S,T,2024-04-30,1000000.00,4.659122,94.859375
10:48:43,91282CJZ5,TSRYS5743662,D,S,T,2024-04-30,1000000.00,4.659122,94.859375
10:48:43,91282CJZ5,TSRYS5743662,D,S,T,2024-04-30,1000000.00,4.659122,94.859375
10:48:43,91282CJZ5,TSRYS5743662,D,S,T,2024-04-30,1000000.00,4.659139,94.859245
10:48:44,91282CJZ5,TSRYS5743662,D,S,T,2024-04-30,1000000.00,4.659122,94.859375
10:48:44,91282CJZ5,TSRYS5743662,D,S,T,2024-04-30,1000000.00,4.659139,94.859245
10:48:44,91282CJZ5,TSRYS5743662,D,S,T,2024-04-30,2000000.00,4.659122,94.859375
10:48:44,91282CJZ5,TSRYS5743662,D,S,T,2024-04-30,2000000.00,4.659139,94.859245
10:48:44,91282CJZ5,TSRYS5743662,D,S,T,2024-04-30,1000000.00,4.659122,94.859375
10:48:44,91282CJZ5,TSRYS5743662,D,S,T,2024-04-30,2000000.00,4.659139,94.859245
10:48:44,91282CJZ5,TSRYS5743662,D,S,T,2024-04-30,1000000.00,4.659139,94.859245
10:48:45,91282CJZ5,TSRYS5743662,D,S,D,2024-04-30,2000000.00,4.659122,94.859375
10:48:49,91282CJZ5,TSRYS5743662,D,S,C,2024-04-30,2000000.00,4.657053,94.875
10:48:49,91282CJZ5,TSRYS5743662,D,S,C,2024-04-30,1000000.00,4.657053,94.875
10:48:49,91282CJZ5,TSRYS5743662,D,B,C,2024-04-30,1000000.00,4.657053,94.875
10:48:49,91282CJZ5,TSRYS5743662,D,B,C,2024-04-30,2000000.00,4.657053,94.875
10:48:49,91282CJZ5,TSRYS5743662,D,B,C,2024-04-30,1000000.00,4.657053,94.875
10:48:49,91282CJZ5,TSRYS5743662,D,B,C,2024-04-30,1000000.00,4.657053,94.875
10:48:49,91282CJZ5,TSRYS5743662,D,S,D,2024-04-30,1000000.00,4.657053,94.875
10:48:49,91282CJZ5,TSRYS5743662,D,S,C,2024-04-30,1000000.00,4.65704,94.8751
10:48:49,91282CJZ5,TSRYS5743662,D,S,D,2024-04-30,2000000.00,4.657053,94.875
10:48:49,91282CJZ5,TSRYS5743662,D,S,D,2024-04-30,1000000.00,4.657053,94.875
10:48:50,91282CJZ5,TSRYS5743662,D,S,D,2024-04-30,2000000.00,4.659122,94.859375
10:48:50,91282CJZ5,TSRYS5743662,D,S,D,2024-04-30,1000000.00,4.659122,94.859375
10:48:50,91282CJZ5,TSRYS5743662,D,B,C,2024-04-30,1000000.00,4.659122,94.859375
10:48:50,91282CJZ5,TSRYS5743662,D,S,C,2024-04-30,3000000.00,4.659639,94.85546875
10:48:51,91282CJZ5,TSRYS5743662,D,S,T,2024-04-30,1000000.00,4.659639,94.85546875
10:48:52,91282CJZ5,TSRYS5743662,D,S,T,2024-04-30,1000000.00,4.659122,94.859375
10:48:53,91282CJZ5,TSRYS5743662,D,S,C,2024-04-30,6780000.00,4.659639,94.85546875
10:48:54,91282CJZ5,TSRYS5743662,D,S,D,2024-04-30,1000000.00,4.659639,94.85546875
10:48:58,91282CJZ5,TSRYS5743662,D,S,D,2024-04-30,2000000.00,4.659898,94.853515625
10:49:00,91282CJZ5,TSRYS5743662,D,S,T,2024-04-30,2000000.00,4.659122,94.859375
10:49:00,91282CJZ5,TSRYS5743662,D,S,T,2024-04-30,2000000.00,4.659122,94.859375
10:49:00,91282CJZ5,TSRYS5743662,D,S,T,2024-04-30,2000000.00,4.659915,94.853390625
10:49:00,91282CJZ5,TSRYS5743662,D,S,T,2024-04-30,2000000.00,4.659122,94.859375
10:49:01,91282CJZ5,TSRYS5743662,D,S,T,2024-04-30,1000000.00,4.659122,94.859375
10:49:01,91282CJZ5,TSRYS5743662,D,S,T,2024-04-30,1000000.00,4.659122,94.859375
10:49:01,91282CJZ5,TSRYS5743662,D,S,T,2024-04-30,1000000.00,4.659122,94.859375
10:49:01,91282CJZ5,TSRYS5743662,D,S,T,2024-04-30,1000000.00,4.659122,94.859375
10:49:05,91282CJZ5,TSRYS5743662,D,B,C,2024-04-30,1000000.00,4.659142,94.859225
10:49:05,91282CJZ5,TSRYS5743662,D,S,D,2024-04-30,1000000.00,4.659122,94.859375
10:49:07,91282CJZ5,TSRYS5743662,D,S,T,2024-04-30,2000000.00,4.659122,94.859375
10:49:07,91282CJZ5,TSRYS5743662,D,S,T,2024-04-30,1000000.00,4.659122,94.859375
10:49:08,91282CJZ5,TSRYS5743662,D,S,T,2024-04-30,2000000.00,4.659122,94.859375
10:49:08,91282CJZ5,TSRYS5743662,D,S,T,2024-04-30,1000000.00,4.659122,94.859375
10:49:10,91282CJZ5,TSRYS5743662,D,S,C,2024-04-30,7000000.00,4.659639,94.85546875
10:49:11,91282CJZ5,TSRYS5743662,D,S,D,2024-04-30,7000000.00,4.659639,94.85546875
10:49:12,91282CJZ5,TSRYS5743662,D,B,C,2024-04-30,2000000.00,4.658605,94.86328125
10:49:17,91282CJZ5,TSRYS5743662,D,S,T,2024-04-30,1000000.00,4.659122,94.859375
10:49:17,91282CJZ5,TSRYS5743662,D,S,T,2024-04-30,1000000.00,4.659122,94.859375
10:49:17,91282CJZ5,TSRYS5743662,D,S,T,2024-04-30,1000000.00,4.659122,94.859375
10:49:17,91282CJZ5,TSRYS5743662,D,S,T,2024-04-30,1000000.00,4.659122,94.859375
10:49:17,91282CJZ5,TSRYS5743662,D,S,T,2024-04-30,1000000.00,4.659122,94.859375
10:49:18,91282CJZ5,TSRYS5743662,D,B,C,2024-04-30,1000000.00,4.659122,94.859375
10:49:18,91282CJZ5,TSRYS5743662,D,S,D,2024-04-30,2000000.00,4.659122,94.859375
10:49:18,91282CJZ5,TSRYS5743662,D,S,C,2024-04-30,1000000.00,4.659122,94.859375
10:49:18,91282CJZ5,TSRYS5743662,D,S,C,2024-04-30,1000000.00,4.659122,94.859375
10:49:18,91282CJZ5,TSRYS5743662,D,S,C,2024-04-30,1000000.00,4.659122,94.859375
10:49:18,91282CJZ5,TSRYS5743662,D,S,D,2024-04-30,2000000.00,4.659122,94.859375
10:49:18,91282CJZ5,TSRYS5743662,D,S,C,2024-04-30,2000000.00,4.659102,94.859525
10:49:18,91282CJZ5,TSRYS5743662,D,S,C,2024-04-30,1000000.00,4.659083,94.859675
10:49:18,91282CJZ5,TSRYS5743662,D,S,C,2024-04-30,1000000.00,4.659083,94.859675
10:49:18,91282CJZ5,TSRYS5743662,D,S,C,2024-04-30,1000000.00,4.659083,94.859675
10:49:18,91282CJZ5,TSRYS5743662,D,S,D,2024-04-30,2000000.00,4.659122,94.859375
10:49:18,91282CJZ5,TSRYS5743662,D,S,D,2024-04-30,1000000.00,4.659122,94.859375
10:49:18,91282CJZ5,TSRYS5743662,D,S,D,2024-04-30,1000000.00,4.659122,94.859375
10:49:19,91282CJZ5,TSRYS5743662,D,S,D,2024-04-30,1000000.00,4.659122,94.859375
10:49:19,91282CJZ5,TSRYS5743662,D,S,D,2024-04-30,1000000.00,4.659122,94.859375
10:49:19,91282CJZ5,TSRYS5743662,D,S,D,2024-04-30,1000000.00,4.659122,94.859375
10:49:19,91282CJZ5,TSRYS5743662,D,B,C,2024-04-30,1000000.00,4.659639,94.85546875
10:49:19,91282CJZ5,TSRYS5743662,D,S,D,2024-04-30,1000000.00,4.659639,94.85546875
10:49:20,91282CJZ5,TSRYS5743662,D,S,D,2024-04-30,15200000.00,4.660157,94.8515625
10:49:22,91282CJZ5,TSRYS5743662,D,S,D,2024-04-30,3000000.00,4.659898,94.853515625
10:49:22,91282CJZ5,TSRYS5743662,D,S,D,2024-04-30,15200000.00,4.661191,94.84375
10:49:23,91282CJZ5,TSRYS5743662,D,S,T,2024-04-30,1000000.00,4.659639,94.85546875
10:49:23,91282CJZ5,TSRYS5743662,D,S,C,2024-04-30,1000000.00,4.659613,94.85566875
10:49:27,91282CJZ5,TSRYS5743662,D,S,T,2024-04-30,3000000.00,4.659911,94.853415625
10:49:29,91282CJZ5,TSRYS5743662,D,S,T,2024-04-30,2000000.00,4.659122,94.859375
10:49:29,91282CJZ5,TSRYS5743662,D,S,D,2024-04-30,2000000.00,4.659122,94.859375
10:49:31,91282CJZ5,TSRYS5743662,D,S,T,2024-04-30,1000000.00,4.659122,94.859375
10:49:31,91282CJZ5,TSRYS5743662,D,S,T,2024-04-30,2000000.00,4.659122,94.859375
10:49:32,91282CJZ5,TSRYS5743662,D,S,C,2024-04-30,1000.00,4.331643,97.37109375
10:49:33,91282CJZ5,TSRYS5743662,D,S,D,2024-04-30,1000000.00,4.659122,94.859375
10:49:33,91282CJZ5,TSRYS5743662,D,S,D,2024-04-30,1000000.00,4.659122,94.859375
10:49:33,91282CJZ5,TSRYS5743662,D,S,D,2024-04-30,1000000.00,4.659122,94.859375
10:49:34,91282CJZ5,TSRYS5743662,D,S,D,2024-04-30,1000000.00,4.659122,94.859375
10:49:34,91282CJZ5,TSRYS5743662,D,S,C,2024-04-30,2000000.00,4.659096,94.859575
10:49:34,91282CJZ5,TSRYS5743662,D,S,D,2024-04-30,1000000.00,4.659122,94.859375
10:49:34,91282CJZ5,TSRYS5743662,D,S,C,2024-04-30,1000.00,4.331643,97.37109375
10:49:35,91282CJZ5,TSRYS5743662,D,S,C,2024-04-30,1000.00,4.331643,97.37109375
10:49:36,91282CJZ5,TSRYS5743662,D,S,C,2024-04-30,1000.00,4.331643,97.37109375
10:49:37,91282CJZ5,TSRYS5743662,D,S,C,2024-04-30,30000.00,4.331643,97.37109375
10:49:38,91282CJZ5,TSRYS5743662,D,S,T,2024-04-30,1000000.00,4.659122,94.859375
10:49:38,91282CJZ5,TSRYS5743662,D,S,T,2024-04-30,2000000.00,4.659122,94.859375
10:49:38,91282CJZ5,TSRYS5743662,D,S,T,2024-04-30,1000000.00,4.659122,94.859375
10:49:38,91282CJZ5,TSRYS5743662,D,S,T,2024-04-30,1000000.00,4.659122,94.859375
10:49:39,91282CJZ5,TSRYS5743662,D,S,T,2024-04-30,2000000.00,4.659122,94.859375
10:49:39,91282CJZ5,TSRYS5743662,D,B,C,2024-04-30,100000.00,4.659381,94.857421875
10:49:39,91282CJZ5,TSRYS5743662,D,S,T,2024-04-30,1000000.00,4.659122,94.859375
10:49:39,91282CJZ5,TSRYS5743662,D,S,C,2024-04-30,100000.00,4.659341,94.857721875
10:49:40,91282CJZ5,TSRYS5743662,D,S,T,2024-04-30,3000000.00,4.660157,94.8515625
10:49:40,91282CJZ5,TSRYS5743662,D,S,D,2024-04-30,3000000.00,4.660144,94.8516625
10:49:41,91282CJZ5,TSRYS5743662,D,S,D,2024-04-30,1000000.00,4.660144,94.8516625
10:49:41,91282CJZ5,TSRYS5743662,D,S,D,2024-04-30,1000000.00,4.660144,94.8516625
10:49:41,91282CJZ5,TSRYS5743662,D,B,C,2024-04-30,1000000.00,4.66017,94.8514625
10:49:44,91282CJZ5,TSRYS5743662,D,S,T,2024-04-30,1000000.00,4.659122,94.859375
10:49:46,91282CJZ5,TSRYS5743662,D,S,D,2024-04-30,1000000.00,4.660415,94.849609375
10:49:46,91282CJZ5,TSRYS5743662,D,S,D,2024-04-30,1000000.00,4.660415,94.849609375
10:49:47,91282CJZ5,TSRYS5743662,D,S,T,2024-04-30,1000000.00,4.660157,94.8515625
10:49:48,91282CJZ5,TSRYS5743662,D,B,C,2024-04-30,1000000.00,4.659122,94.859375
10:49:48,91282CJZ5,TSRYS5743662,D,S,D,2024-04-30,1000000.00,4.659122,94.859375
10:49:48,91282CJZ5,TSRYS5743662,D,B,C,2024-04-30,1000000.00,4.659122,94.859375
10:49:48,91282CJZ5,TSRYS5743662,D,S,D,2024-04-30,1000000.00,4.659122,94.859375
10:49:48,91282CJZ5,TSRYS5743662,D,S,C,2024-04-30,1000000.00,4.659096,94.859575
10:49:48,91282CJZ5,TSRYS5743662,D,S,D,2024-04-30,1000000.00,4.659122,94.859375
10:49:48,91282CJZ5,TSRYS5743662,D,S,D,2024-04-30,1000000.00,4.659122,94.859375
10:49:48,91282CJZ5,TSRYS5743662,D,S,D,2024-04-30,1000000.00,4.659122,94.859375
10:49:48,91282CJZ5,TSRYS5743662,D,S,D,2024-04-30,1000000.00,4.659122,94.859375
10:49:48,91282CJZ5,TSRYS5743662,D,S,D,2024-04-30,1000000.00,4.659122,94.859375
10:49:48,91282CJZ5,TSRYS5743662,D,B,C,2024-04-30,1000000.00,4.659162,94.859075
10:49:48,91282CJZ5,TSRYS5743662,D,S,D,2024-04-30,2000000.00,4.659122,94.859375
10:49:52,91282CJZ5,TSRYS5743662,D,S,D,2024-04-30,1000000.00,4.660415,94.849609375
10:50:03,91282CJZ5,TSRYS5743662,D,S,D,2024-04-30,2000000.00,4.659122,94.859375
10:50:03,91282CJZ5,TSRYS5743662,D,S,C,2024-04-30,1000000.00,4.659122,94.859375
10:50:03,91282CJZ5,TSRYS5743662,D,S,C,2024-04-30,1000000.00,4.659122,94.859375
10:50:03,91282CJZ5,TSRYS5743662,D,S,C,2024-04-30,1000000.00,4.659122,94.859375
10:50:03,91282CJZ5,TSRYS5743662,D,S,C,2024-04-30,2000000.00,4.659122,94.859375
10:50:03,91282CJZ5,TSRYS5743662,D,S,C,2024-04-30,1000000.00,4.659122,94.859375
10:50:03,91282CJZ5,TSRYS5743662,D,S,C,2024-04-30,3000000.00,4.659122,94.859375
10:50:03,91282CJZ5,TSRYS5743662,D,B,C,2024-04-30,1000000.00,4.659122,94.859375
10:50:03,91282CJZ5,TSRYS5743662,D,S,C,2024-04-30,1000000.00,4.659122,94.859375
10:50:08,91282CJZ5,TSRYS5743662,D,S,D,2024-04-30,1000000.00,4.659898,94.853515625
10:50:08,91282CJZ5,TSRYS5743662,D,S,C,2024-04-30,1000000.00,4.659898,94.853515625
10:50:18,91282CJZ5,TSRYS5743662,D,B,C,2024-04-30,3000000.00,4.659162,94.859075
10:50:18,91282CJZ5,TSRYS5743662,D,S,C,2024-04-30,2000000.00,4.659122,94.859375
10:50:18,91282CJZ5,TSRYS5743662,D,S,C,2024-04-30,1000000.00,4.659096,94.859575
10:50:18,91282CJZ5,TSRYS5743662,D,S,C,2024-04-30,1000000.00,4.659069,94.859775
10:50:19,91282CJZ5,TSRYS5743662,D,S,D,2024-04-30,5650000.00,4.648782,94.9375
10:50:20,91282CJZ5,TSRYS5743662,D,S,D,2024-04-30,5650000.00,4.648782,94.9375
10:50:21,91282CJZ5,TSRYS5743662,D,B,C,2024-04-30,1000000.00,4.660415,94.849609375
10:50:21,91282CJZ5,TSRYS5743662,D,S,C,2024-04-30,1000000.00,4.660415,94.849609375
10:50:22,91282CJZ5,TSRYS5743662,D,S,T,2024-04-30,1000000.00,4.660415,94.849609375
10:50:23,91282CJZ5,TSRYS5743662,D,S,C,2024-04-30,1000000.00,4.660415,94.849609375
10:50:26,91282CJZ5,TSRYS5743662,D,B,C,2024-04-30,1000000.00,4.660415,94.84960937
10:50:26,91282CJZ5,TSRYS5743662,D,B,C,2024-04-30,1000000.00,4.660415,94.84960937
10:50:26,91282CJZ5,TSRYS5743662,D,S,T,2024-04-30,1000000.00,4.661191,94.84375
10:50:26,91282CJZ5,TSRYS5743662,D,S,T,2024-04-30,1000000.00,4.661191,94.84375
10:50:26,91282CJZ5,TSRYS5743662,D,S,T,2024-04-30,1000000.00,4.661191,94.84375
10:50:26,91282CJZ5,TSRYS5743662,D,S,T,2024-04-30,2000000.00,4.661191,94.84375
10:50:28,91282CJZ5,TSRYS5743662,D,S,T,2024-04-30,1000000.00,4.661191,94.84375
10:50:28,91282CJZ5,TSRYS5743662,D,S,T,2024-04-30,2000000.00,4.661191,94.84375
10:50:30,91282CJZ5,TSRYS5743662,D,S,D,2024-04-30,1000000.00,4.661191,94.84375
10:50:30,91282CJZ5,TSRYS5743662,D,B,C,2024-04-30,1000000.00,4.661191,94.84375
10:50:33,91282CJZ5,TSRYS5743662,D,S,D,2024-04-30,1000000.00,4.660933,94.845703125
10:50:33,91282CJZ5,TSRYS5743662,D,B,C,2024-04-30,1000000.00,4.660933,94.845703125
10:50:33,91282CJZ5,TSRYS5743662,D,S,D,2024-04-30,1000000.00,4.660933,94.845703125
10:50:33,91282CJZ5,TSRYS5743662,D,B,C,2024-04-30,1000000.00,4.660933,94.845703125
10:50:34,91282CJZ5,TSRYS5743662,D,S,T,2024-04-30,1000000.00,4.661191,94.84375
10:50:34,91282CJZ5,TSRYS5743662,D,S,T,2024-04-30,1000000.00,4.661191,94.84375
10:50:34,91282CJZ5,TSRYS5743662,D,B,C,2024-04-30,1000000.00,4.661211,94.8436
10:50:34,91282CJZ5,TSRYS5743662,D,S,D,2024-04-30,1000000.00,4.661191,94.84375
10:50:34,91282CJZ5,TSRYS5743662,D,S,T,2024-04-30,1000000.00,4.661191,94.84375
10:50:35,91282CJZ5,TSRYS5743662,D,S,T,2024-04-30,1000000.00,4.661191,94.84375
10:50:37,91282CJZ5,TSRYS5743662,D,B,A,2024-04-30,650000.00,4.660674,94.84765625
10:50:39,91282CJZ5,TSRYS5743662,D,S,D,2024-04-30,5800000.00,4.660674,94.84765625
10:50:39,91282CJZ5,TSRYS5743662,D,S,T,2024-04-30,1000000.00,4.661191,94.84375
10:50:39,91282CJZ5,TSRYS5743662,D,S,T,2024-04-30,1000000.00,4.66145,94.841796875
10:50:39,91282CJZ5,TSRYS5743662,D,S,T,2024-04-30,2000000.00,4.661191,94.84375
10:50:39,91282CJZ5,TSRYS5743662,D,S,T,2024-04-30,1000000.00,4.661191,94.84375
10:50:40,91282CJZ5,TSRYS5743662,D,S,C,2024-04-30,1000000.00,4.661437,94.841896875
10:50:41,91282CJZ5,TSRYS5743662,D,B,C,2024-04-30,2000000.00,4.661191,94.84375
10:50:41,91282CJZ5,TSRYS5743662,D,S,D,2024-04-30,2000000.00,4.661191,94.84375
10:50:42,91282CJZ5,TSRYS5743662,D,B,C,2024-04-30,2000000.00,4.661191,94.84375
10:50:42,91282CJZ5,TSRYS5743662,D,S,D,2024-04-30,2000000.00,4.661191,94.84375
10:50:44,91282CJZ5,TSRYS5743662,D,S,C,2024-04-30,22000.00,4.660314,94.850375
10:50:44,91282CJZ5,TSRYS5743662,D,S,C,2024-04-30,1000000.00,4.661191,94.84375
10:50:44,91282CJZ5,TSRYS5743662,D,B,C,2024-04-30,1000000.00,4.661191,94.84355
10:50:44,91282CJZ5,TSRYS5743662,D,S,C,2024-04-30,1000000.00,4.661191,94.843925
10:50:44,91282CJZ5,TSRYS5743662,D,B,C,2024-04-30,1000000.00,4.661191,94.84355
10:50:45,91282CJZ5,TSRYS5743662,D,B,C,2024-04-30,1000000.00,4.661191,94.84375
10:50:45,91282CJZ5,TSRYS5743662,D,S,C,2024-04-30,1000000.00,4.661191,94.84375
10:50:45,91282CJZ5,TSRYS5743662,D,S,D,2024-04-30,1000000.00,4.661191,94.84395
10:50:48,91282CJZ5,TSRYS5743662,D,S,D,2024-04-30,455000.00,4.661709,94.83984375
10:50:52,91282CJZ5,TSRYS5743662,D,S,A,2024-04-30,180000.00,4.662226,94.8359375
10:50:54,91282CJZ5,TSRYS5743662,D,S,C,2024-04-30,53000000.00,,94.875
10:50:55,91282CJZ5,TSRYS5743662,D,S,D,2024-04-30,40100000.00,4.706816,94.5
10:50:55,91282CJZ5,TSRYS5743662,D,S,D,2024-04-30,10000000.00,4.706816,94.5
10:51:00,91282CJZ5,TSRYS5743662,D,S,C,2024-04-30,4900000.00,4.660157,94.8515625
10:51:05,91282CJZ5,TSRYS5743662,D,S,C,2024-04-30,53000000.00,,94.890625
10:51:05,91282CJZ5,TSRYS5743662,D,S,C,2024-04-30,1000000.00,4.661191,94.84375
10:51:05,91282CJZ5,TSRYS5743662,D,S,D,2024-04-30,1000000.00,4.661191,94.84375
10:51:05,91282CJZ5,TSRYS5743662,D,S,C,2024-04-30,1000000.00,4.661152,94.84405
10:51:05,91282CJZ5,TSRYS5743662,D,S,D,2024-04-30,2000000.00,4.661191,94.84375
10:51:05,91282CJZ5,TSRYS5743662,D,B,C,2024-04-30,1000000.00,4.661191,94.84375
10:51:05,91282CJZ5,TSRYS5743662,D,S,C,2024-04-30,1000000.00,4.661152,94.84405
10:51:05,91282CJZ5,TSRYS5743662,D,S,D,2024-04-30,1000000.00,4.661191,94.84375
10:51:05,91282CJZ5,TSRYS5743662,D,S,D,2024-04-30,1000000.00,4.661191,94.84375
10:51:05,91282CJZ5,TSRYS5743662,D,B,C,2024-04-30,1000000.00,4.661205,94.84365
10:51:05,91282CJZ5,TSRYS5743662,D,B,C,2024-04-30,1000000.00,4.661191,94.84375
10:51:05,91282CJZ5,TSRYS5743662,D,B,C,2024-04-30,1000000.00,4.661191,94.84375
10:51:05,91282CJZ5,TSRYS5743662,D,S,C,2024-04-30,1000000.00,4.661152,94.84405
10:51:05,91282CJZ5,TSRYS5743662,D,S,C,2024-04-30,1000000.00,4.661152,94.84405
10:51:05,91282CJZ5,TSRYS5743662,D,B,C,2024-04-30,1000000.00,4.661191,94.84375
10:51:05,91282CJZ5,TSRYS5743662,D,S,D,2024-04-30,1000000.00,4.661191,94.84375
10:51:05,91282CJZ5,TSRYS5743662,D,B,C,2024-04-30,1000000.00,4.661191,94.84375
10:51:05,91282CJZ5,TSRYS5743662,D,S,C,2024-04-30,1000000.00,4.661152,94.84405
10:51:05,91282CJZ5,TSRYS5743662,D,S,D,2024-04-30,1000000.00,4.661191,94.84375
10:51:05,91282CJZ5,TSRYS5743662,D,B,C,2024-04-30,1000000.00,4.661191,94.84375
10:51:05,91282CJZ5,TSRYS5743662,D,S,D,2024-04-30,2000000.00,4.661191,94.84375
10:51:06,91282CJZ5,TSRYS5743662,D,B,C,2024-04-30,53000000.00,4.657053,94.875
10:51:09,91282CJZ5,TSRYS5743662,D,S,T,2024-04-30,2000000.00,4.661191,94.84375
10:51:09,91282CJZ5,TSRYS5743662,D,S,T,2024-04-30,1000000.00,4.661191,94.84375
10:51:09,91282CJZ5,TSRYS5743662,D,S,C,2024-04-30,1000000.00,4.66145,94.841796875
10:51:10,91282CJZ5,TSRYS5743662,D,S,D,2024-04-30,1000000.00,4.66145,94.841796875
10:51:10,91282CJZ5,TSRYS5743662,D,S,D,2024-04-30,1000000.00,4.66145,94.841796875
10:51:12,91282CJZ5,TSRYS5743662,D,B,C,2024-04-30,1000000.00,4.661211,94.8436
10:51:12,91282CJZ5,TSRYS5743662,D,B,C,2024-04-30,1000000.00,4.661211,94.8436
10:51:12,91282CJZ5,TSRYS5743662,D,S,D,2024-04-30,3000000.00,4.661191,94.84375
10:51:14,91282CJZ5,TSRYS5743662,D,S,C,2024-04-30,13000000.00,4.662744,94.83203
10:51:14,91282CJZ5,TSRYS5743662,D,S,D,2024-04-30,1000000.00,4.661191,94.84375
10:51:14,91282CJZ5,TSRYS5743662,D,S,D,2024-04-30,3000000.00,4.661191,94.84375
10:51:14,91282CJZ5,TSRYS5743662,D,S,D,2024-04-30,1000000.00,4.661191,94.84375
10:51:14,91282CJZ5,TSRYS5743662,D,B,C,2024-04-30,1000000.00,4.661191,94.84375
10:51:14,91282CJZ5,TSRYS5743662,D,S,D,2024-04-30,1000000.00,4.661191,94.84375
10:51:14,91282CJZ5,TSRYS5743662,D,S,T,2024-04-30,1000000.00,4.661191,94.84375
10:51:14,91282CJZ5,TSRYS5743662,D,S,T,2024-04-30,3000000.00,4.661191,94.84375
10:51:17,91282CJZ5,TSRYS5743662,D,S,C,2024-04-30,1000000.00,4.661191,94.84375
10:51:17,91282CJZ5,TSRYS5743662,D,S,C,2024-04-30,1000000.00,4.661191,94.84375
10:51:17,91282CJZ5,TSRYS5743662,D,S,C,2024-04-30,1000000.00,4.661191,94.84375
10:51:19,91282CJZ5,TSRYS5743662,D,S,D,2024-04-30,3000000.00,4.661191,94.84375
10:51:19,91282CJZ5,TSRYS5743662,D,S,D,2024-04-30,1000000.00,4.661191,94.84375
10:51:19,91282CJZ5,TSRYS5743662,D,S,D,2024-04-30,1000000.00,4.661191,94.84375
10:51:19,91282CJZ5,TSRYS5743662,D,S,D,2024-04-30,1000000.00,4.661191,94.84375
10:51:19,91282CJZ5,TSRYS5743662,D,S,D,2024-04-30,4000000.00,4.661191,94.84375
10:51:19,91282CJZ5,TSRYS5743662,D,S,D,2024-04-30,3000000.00,4.661191,94.84375
10:51:19,91282CJZ5,TSRYS5743662,D,S,D,2024-04-30,1000000.00,4.661191,94.84375
10:51:19,91282CJZ5,TSRYS5743662,D,S,D,2024-04-30,2000000.00,4.661191,94.84375
10:51:19,91282CJZ5,TSRYS5743662,D,S,D,2024-04-30,3000000.00,4.661191,94.84375
10:51:20,91282CJZ5,TSRYS5743662,D,B,C,2024-04-30,1000000.00,4.661191,94.84375
10:51:20,91282CJZ5,TSRYS5743662,D,S,C,2024-04-30,1000000.00,4.661191,94.84375
10:51:20,91282CJZ5,TSRYS5743662,D,S,C,2024-04-30,1000000.00,4.661168,94.843925
10:51:20,91282CJZ5,TSRYS5743662,D,S,C,2024-04-30,2000000.00,4.661168,94.843925
10:51:20,91282CJZ5,TSRYS5743662,D,B,C,2024-04-30,2000000.00,4.661191,94.84375
10:51:20,91282CJZ5,TSRYS5743662,D,B,C,2024-04-30,2000000.00,4.661191,94.84375
10:51:22,91282CJZ5,TSRYS5743662,D,S,T,2024-04-30,1000000.00,4.661191,94.84375
10:51:22,91282CJZ5,TSRYS5743662,D,S,C,2024-04-30,4930000.00,4.662226,94.8359375
10:51:23,91282CJZ5,TSRYS5743662,D,S,D,2024-04-30,9655000.00,4.660066,94.85225051616
10:51:23,91282CJZ5,TSRYS5743662,D,S,T,2024-04-30,1000000.00,4.661191,94.84375
10:51:23,91282CJZ5,TSRYS5743662,D,S,T,2024-04-30,3000000.00,4.661191,94.84375
10:51:23,91282CJZ5,TSRYS5743662,D,S,T,2024-04-30,1000000.00,4.661191,94.84375
10:51:23,91282CJZ5,TSRYS5743662,D,S,T,2024-04-30,1000000.00,4.661191,94.84375
10:51:23,91282CJZ5,TSRYS5743662,D,S,T,2024-04-30,1000000.00,4.661191,94.84375
10:51:23,91282CJZ5,TSRYS5743662,D,S,T,2024-04-30,4000000.00,4.661191,94.84375
10:51:23,91282CJZ5,TSRYS5743662,D,S,T,2024-04-30,3000000.00,4.661191,94.84375
10:51:23,91282CJZ5,TSRYS5743662,D,S,T,2024-04-30,1000000.00,4.661191,94.84375
10:51:23,91282CJZ5,TSRYS5743662,D,S,T,2024-04-30,2000000.00,4.661191,94.84375
10:51:23,91282CJZ5,TSRYS5743662,D,S,T,2024-04-30,3000000.00,4.661191,94.84375
10:51:26,91282CJZ5,TSRYS5743662,D,S,T,2024-04-30,5650000.00,4.657053,94.875
10:51:32,91282CJZ5,TSRYS5743662,D,B,C,2024-04-30,1000000.00,4.659639,94.85546875
10:51:32,91282CJZ5,TSRYS5743662,D,S,D,2024-04-30,1000000.00,4.659639,94.85546875
10:51:35,91282CJZ5,TSRYS5743662,D,S,C,2024-04-30,1000000.00,4.661191,94.84375
10:51:35,91282CJZ5,TSRYS5743662,D,S,C,2024-04-30,1000000.00,4.661191,94.84375
10:51:35,91282CJZ5,TSRYS5743662,D,B,C,2024-04-30,1000000.00,4.661231,94.84345
10:51:35,91282CJZ5,TSRYS5743662,D,S,C,2024-04-30,1000000.00,4.661191,94.84375
10:51:35,91282CJZ5,TSRYS5743662,D,S,D,2024-04-30,1000000.00,4.661191,94.84375
10:51:35,91282CJZ5,TSRYS5743662,D,S,D,2024-04-30,1000000.00,4.661191,94.84375
10:51:35,91282CJZ5,TSRYS5743662,D,B,C,2024-04-30,1000000.00,4.661231,94.84345
10:51:35,91282CJZ5,TSRYS5743662,D,S,D,2024-04-30,1000000.00,4.661191,94.84375
10:51:35,91282CJZ5,TSRYS5743662,D,S,C,2024-04-30,1000000.00,4.661191,94.84375
10:51:35,91282CJZ5,TSRYS5743662,D,B,C,2024-04-30,1000000.00,4.661191,94.84375
10:51:35,91282CJZ5,TSRYS5743662,D,B,C,2024-04-30,1000000.00,4.661191,94.84375
10:51:35,91282CJZ5,TSRYS5743662,D,S,C,2024-04-30,2000000.00,4.661191,94.84375
10:51:35,91282CJZ5,TSRYS5743662,D,S,D,2024-04-30,2000000.00,4.661191,94.84375
10:51:35,91282CJZ5,TSRYS5743662,D,S,C,2024-04-30,1000000.00,4.661191,94.84375
10:51:35,91282CJZ5,TSRYS5743662,D,S,D,2024-04-30,1000000.00,4.661191,94.84375
10:51:35,91282CJZ5,TSRYS5743662,D,B,C,2024-04-30,1000000.00,4.661191,94.84375
10:51:35,91282CJZ5,TSRYS5743662,D,S,D,2024-04-30,1000000.00,4.661191,94.84375
10:51:35,91282CJZ5,TSRYS5743662,D,B,C,2024-04-30,1000000.00,4.661191,94.84375
10:51:35,91282CJZ5,TSRYS5743662,D,S,C,2024-04-30,2000000.00,4.661191,94.84375
10:51:35,91282CJZ5,TSRYS5743662,D,S,D,2024-04-30,1000000.00,4.661191,94.84375
10:51:35,91282CJZ5,TSRYS5743662,D,B,C,2024-04-30,3000000.00,4.661191,94.84375
10:51:35,91282CJZ5,TSRYS5743662,D,S,D,2024-04-30,3000000.00,4.661191,94.84375
10:51:46,91282CJZ5,TSRYS5743662,D,S,T,2024-04-30,1000000.00,4.659381,94.857421875
10:51:47,91282CJZ5,TSRYS5743662,D,S,C,2024-04-30,1000000.00,4.659354,94.857621875
10:51:48,91282CJZ5,TSRYS5743662,D,S,C,2024-04-30,1000000.00,4.661191,94.84375
10:51:48,91282CJZ5,TSRYS5743662,D,B,C,2024-04-30,1000000.00,4.661211,94.8436
10:51:48,91282CJZ5,TSRYS5743662,D,B,C,2024-04-30,1000000.00,4.661211,94.8436
10:51:48,91282CJZ5,TSRYS5743662,D,S,C,2024-04-30,1000000.00,4.661152,94.84405
10:51:48,91282CJZ5,TSRYS5743662,D,S,D,2024-04-30,1000000.00,4.661191,94.84375
10:51:48,91282CJZ5,TSRYS5743662,D,B,C,2024-04-30,1000000.00,4.661191,94.84375
10:51:48,91282CJZ5,TSRYS5743662,D,S,C,2024-04-30,1000000.00,4.661191,94.84375
10:51:48,91282CJZ5,TSRYS5743662,D,B,C,2024-04-30,1000000.00,4.661191,94.84375
10:51:48,91282CJZ5,TSRYS5743662,D,S,C,2024-04-30,1000000.00,4.661191,94.84375
10:51:48,91282CJZ5,TSRYS5743662,D,B,C,2024-04-30,1000000.00,4.661231,94.84345
10:51:48,91282CJZ5,TSRYS5743662,D,S,C,2024-04-30,3000000.00,4.661172,94.8439
10:51:48,91282CJZ5,TSRYS5743662,D,S,C,2024-04-30,3000000.00,4.661191,94.84375
10:51:48,91282CJZ5,TSRYS5743662,D,B,C,2024-04-30,3000000.00,4.661191,94.84375
10:51:48,91282CJZ5,TSRYS5743662,D,S,C,2024-04-30,1000000.00,4.661191,94.84375
10:51:50,91282CJZ5,TSRYS5743662,D,S,T,2024-04-30,5650000.00,,94.875
10:51:53,91282CJZ5,TSRYS5743662,D,S,C,2024-04-30,1990000.00,4.661191,94.84375
10:51:54,91282CJZ5,TSRYS5743662,D,S,C,2024-04-30,1847000.00,4.660157,94.8515625
10:52:01,91282CJZ5,TSRYS5743662,D,S,C,2024-04-30,370000.00,4.660157,94.8515625
10:52:11,91282CJZ5,TSRYS5743662,D,S,C,2024-04-30,1000000.00,4.660933,94.845703125
10:52:11,91282CJZ5,TSRYS5743662,D,B,C,2024-04-30,1000000.00,4.660933,94.845703125
10:52:12,91282CJZ5,TSRYS5743662,D,S,A,2024-04-30,37225000.00,4.6599,94.8535
10:52:12,91282CJZ5,TSRYS5743662,D,S,D,2024-04-30,2000000.00,4.660933,94.845703125
10:52:12,91282CJZ5,TSRYS5743662,D,B,C,2024-04-30,2000000.00,4.660953,94.845553125
10:52:16,91282CJZ5,TSRYS5743662,D,B,C,2024-04-30,4965000.00,4.659639,94.85546875
10:52:19,91282CJZ5,TSRYS5743662,D,S,C,2024-04-30,56500000.00,4.661709,94.83984375
10:52:21,91282CJZ5,TSRYS5743662,D,S,C,2024-04-30,1000000.00,4.661191,94.84375
10:52:21,91282CJZ5,TSRYS5743662,D,S,C,2024-04-30,3000000.00,4.661191,94.84375
10:52:21,91282CJZ5,TSRYS5743662,D,S,D,2024-04-30,1000000.00,4.661191,94.84375
10:52:21,91282CJZ5,TSRYS5743662,D,S,C,2024-04-30,1000000.00,4.661172,94.8439
10:52:21,91282CJZ5,TSRYS5743662,D,B,C,2024-04-30,1000000.00,4.661191,94.84375
10:52:21,91282CJZ5,TSRYS5743662,D,B,C,2024-04-30,3000000.00,4.661191,94.84375
10:52:21,91282CJZ5,TSRYS5743662,D,S,C,2024-04-30,3000000.00,4.661191,94.84375
10:52:21,91282CJZ5,TSRYS5743662,D,S,D,2024-04-30,3000000.00,4.661191,94.84375
10:52:21,91282CJZ5,TSRYS5743662,D,B,C,2024-04-30,1000000.00,4.661191,94.84375
10:52:21,91282CJZ5,TSRYS5743662,D,S,D,2024-04-30,1000000.00,4.661191,94.84375
10:52:21,91282CJZ5,TSRYS5743662,D,S,D,2024-04-30,3000000.00,4.661191,94.84375
10:52:21,91282CJZ5,TSRYS5743662,D,B,C,2024-04-30,1000000.00,4.661191,94.84375
10:52:21,91282CJZ5,TSRYS5743662,D,S,D,2024-04-30,1000000.00,4.661191,94.84375
10:52:21,91282CJZ5,TSRYS5743662,D,S,D,2024-04-30,4000000.00,4.661191,94.84375
10:52:21,91282CJZ5,TSRYS5743662,D,B,C,2024-04-30,1000000.00,4.661231,94.84345
10:52:21,91282CJZ5,TSRYS5743662,D,B,C,2024-04-30,1000000.00,4.661191,94.84375
10:52:23,91282CJZ5,TSRYS5743662,D,S,T,2024-04-30,4000000.00,4.659122,94.859375
10:52:23,91282CJZ5,TSRYS5743662,D,S,T,2024-04-30,4000000.00,4.659122,94.859375
10:52:23,91282CJZ5,TSRYS5743662,D,S,T,2024-04-30,2000000.00,4.659122,94.859375
10:52:23,91282CJZ5,TSRYS5743662,D,S,T,2024-04-30,1000000.00,4.659122,94.859375
10:52:23,91282CJZ5,TSRYS5743662,D,S,T,2024-04-30,1000000.00,4.659122,94.859375
10:52:23,91282CJZ5,TSRYS5743662,D,S,T,2024-04-30,2000000.00,4.659122,94.859375
10:52:23,91282CJZ5,TSRYS5743662,D,S,T,2024-04-30,2000000.00,4.659122,94.859375
10:52:23,91282CJZ5,TSRYS5743662,D,S,T,2024-04-30,2000000.00,4.659122,94.859375
10:52:23,91282CJZ5,TSRYS5743662,D,S,T,2024-04-30,2000000.00,4.659122,94.859375
10:52:26,91282CJZ5,TSRYS5743662,D,S,D,2024-04-30,320000.00,4.659639,94.85546875
10:52:27,91282CJZ5,TSRYS5743662,D,S,A,2024-04-30,4000000.00,4.659122,94.859375
10:52:27,91282CJZ5,TSRYS5743662,D,S,A,2024-04-30,2000000.00,4.659122,94.859375
10:52:27,91282CJZ5,TSRYS5743662,D,S,A,2024-04-30,1000000.00,4.659122,94.859375
10:52:28,91282CJZ5,TSRYS5743662,D,S,D,2024-04-30,2000000.00,4.659122,94.859375
10:52:28,91282CJZ5,TSRYS5743662,D,S,D,2024-04-30,7000000.00,4.659122,94.859375
10:52:28,91282CJZ5,TSRYS5743662,D,S,D,2024-04-30,2000000.00,4.659122,94.859375
10:52:28,91282CJZ5,TSRYS5743662,D,S,D,2024-04-30,7000000.00,4.659122,94.859375
10:52:28,91282CJZ5,TSRYS5743662,D,S,D,2024-04-30,2000000.00,4.659122,94.859375
10:52:28,91282CJZ5,TSRYS5743662,D,S,A,2024-04-30,2000000.00,4.659122,94.859375
10:52:28,91282CJZ5,TSRYS5743662,D,S,C,2024-04-30,33000000.00,4.658088,94.8671875
10:52:28,91282CJZ5,TSRYS5743662,D,S,A,2024-04-30,4000000.00,4.659122,94.859375
10:52:29,91282CJZ5,TSRYS5743662,D,S,A,2024-04-30,2000000.00,4.659122,94.859375
10:52:29,91282CJZ5,TSRYS5743662,D,S,A,2024-04-30,2000000.00,4.659122,94.859375
10:52:29,91282CJZ5,TSRYS5743662,D,S,A,2024-04-30,1000000.00,4.659122,94.859375
10:52:29,91282CJZ5,TSRYS5743662,D,S,A,2024-04-30,2000000.00,4.659122,94.859375
10:52:30,91282CJZ5,TSRYS5743662,D,S,D,2024-04-30,26000.00,4.659122,94.859375
10:52:30,91282CJZ5,TSRYS5743662,D,S,C,2024-04-30,26000.00,4.553716,95.659375
10:52:32,91282CJZ5,TSRYS5743662,D,S,C,2024-04-30,1000000.00,4.659898,94.853515625
10:52:32,91282CJZ5,TSRYS5743662,D,B,C,2024-04-30,1000000.00,4.659898,94.853515625
10:52:34,91282CJZ5,TSRYS5743662,D,S,D,2024-04-30,60000.00,4.659122,94.859375
10:52:41,91282CJZ5,TSRYS5743662,D,S,T,2024-04-30,1000000.00,4.661191,94.84375
10:52:41,91282CJZ5,TSRYS5743662,D,S,T,2024-04-30,3000000.00,4.661191,94.84375
10:52:41,91282CJZ5,TSRYS5743662,D,S,C,2024-04-30,1000000.00,4.660933,94.845703125
10:52:41,91282CJZ5,TSRYS5743662,D,B,C,2024-04-30,1000000.00,4.660953,94.845553125
10:52:42,91282CJZ5,TSRYS5743662,D,S,D,2024-04-30,1000000.00,4.661191,94.84375
10:52:42,91282CJZ5,TSRYS5743662,D,S,T,2024-04-30,1000000.00,4.661191,94.84375
10:52:42,91282CJZ5,TSRYS5743662,D,S,T,2024-04-30,1000000.00,4.661191,94.84375
10:52:42,91282CJZ5,TSRYS5743662,D,B,C,2024-04-30,1000000.00,4.661211,94.8436
10:52:42,91282CJZ5,TSRYS5743662,D,S,D,2024-04-30,3000000.00,4.661175,94.843875
10:52:42,91282CJZ5,TSRYS5743662,D,S,T,2024-04-30,1000000.00,4.661191,94.84375
10:52:42,91282CJZ5,TSRYS5743662,D,S,T,2024-04-30,1000000.00,4.661191,94.84375
10:52:46,91282CJZ5,TSRYS5743662,D,S,D,2024-04-30,1000000.00,4.661191,94.84375
10:52:53,91282CJZ5,TSRYS5743662,D,S,D,2024-04-30,33000000.00,4.661191,94.84375
10:52:59,91282CJZ5,TSRYS5743662,D,S,C,2024-04-30,1000000.00,4.661709,94.83984375
10:52:59,91282CJZ5,TSRYS5743662,D,S,C,2024-04-30,2000000.00,4.661709,94.83984375
10:52:59,91282CJZ5,TSRYS5743662,D,S,D,2024-04-30,3000000.00,4.661709,94.83984375
10:53:03,91282CJZ5,TSRYS5743662,D,S,D,2024-04-30,1000000.00,4.662226,94.8359375
10:53:03,91282CJZ5,TSRYS5743662,D,B,C,2024-04-30,1000000.00,4.662226,94.8359375
10:53:03,91282CJZ5,TSRYS5743662,D,S,T,2024-04-30,3000000.00,4.661709,94.83984375
10:53:06,91282CJZ5,TSRYS5743662,D,S,C,2024-04-30,1000000.00,4.661191,94.84375
10:53:06,91282CJZ5,TSRYS5743662,D,S,C,2024-04-30,1000000.00,4.661191,94.84375
10:53:06,91282CJZ5,TSRYS5743662,D,B,C,2024-04-30,1000000.00,4.661191,94.84375
10:53:06,91282CJZ5,TSRYS5743662,D,B,C,2024-04-30,1000000.00,4.661191,94.84375
10:53:11,91282CJZ5,TSRYS5743662,D,S,T,2024-04-30,1000000.00,4.661191,94.84375
10:53:11,91282CJZ5,TSRYS5743662,D,S,D,2024-04-30,1000000.00,4.661175,94.843875
10:53:14,91282CJZ5,TSRYS5743662,D,B,C,2024-04-30,1000000.00,4.661191,94.84375
10:53:14,91282CJZ5,TSRYS5743662,D,S,T,2024-04-30,1000000.00,4.661191,94.84375
10:53:14,91282CJZ5,TSRYS5743662,D,S,T,2024-04-30,1000000.00,4.661191,94.84375
10:53:14,91282CJZ5,TSRYS5743662,D,S,T,2024-04-30,1000000.00,4.661191,94.84375
10:53:14,91282CJZ5,TSRYS5743662,D,S,T,2024-04-30,2000000.00,4.661191,94.84375
10:53:14,91282CJZ5,TSRYS5743662,D,S,T,2024-04-30,2000000.00,4.661191,94.84375
10:53:14,91282CJZ5,TSRYS5743662,D,S,T,2024-04-30,1000000.00,4.661191,94.84375
10:53:14,91282CJZ5,TSRYS5743662,D,S,T,2024-04-30,1000000.00,4.661191,94.84375
10:53:14,91282CJZ5,TSRYS5743662,D,S,T,2024-04-30,1000000.00,4.661191,94.84375
10:53:14,91282CJZ5,TSRYS5743662,D,S,T,2024-04-30,1000000.00,4.661191,94.84375
10:53:14,91282CJZ5,TSRYS5743662,D,S,T,2024-04-30,4000000.00,4.661191,94.84375
10:53:14,91282CJZ5,TSRYS5743662,D,S,T,2024-04-30,1000000.00,4.661191,94.84375
10:53:14,91282CJZ5,TSRYS5743662,D,S,T,2024-04-30,2000000.00,4.661191,94.84375
10:53:14,91282CJZ5,TSRYS5743662,D,S,T,2024-04-30,3000000.00,4.661191,94.84375
10:53:14,91282CJZ5,TSRYS5743662,D,S,D,2024-04-30,1000000.00,4.661191,94.84375
10:53:15,91282CJZ5,TSRYS5743662,D,S,D,2024-04-30,2000000.00,4.661191,94.84375
10:53:15,91282CJZ5,TSRYS5743662,D,S,T,2024-04-30,1000000.00,4.661191,94.84375
10:53:15,91282CJZ5,TSRYS5743662,D,S,T,2024-04-30,1000000.00,4.661191,94.84375
10:53:17,91282CJZ5,TSRYS5743662,D,B,C,2024-04-30,1000000.00,4.660933,94.845703125
10:53:17,91282CJZ5,TSRYS5743662,D,S,C,2024-04-30,1000000.00,4.660933,94.845703125
10:53:21,91282CJZ5,TSRYS5743662,D,S,C,2024-04-30,1000000.00,4.661191,94.84375
10:53:21,91282CJZ5,TSRYS5743662,D,S,C,2024-04-30,1000000.00,4.661191,94.84375
10:53:21,91282CJZ5,TSRYS5743662,D,B,C,2024-04-30,1000000.00,4.661191,94.84375
10:53:21,91282CJZ5,TSRYS5743662,D,S,D,2024-04-30,1000000.00,4.661161,94.843977
10:53:21,91282CJZ5,TSRYS5743662,D,S,D,2024-04-30,1000000.00,4.661161,94.843977
10:53:21,91282CJZ5,TSRYS5743662,D,S,C,2024-04-30,1000000.00,4.661191,94.84375
10:53:26,91282CJZ5,TSRYS5743662,D,S,D,2024-04-30,1000000.00,4.661191,94.84375
10:53:26,91282CJZ5,TSRYS5743662,D,B,C,2024-04-30,1000000.00,4.661191,94.84355
10:53:53,91282CJZ5,TSRYS5743662,D,S,T,2024-04-30,1000000.00,4.662226,94.8359375
10:53:53,91282CJZ5,TSRYS5743662,D,S,D,2024-04-30,2000000.00,4.66221,94.8360625
10:53:53,91282CJZ5,TSRYS5743662,D,B,C,2024-04-30,2000000.00,4.662253,94.8357375
10:53:55,91282CJZ5,TSRYS5743662,D,B,C,2024-04-30,1000000.00,4.663261,94.828125
10:53:55,91282CJZ5,TSRYS5743662,D,S,D,2024-04-30,1000000.00,4.663261,94.828125
10:53:55,91282CJZ5,TSRYS5743662,D,S,D,2024-04-30,1000000.00,4.663261,94.828125
10:53:55,91282CJZ5,TSRYS5743662,D,B,C,2024-04-30,1000000.00,4.663261,94.828125
10:53:55,91282CJZ5,TSRYS5743662,D,S,D,2024-04-30,1000000.00,4.663248,94.828225
10:53:55,91282CJZ5,TSRYS5743662,D,S,D,2024-04-30,3000000.00,4.663244,94.82825
10:53:55,91282CJZ5,TSRYS5743662,D,B,C,2024-04-30,4000000.00,4.663287,94.827925
10:53:58,91282CJZ5,TSRYS5743662,D,B,C,2024-04-30,1000000.00,4.663281,94.827975
10:53:58,91282CJZ5,TSRYS5743662,D,S,D,2024-04-30,1000000.00,4.662226,94.8359375
10:53:58,91282CJZ5,TSRYS5743662,D,S,D,2024-04-30,1000000.00,4.663261,94.828125
10:53:59,91282CJZ5,TSRYS5743662,D,S,T,2024-04-30,2000000.00,4.663261,94.828125
10:54:00,91282CJZ5,TSRYS5743662,D,S,T,2024-04-30,1000000.00,4.663261,94.828125
10:54:00,91282CJZ5,TSRYS5743662,D,S,D,2024-04-30,1000000.00,4.663261,94.828125
10:54:00,91282CJZ5,TSRYS5743662,D,B,C,2024-04-30,1000000.00,4.663261,94.828125
10:54:01,91282CJZ5,TSRYS5743662,D,S,C,2024-04-30,1000000.00,4.66352,94.826171875
10:54:01,91282CJZ5,TSRYS5743662,D,B,C,2024-04-30,1000000.00,4.66352,94.826171875
10:54:02,91282CJZ5,TSRYS5743662,D,S,D,2024-04-30,80000.00,4.665331,94.8125
10:54:04,91282CJZ5,TSRYS5743662,D,S,C,2024-04-30,1000000.00,4.661178,94.84385
10:54:04,91282CJZ5,TSRYS5743662,D,S,C,2024-04-30,1000000.00,4.661191,94.84375
10:54:04,91282CJZ5,TSRYS5743662,D,S,C,2024-04-30,3000000.00,4.661191,94.84375
10:54:04,91282CJZ5,TSRYS5743662,D,B,C,2024-04-30,3000000.00,4.661231,94.84345
10:54:04,91282CJZ5,TSRYS5743662,D,B,C,2024-04-30,4000000.00,4.661231,94.84345
10:54:04,91282CJZ5,TSRYS5743662,D,S,C,2024-04-30,4000000.00,4.661162,94.843975
10:54:04,91282CJZ5,TSRYS5743662,D,B,C,2024-04-30,2000000.00,4.661231,94.84345
10:54:04,91282CJZ5,TSRYS5743662,D,S,C,2024-04-30,1000000.00,4.661191,94.84375
10:54:04,91282CJZ5,TSRYS5743662,D,B,C,2024-04-30,1000000.00,4.661231,94.84345
10:54:04,91282CJZ5,TSRYS5743662,D,S,D,2024-04-30,2000000.00,4.661191,94.84375
10:54:04,91282CJZ5,TSRYS5743662,D,S,D,2024-04-30,1000000.00,4.663778,94.82421875
10:54:06,91282CJZ5,TSRYS5743662,D,S,C,2024-04-30,3000000.00,4.663778,94.82421875
10:54:18,91282CJZ5,TSRYS5743662,D,B,A,2024-04-30,1000000.00,4.662744,94.83203125
10:54:21,91282CJZ5,TSRYS5743662,D,S,C,2024-04-30,10000000.00,4.663261,94.828125
10:54:21,91282CJZ5,TSRYS5743662,D,S,D,2024-04-30,80000.00,4.663261,94.828125
10:54:21,91282CJZ5,TSRYS5743662,D,S,T,2024-04-30,2000000.00,4.663261,94.828125
10:54:22,91282CJZ5,TSRYS5743662,D,S,C,2024-04-30,205000.00,4.662744,94.83203125
10:54:23,91282CJZ5,TSRYS5743662,D,S,T,2024-04-30,2000000.00,4.662744,94.83203125
10:54:23,91282CJZ5,TSRYS5743662,D,S,T,2024-04-30,2000000.00,4.662744,94.83203125
10:54:23,91282CJZ5,TSRYS5743662,D,S,T,2024-04-30,2000000.00,4.663002,94.830078125
10:54:23,91282CJZ5,TSRYS5743662,D,S,T,2024-04-30,1000000.00,4.662744,94.83203125
10:54:23,91282CJZ5,TSRYS5743662,D,S,D,2024-04-30,2000000.00,4.662986,94.830203125
10:54:23,91282CJZ5,TSRYS5743662,D,B,C,2024-04-30,1000000.00,4.662744,94.83203125
10:54:23,91282CJZ5,TSRYS5743662,D,S,D,2024-04-30,1000000.00,4.662727,94.83215625
10:54:23,91282CJZ5,TSRYS5743662,D,S,D,2024-04-30,1000000.00,4.662727,94.83215625
10:54:24,91282CJZ5,TSRYS5743662,D,S,T,2024-04-30,1000000.00,4.663261,94.828125
10:54:24,91282CJZ5,TSRYS5743662,D,S,C,2024-04-30,3000000.00,4.662744,94.83203125
10:54:24,91282CJZ5,TSRYS5743662,D,S,T,2024-04-30,2000000.00,4.663261,94.828125
10:54:25,91282CJZ5,TSRYS5743662,D,S,T,2024-04-30,1000000.00,4.663261,94.828125
10:54:25,91282CJZ5,TSRYS5743662,D,S,T,2024-04-30,1000000.00,4.663261,94.828125
10:54:25,91282CJZ5,TSRYS5743662,D,B,C,2024-04-30,314000.00,4.662648,94.83163125
10:54:28,91282CJZ5,TSRYS5743662,D,S,D,2024-04-30,2000000.00,4.662744,94.83203125
10:54:28,91282CJZ5,TSRYS5743662,D,S,D,2024-04-30,2000000.00,4.662744,94.83203125
10:54:30,91282CJZ5,TSRYS5743662,D,B,C,2024-04-30,1850000.00,4.663778,94.82421875
10:54:31,91282CJZ5,TSRYS5743662,D,S,D,2024-04-30,1000000.00,4.66352,94.826171875
10:54:31,91282CJZ5,TSRYS5743662,D,B,C,2024-04-30,1000000.00,4.66352,94.826171875
10:54:31,91282CJZ5,TSRYS5743662,D,S,D,2024-04-30,1000000.00,4.66352,94.826171875
10:54:31,91282CJZ5,TSRYS5743662,D,B,C,2024-04-30,1000000.00,4.66352,94.826171875
10:54:36,91282CJZ5,TSRYS5743662,D,S,C,2024-04-30,1000000.00,4.661191,94.84375
10:54:36,91282CJZ5,TSRYS5743662,D,S,C,2024-04-30,4000000.00,4.661168,94.843925
10:54:36,91282CJZ5,TSRYS5743662,D,S,C,2024-04-30,1000000.00,4.661191,94.84375
10:54:36,91282CJZ5,TSRYS5743662,D,S,C,2024-04-30,1000000.00,4.661191,94.84375
10:54:36,91282CJZ5,TSRYS5743662,D,S,C,2024-04-30,1000000.00,4.661191,94.84375
10:54:36,91282CJZ5,TSRYS5743662,D,S,C,2024-04-30,1000000.00,4.661191,94.84375
10:54:36,91282CJZ5,TSRYS5743662,D,S,C,2024-04-30,1000000.00,4.661191,94.84375
10:54:36,91282CJZ5,TSRYS5743662,D,S,C,2024-04-30,1000000.00,4.661191,94.84375
10:54:36,91282CJZ5,TSRYS5743662,D,B,C,2024-04-30,1000000.00,4.661231,94.84345
10:54:36,91282CJZ5,TSRYS5743662,D,S,C,2024-04-30,1000000.00,4.661191,94.84375
10:54:36,91282CJZ5,TSRYS5743662,D,B,C,2024-04-30,1000000.00,4.661231,94.84345
10:54:36,91282CJZ5,TSRYS5743662,D,S,C,2024-04-30,1000000.00,4.661191,94.84375
10:54:36,91282CJZ5,TSRYS5743662,D,S,D,2024-04-30,2000000.00,4.661191,94.84375
10:54:36,91282CJZ5,TSRYS5743662,D,S,D,2024-04-30,1000000.00,4.661191,94.84375
10:54:36,91282CJZ5,TSRYS5743662,D,S,D,2024-04-30,1000000.00,4.661191,94.84375
10:54:36,91282CJZ5,TSRYS5743662,D,B,C,2024-04-30,1000000.00,4.661191,94.84375
10:54:36,91282CJZ5,TSRYS5743662,D,S,D,2024-04-30,2000000.00,4.661191,94.84375
10:54:36,91282CJZ5,TSRYS5743662,D,B,C,2024-04-30,1000000.00,4.663261,94.828125
10:54:38,91282CJZ5,TSRYS5743662,D,S,D,2024-04-30,1000000.00,4.664269,94.8205125
10:54:38,91282CJZ5,TSRYS5743662,D,B,C,2024-04-30,1000000.00,4.664322,94.8201125
10:54:38,91282CJZ5,TSRYS5743662,D,S,D,2024-04-30,1000000.00,4.664269,94.8205125
10:54:39,91282CJZ5,TSRYS5743662,D,B,C,2024-04-30,1000000.00,4.664296,94.8203125
10:54:40,91282CJZ5,TSRYS5743662,D,S,T,2024-04-30,1000000.00,4.663261,94.828125
10:54:47,91282CJZ5,TSRYS5743662,D,S,C,2024-04-30,1000000.00,4.663778,94.82421875
10:54:47,91282CJZ5,TSRYS5743662,D,S,D,2024-04-30,1000000.00,4.663778,94.82421875
10:54:50,91282CJZ5,TSRYS5743662,D,S,D,2024-04-30,1000000.00,4.663778,94.82421875
10:54:51,91282CJZ5,TSRYS5743662,D,S,D,2024-04-30,3000000.00,4.661191,94.84375
10:54:51,91282CJZ5,TSRYS5743662,D,B,C,2024-04-30,2000000.00,4.663261,94.828125
10:54:51,91282CJZ5,TSRYS5743662,D,B,C,2024-04-30,1000000.00,4.663261,94.828125
10:54:51,91282CJZ5,TSRYS5743662,D,S,C,2024-04-30,1000000.00,4.663248,94.828225
10:54:51,91282CJZ5,TSRYS5743662,D,S,D,2024-04-30,2000000.00,4.663261,94.828125
10:54:51,91282CJZ5,TSRYS5743662,D,S,C,2024-04-30,1000000.00,4.663234,94.828325
10:54:51,91282CJZ5,TSRYS5743662,D,B,C,2024-04-30,1000000.00,4.663261,94.828125
10:54:51,91282CJZ5,TSRYS5743662,D,S,C,2024-04-30,1000000.00,4.663234,94.828325
10:54:51,91282CJZ5,TSRYS5743662,D,S,C,2024-04-30,1000000.00,4.663234,94.828325
10:54:51,91282CJZ5,TSRYS5743662,D,S,C,2024-04-30,1000000.00,4.663234,94.828325
10:54:51,91282CJZ5,TSRYS5743662,D,B,C,2024-04-30,2000000.00,4.663261,94.828125
10:54:51,91282CJZ5,TSRYS5743662,D,B,C,2024-04-30,1000000.00,4.663261,94.828125
10:54:51,91282CJZ5,TSRYS5743662,D,S,C,2024-04-30,2000000.00,4.663234,94.828325
10:54:51,91282CJZ5,TSRYS5743662,D,S,C,2024-04-30,2000000.00,4.663234,94.828325
10:54:51,91282CJZ5,TSRYS5743662,D,B,C,2024-04-30,1000000.00,4.663301,94.827825
10:54:51,91282CJZ5,TSRYS5743662,D,S,C,2024-04-30,1000000.00,4.663234,94.828325
10:54:51,91282CJZ5,TSRYS5743662,D,S,D,2024-04-30,1000000.00,4.663261,94.828125
10:54:51,91282CJZ5,TSRYS5743662,D,S,D,2024-04-30,1000000.00,4.663261,94.828125
10:54:51,91282CJZ5,TSRYS5743662,D,B,C,2024-04-30,1000000.00,4.663261,94.828125
10:54:51,91282CJZ5,TSRYS5743662,D,B,C,2024-04-30,1000000.00,4.663261,94.828125
10:54:51,91282CJZ5,TSRYS5743662,D,B,C,2024-04-30,1000000.00,4.663261,94.828125
10:54:52,91282CJZ5,TSRYS5743662,D,S,D,2024-04-30,4900000.00,4.664296,94.8203125
10:54:52,91282CJZ5,TSRYS5743662,D,S,T,2024-04-30,4900000.00,4.664296,94.8203125
10:54:53,91282CJZ5,TSRYS5743662,D,S,D,2024-04-30,4900000.00,4.664296,94.8203125
10:55:05,91282CJZ5,TSRYS5743662,D,S,C,2024-04-30,1000000.00,4.66352,94.826171875
10:55:06,91282CJZ5,TSRYS5743662,D,S,C,2024-04-30,1000000.00,4.663248,94.828225
10:55:06,91282CJZ5,TSRYS5743662,D,S,C,2024-04-30,1000000.00,4.663261,94.828125
10:55:06,91282CJZ5,TSRYS5743662,D,B,C,2024-04-30,1000000.00,4.663261,94.828125
10:55:06,91282CJZ5,TSRYS5743662,D,B,C,2024-04-30,1000000.00,4.663261,94.828125
10:55:06,91282CJZ5,TSRYS5743662,D,S,D,2024-04-30,1000000.00,4.663231,94.828352
10:55:06,91282CJZ5,TSRYS5743662,D,S,D,2024-04-30,2000000.00,4.663231,94.828352
10:55:06,91282CJZ5,TSRYS5743662,D,S,D,2024-04-30,2000000.00,4.663261,94.828125
10:55:06,91282CJZ5,TSRYS5743662,D,S,C,2024-04-30,1000000.00,4.663261,94.828125
10:55:06,91282CJZ5,TSRYS5743662,D,S,C,2024-04-30,1000000.00,4.663261,94.828125
10:55:06,91282CJZ5,TSRYS5743662,D,S,D,2024-04-30,1000000.00,4.663231,94.828352
10:55:06,91282CJZ5,TSRYS5743662,D,S,C,2024-04-30,1000000.00,4.663248,94.828225
10:55:06,91282CJZ5,TSRYS5743662,D,B,C,2024-04-30,1000000.00,4.663261,94.828125
10:55:07,91282CJZ5,TSRYS5743662,D,S,C,2024-04-30,4481000.00,4.665182,94.8125
10:55:08,91282CJZ5,TSRYS5743662,D,B,A,2024-04-30,10000.00,4.665331,94.8125
10:55:08,91282CJZ5,TSRYS5743662,D,S,C,2024-04-30,6850000.00,4.664296,94.8203125
10:55:08,91282CJZ5,TSRYS5743662,D,S,C,2024-04-30,1600000.00,4.664296,94.8203125
10:55:08,91282CJZ5,TSRYS5743662,D,B,A,2024-04-30,6850000.00,4.664296,94.8203125
10:55:09,91282CJZ5,TSRYS5743662,D,S,D,2024-04-30,4900000.00,4.664296,94.8203125
10:55:09,91282CJZ5,TSRYS5743662,D,S,C,2024-04-30,9600000.00,4.664296,94.8203125
10:55:10,91282CJZ5,TSRYS5743662,D,S,D,2024-04-30,10610000.00,4.665331,94.8125
10:55:10,91282CJZ5,TSRYS5743662,D,S,T,2024-04-30,1000000.00,4.66352,94.826171875
10:55:10,91282CJZ5,TSRYS5743662,D,S,T,2024-04-30,1000000.00,4.663261,94.828125
10:55:13,91282CJZ5,TSRYS5743662,D,S,D,2024-04-30,1000000.00,4.663778,94.82421875
10:55:15,91282CJZ5,TSRYS5743662,D,S,D,2024-04-30,1000000.00,4.663778,94.82421875
10:55:16,91282CJZ5,TSRYS5743662,D,B,C,2024-04-30,100000.00,4.66352,94.826171875
10:55:16,91282CJZ5,TSRYS5743662,D,S,D,2024-04-30,100000.00,4.663261,94.828125
10:55:16,91282CJZ5,TSRYS5743662,D,S,D,2024-04-30,100000.00,4.663261,94.828125
10:55:20,91282CJZ5,TSRYS5743662,D,S,T,2024-04-30,1000000.00,4.663778,94.82421875
10:55:21,91282CJZ5,TSRYS5743662,D,S,C,2024-04-30,1000000.00,4.663208,94.828525
10:55:24,91282CJZ5,TSRYS5743662,D,S,D,2024-04-30,415000.00,4.665331,94.8125
10:55:25,91282CJZ5,TSRYS5743662,D,S,A,2024-04-30,3000000.00,4.664296,94.8203125
10:55:26,91282CJZ5,TSRYS5743662,D,B,A,2024-04-30,3000000.00,4.663778,94.82421875
10:55:27,91282CJZ5,TSRYS5743662,D,S,A,2024-04-30,199000.00,4.664296,94.8203125
10:55:28,91282CJZ5,TSRYS5743662,D,B,C,2024-04-30,1000000.00,4.663778,94.82421875
10:55:28,91282CJZ5,TSRYS5743662,D,S,C,2024-04-30,1000000.00,4.663778,94.82421875
10:55:28,91282CJZ5,TSRYS5743662,D,B,C,2024-04-30,1000000.00,4.663533,94.826071875
10:55:28,91282CJZ5,TSRYS5743662,D,S,C,2024-04-30,2000000.00,4.66352,94.826171875
10:55:29,91282CJZ5,TSRYS5743662,D,B,C,2024-04-30,2000000.00,4.663274,94.828025
10:55:29,91282CJZ5,TSRYS5743662,D,B,C,2024-04-30,1000000.00,4.663261,94.828125
10:55:29,91282CJZ5,TSRYS5743662,D,S,C,2024-04-30,4000000.00,4.663261,94.828125
10:55:29,91282CJZ5,TSRYS5743662,D,S,D,2024-04-30,2000000.00,4.663261,94.828125
10:55:30,91282CJZ5,TSRYS5743662,D,S,T,2024-04-30,1000000.00,4.663261,94.828125
10:55:30,91282CJZ5,TSRYS5743662,D,S,T,2024-04-30,1000000.00,4.66352,94.826171875
10:55:31,91282CJZ5,TSRYS5743662,D,S,T,2024-04-30,1000000.00,4.663778,94.82421875
10:55:33,91282CJZ5,TSRYS5743662,D,B,C,2024-04-30,1000000.00,4.663261,94.828125
10:55:33,91282CJZ5,TSRYS5743662,D,S,C,2024-04-30,1000000.00,4.663261,94.828125
10:55:33,91282CJZ5,TSRYS5743662,D,B,C,2024-04-30,1000000.00,4.663261,94.828125
10:55:33,91282CJZ5,TSRYS5743662,D,S,C,2024-04-30,1000000.00,4.663261,94.828125
10:55:33,91282CJZ5,TSRYS5743662,D,B,C,2024-04-30,1000000.00,4.663261,94.82795
10:55:33,91282CJZ5,TSRYS5743662,D,S,C,2024-04-30,1000000.00,4.663261,94.828125
10:55:33,91282CJZ5,TSRYS5743662,D,B,C,2024-04-30,1000000.00,4.663261,94.82795
10:55:33,91282CJZ5,TSRYS5743662,D,S,C,2024-04-30,1000000.00,4.663261,94.828125
10:55:33,91282CJZ5,TSRYS5743662,D,S,C,2024-04-30,1000000.00,4.663261,94.828125
10:55:33,91282CJZ5,TSRYS5743662,D,B,C,2024-04-30,1000000.00,4.663261,94.828125
10:55:33,91282CJZ5,TSRYS5743662,D,S,C,2024-04-30,1000000.00,4.663261,94.828125
10:55:33,91282CJZ5,TSRYS5743662,D,S,C,2024-04-30,1000000.00,4.663002,94.830078125
10:55:33,91282CJZ5,TSRYS5743662,D,S,T,2024-04-30,2000000.00,4.663261,94.828125
10:55:35,91282CJZ5,TSRYS5743662,D,S,D,2024-04-30,1000000.00,4.663002,94.830078125
10:55:43,91282CJZ5,TSRYS5743662,D,S,D,2024-04-30,415000.00,4.665331,94.8125
10:55:46,91282CJZ5,TSRYS5743662,D,S,T,2024-04-30,1000000.00,4.663261,94.828125
10:55:46,91282CJZ5,TSRYS5743662,D,S,T,2024-04-30,1000000.00,4.663261,94.828125
10:55:46,91282CJZ5,TSRYS5743662,D,S,T,2024-04-30,1000000.00,4.663261,94.828125
10:55:46,91282CJZ5,TSRYS5743662,D,S,T,2024-04-30,2000000.00,4.663261,94.828125
10:55:46,91282CJZ5,TSRYS5743662,D,S,T,2024-04-30,1000000.00,4.663261,94.828125
10:55:46,91282CJZ5,TSRYS5743662,D,S,T,2024-04-30,1000000.00,4.663261,94.828125
10:55:46,91282CJZ5,TSRYS5743662,D,S,T,2024-04-30,1000000.00,4.663261,94.828125
10:55:46,91282CJZ5,TSRYS5743662,D,S,T,2024-04-30,1000000.00,4.663261,94.828125
10:55:46,91282CJZ5,TSRYS5743662,D,S,T,2024-04-30,1000000.00,4.663261,94.828125
10:55:46,91282CJZ5,TSRYS5743662,D,S,D,2024-04-30,3000000.00,4.663244,94.82825
10:55:46,91282CJZ5,TSRYS5743662,D,B,C,2024-04-30,3000000.00,4.663261,94.828125
10:55:50,91282CJZ5,TSRYS5743662,D,S,T,2024-04-30,1000000.00,4.663261,94.828125
10:55:50,91282CJZ5,TSRYS5743662,D,S,C,2024-04-30,5000000.00,4.663778,94.82421875
10:55:51,91282CJZ5,TSRYS5743662,D,B,A,2024-04-30,5000000.00,4.663778,94.82421875
10:55:51,91282CJZ5,TSRYS5743662,D,S,C,2024-04-30,1000000.00,4.663261,94.828125
10:55:51,91282CJZ5,TSRYS5743662,D,B,C,2024-04-30,1000000.00,4.663301,94.827825
10:55:51,91282CJZ5,TSRYS5743662,D,S,D,2024-04-30,1000000.00,4.663261,94.828125
10:55:51,91282CJZ5,TSRYS5743662,D,B,C,2024-04-30,1000000.00,4.663261,94.828125
10:55:51,91282CJZ5,TSRYS5743662,D,S,D,2024-04-30,1000000.00,4.663261,94.828125
10:55:51,91282CJZ5,TSRYS5743662,D,B,C,2024-04-30,2000000.00,4.663261,94.828125
10:55:51,91282CJZ5,TSRYS5743662,D,S,D,2024-04-30,1000000.00,4.663261,94.828125
10:55:51,91282CJZ5,TSRYS5743662,D,S,C,2024-04-30,1565000.00,4.663778,94.82421875
10:55:53,91282CJZ5,TSRYS5743662,D,B,C,2024-04-30,1000000.00,4.663261,94.828125
10:55:54,91282CJZ5,TSRYS5743662,D,S,D,2024-04-30,1000000.00,4.663778,94.82421875
10:55:55,91282CJZ5,TSRYS5743662,D,S,D,2024-04-30,1470000.00,4.663261,94.828125
10:55:55,91282CJZ5,TSRYS5743662,D,S,D,2024-04-30,1470000.00,4.663208,94.828525
10:55:55,91282CJZ5,TSRYS5743662,D,S,D,2024-04-30,1565000.00,4.663831,94.82381875
10:56:01,91282CJZ5,TSRYS5743662,D,B,C,2024-04-30,6850000.00,4.664296,94.8203125
10:56:01,91282CJZ5,TSRYS5743662,D,S,A,2024-04-30,6850000.00,4.664296,94.8203125
10:56:02,91282CJZ5,TSRYS5743662,D,S,D,2024-04-30,1000000.00,4.664296,94.8203125
10:56:02,91282CJZ5,TSRYS5743662,D,B,C,2024-04-30,1000000.00,4.664296,94.8203125
10:56:02,91282CJZ5,TSRYS5743662,D,S,C,2024-04-30,1000000.00,4.664296,94.8203125
10:56:02,91282CJZ5,TSRYS5743662,D,B,C,2024-04-30,1000000.00,4.664296,94.8203125
10:56:02,91282CJZ5,TSRYS5743662,D,S,C,2024-04-30,1000000.00,4.664296,94.8203125
10:56:02,91282CJZ5,TSRYS5743662,D,B,C,2024-04-30,1000000.00,4.664296,94.8203125
10:56:02,91282CJZ5,TSRYS5743662,D,B,C,2024-04-30,1000000.00,4.664296,94.8203125
10:56:02,91282CJZ5,TSRYS5743662,D,S,D,2024-04-30,1000000.00,4.664296,94.8203125
10:56:04,91282CJZ5,TSRYS5743662,D,S,C,2024-04-30,1000000.00,4.664296,94.8203125
10:56:04,91282CJZ5,TSRYS5743662,D,B,C,2024-04-30,1000000.00,4.664296,94.8201125
10:56:04,91282CJZ5,TSRYS5743662,D,S,C,2024-04-30,1000000.00,4.664296,94.8203125
10:56:04,91282CJZ5,TSRYS5743662,D,B,C,2024-04-30,1000000.00,4.664296,94.8201125
10:56:05,91282CJZ5,TSRYS5743662,D,B,C,2024-04-30,1000000.00,4.663301,94.827825
10:56:05,91282CJZ5,TSRYS5743662,D,S,D,2024-04-30,1000000.00,4.663261,94.828125
10:56:05,91282CJZ5,TSRYS5743662,D,S,D,2024-04-30,1000000.00,4.663261,94.828125
10:56:05,91282CJZ5,TSRYS5743662,D,B,C,2024-04-30,1000000.00,4.663261,94.828125
10:56:05,91282CJZ5,TSRYS5743662,D,S,D,2024-04-30,1000000.00,4.663261,94.828125
10:56:05,91282CJZ5,TSRYS5743662,D,B,C,2024-04-30,1000000.00,4.663301,94.827825
10:56:05,91282CJZ5,TSRYS5743662,D,S,D,2024-04-30,1000000.00,4.663261,94.828125
10:56:13,91282CJZ5,TSRYS5743662,D,S,D,2024-04-30,1000000.00,4.664279,94.8204375
10:56:13,91282CJZ5,TSRYS5743662,D,B,C,2024-04-30,1000000.00,4.664296,94.8203125
10:56:13,91282CJZ5,TSRYS5743662,D,S,C,2024-04-30,8500000.00,4.664296,94.8203125
10:56:16,91282CJZ5,TSRYS5743662,D,S,D,2024-04-30,2940000.00,4.665331,94.8125
10:56:17,91282CJZ5,TSRYS5743662,D,B,C,2024-04-30,3000000.00,4.663261,94.828125
10:56:17,91282CJZ5,TSRYS5743662,D,S,D,2024-04-30,15000.00,4.663778,94.82421875
10:56:17,91282CJZ5,TSRYS5743662,D,S,C,2024-04-30,1000000.00,4.664296,94.8203125
10:56:17,91282CJZ5,TSRYS5743662,D,B,C,2024-04-30,1000000.00,4.664296,94.8203125
10:56:17,91282CJZ5,TSRYS5743662,D,S,C,2024-04-30,1000000.00,4.664296,94.8203125
10:56:17,91282CJZ5,TSRYS5743662,D,B,C,2024-04-30,1000000.00,4.664296,94.8203125
10:56:18,91282CJZ5,TSRYS5743662,D,S,T,2024-04-30,1000000.00,4.664296,94.8203125
10:56:19,91282CJZ5,TSRYS5743662,D,S,T,2024-04-30,1000000.00,4.664296,94.8203125
10:56:19,91282CJZ5,TSRYS5743662,D,S,D,2024-04-30,2000000.00,4.664279,94.8204375
10:56:19,91282CJZ5,TSRYS5743662,D,S,C,2024-04-30,1000000.00,4.664296,94.8203125
10:56:19,91282CJZ5,TSRYS5743662,D,B,C,2024-04-30,3000000.00,4.664296,94.8203125
10:56:19,91282CJZ5,TSRYS5743662,D,B,C,2024-04-30,1000000.00,4.664296,94.8203125
10:56:20,91282CJZ5,TSRYS5743662,D,S,C,2024-04-30,1000000.00,4.664296,94.8203125
10:56:20,91282CJZ5,TSRYS5743662,D,B,C,2024-04-30,1000000.00,4.663261,94.828125
10:56:20,91282CJZ5,TSRYS5743662,D,B,C,2024-04-30,2000000.00,4.663261,94.828125
10:56:20,91282CJZ5,TSRYS5743662,D,B,C,2024-04-30,1000000.00,4.663261,94.828125
10:56:20,91282CJZ5,TSRYS5743662,D,S,D,2024-04-30,1000000.00,4.663261,94.828125
10:56:20,91282CJZ5,TSRYS5743662,D,S,D,2024-04-30,1000000.00,4.663261,94.828125
10:56:20,91282CJZ5,TSRYS5743662,D,S,D,2024-04-30,1000000.00,4.663261,94.828125
10:56:20,91282CJZ5,TSRYS5743662,D,S,D,2024-04-30,1000000.00,4.663261,94.828125
10:56:20,91282CJZ5,TSRYS5743662,D,B,C,2024-04-30,1000000.00,4.663261,94.828125
10:56:20,91282CJZ5,TSRYS5743662,D,B,C,2024-04-30,1000000.00,4.663261,94.828125
10:56:20,91282CJZ5,TSRYS5743662,D,S,C,2024-04-30,1000000.00,4.663261,94.828125
10:56:20,91282CJZ5,TSRYS5743662,D,B,C,2024-04-30,1000000.00,4.663291,94.8279
10:56:20,91282CJZ5,TSRYS5743662,D,S,C,2024-04-30,1000000.00,4.663261,94.828125
10:56:20,91282CJZ5,TSRYS5743662,D,B,C,2024-04-30,1000000.00,4.663274,94.828025
10:56:20,91282CJZ5,TSRYS5743662,D,S,D,2024-04-30,2000000.00,4.663261,94.828125
10:56:20,91282CJZ5,TSRYS5743662,D,B,C,2024-04-30,2000000.00,4.663274,94.828025
10:56:20,91282CJZ5,TSRYS5743662,D,S,C,2024-04-30,1000000.00,4.663261,94.828125
10:56:20,91282CJZ5,TSRYS5743662,D,B,C,2024-04-30,1000000.00,4.663261,94.828125
10:56:20,91282CJZ5,TSRYS5743662,D,S,D,2024-04-30,1000000.00,4.663261,94.828125
10:56:20,91282CJZ5,TSRYS5743662,D,S,D,2024-04-30,1000000.00,4.664296,94.8203125
10:56:21,91282CJZ5,TSRYS5743662,D,S,D,2024-04-30,1000000.00,4.664296,94.8203125
10:56:22,91282CJZ5,TSRYS5743662,D,S,D,2024-04-30,1000000.00,4.664296,94.8203125
10:56:23,91282CJZ5,TSRYS5743662,D,S,C,2024-04-30,1000000.00,4.664037,94.822265625
10:56:23,91282CJZ5,TSRYS5743662,D,S,D,2024-04-30,1000000.00,4.664037,94.822265625
10:56:23,91282CJZ5,TSRYS5743662,D,S,C,2024-04-30,1000000.00,4.664296,94.8203125
10:56:23,91282CJZ5,TSRYS5743662,D,B,C,2024-04-30,1000000.00,4.664296,94.8203125
10:56:23,91282CJZ5,TSRYS5743662,D,S,D,2024-04-30,1000000.00,4.664296,94.8203125
10:56:23,91282CJZ5,TSRYS5743662,D,S,C,2024-04-30,1000000.00,4.664296,94.8203125
10:56:23,91282CJZ5,TSRYS5743662,D,B,C,2024-04-30,1000000.00,4.664296,94.8203125
10:56:23,91282CJZ5,TSRYS5743662,D,S,C,2024-04-30,1000000.00,4.664296,94.8203125
10:56:23,91282CJZ5,TSRYS5743662,D,S,C,2024-04-30,1000000.00,4.664296,94.8203125
10:56:23,91282CJZ5,TSRYS5743662,D,B,C,2024-04-30,1000000.00,4.664296,94.8201125
10:56:23,91282CJZ5,TSRYS5743662,D,S,D,2024-04-30,1000000.00,4.664037,94.822265625
10:56:23,91282CJZ5,TSRYS5743662,D,S,C,2024-04-30,1000000.00,4.664296,94.8203125
10:56:23,91282CJZ5,TSRYS5743662,D,B,C,2024-04-30,1000000.00,4.664296,94.8203125
10:56:23,91282CJZ5,TSRYS5743662,D,S,C,2024-04-30,1000000.00,4.664296,94.8203125
10:56:23,91282CJZ5,TSRYS5743662,D,B,C,2024-04-30,1000000.00,4.664296,94.8203125
10:56:23,91282CJZ5,TSRYS5743662,D,S,C,2024-04-30,1000000.00,4.664296,94.8203125
10:56:25,91282CJZ5,TSRYS5743662,D,S,D,2024-04-30,26000.00,4.664296,94.8203125
10:56:26,91282CJZ5,TSRYS5743662,D,B,A,2024-04-30,3000000.00,4.664296,94.8203125
10:56:28,91282CJZ5,TSRYS5743662,D,S,C,2024-04-30,1000000.00,4.664296,94.8203125
10:56:28,91282CJZ5,TSRYS5743662,D,B,C,2024-04-30,1000000.00,4.664296,94.8203125
10:56:28,91282CJZ5,TSRYS5743662,D,S,C,2024-04-30,1000000.00,4.664296,94.8203125
10:56:28,91282CJZ5,TSRYS5743662,D,B,C,2024-04-30,1000000.00,4.664296,94.8203125
10:56:28,91282CJZ5,TSRYS5743662,D,S,C,2024-04-30,1000000.00,4.664296,94.8203125
10:56:28,91282CJZ5,TSRYS5743662,D,B,C,2024-04-30,1000000.00,4.664296,94.8203125
10:56:28,91282CJZ5,TSRYS5743662,D,B,A,2024-04-30,10000000.00,4.664037,94.822265625
10:56:28,91282CJZ5,TSRYS5743662,D,S,A,2024-04-30,10000000.00,4.664037,94.822265625
10:56:30,91282CJZ5,TSRYS5743662,D,S,T,2024-04-30,1000000.00,4.664296,94.8203125
10:56:31,91282CJZ5,TSRYS5743662,D,S,C,2024-04-30,26000.00,4.551839,95.6736953
10:56:32,91282CJZ5,TSRYS5743662,D,B,C,2024-04-30,1000000.00,4.663261,94.828125
10:56:32,91282CJZ5,TSRYS5743662,D,B,C,2024-04-30,2000000.00,4.66352,94.82617188
10:56:33,91282CJZ5,TSRYS5743662,D,B,C,2024-04-30,1000000.00,4.663261,94.828125
10:56:33,91282CJZ5,TSRYS5743662,D,B,C,2024-04-30,1000000.00,4.663261,94.828125
10:56:33,91282CJZ5,TSRYS5743662,D,S,C,2024-04-30,1000000.00,4.663778,94.82421875
10:56:33,91282CJZ5,TSRYS5743662,D,B,C,2024-04-30,4000000.00,4.663261,94.828125
10:56:33,91282CJZ5,TSRYS5743662,D,S,C,2024-04-30,1000000.00,4.663778,94.82421875
10:56:33,91282CJZ5,TSRYS5743662,D,B,C,2024-04-30,1000000.00,4.663261,94.828125
10:56:33,91282CJZ5,TSRYS5743662,D,B,C,2024-04-30,1000000.00,4.663778,94.82421875
10:56:34,91282CJZ5,TSRYS5743662,D,S,C,2024-04-30,1000000.00,4.664024,94.822365625
10:56:35,91282CJZ5,TSRYS5743662,D,S,T,2024-04-30,1000000.00,4.663261,94.828125
10:56:36,91282CJZ5,TSRYS5743662,D,S,T,2024-04-30,1000000.00,4.663778,94.82421875
10:56:36,91282CJZ5,TSRYS5743662,D,S,T,2024-04-30,1000000.00,4.663261,94.828125
10:56:37,91282CJZ5,TSRYS5743662,D,S,D,2024-04-30,1000000.00,4.663778,94.82421875
10:56:38,91282CJZ5,TSRYS5743662,D,S,C,2024-04-30,1000000.00,4.663261,94.828125
10:56:38,91282CJZ5,TSRYS5743662,D,S,D,2024-04-30,1000000.00,4.663261,94.828125
10:56:38,91282CJZ5,TSRYS5743662,D,B,C,2024-04-30,1000000.00,4.663284,94.82795
10:56:38,91282CJZ5,TSRYS5743662,D,B,C,2024-04-30,1000000.00,4.663301,94.827825
10:56:38,91282CJZ5,TSRYS5743662,D,S,D,2024-04-30,2000000.00,4.663261,94.828125
10:56:38,91282CJZ5,TSRYS5743662,D,S,D,2024-04-30,1000000.00,4.663261,94.828125
10:56:38,91282CJZ5,TSRYS5743662,D,B,C,2024-04-30,1000000.00,4.663261,94.828125
10:56:38,91282CJZ5,TSRYS5743662,D,S,D,2024-04-30,1000000.00,4.663261,94.828125
10:56:38,91282CJZ5,TSRYS5743662,D,B,C,2024-04-30,1000000.00,4.663261,94.828125
10:56:38,91282CJZ5,TSRYS5743662,D,S,C,2024-04-30,1000000.00,4.663234,94.828325
10:56:38,91282CJZ5,TSRYS5743662,D,B,C,2024-04-30,1000000.00,4.663261,94.828125
10:56:38,91282CJZ5,TSRYS5743662,D,S,C,2024-04-30,1000000.00,4.663261,94.828125
10:56:38,91282CJZ5,TSRYS5743662,D,B,C,2024-04-30,1000000.00,4.663261,94.828125
10:56:38,91282CJZ5,TSRYS5743662,D,S,C,2024-04-30,1000000.00,4.663261,94.828125
10:56:41,91282CJZ5,TSRYS5743662,D,S,D,2024-04-30,485000.00,4.664037,94.822265625
10:56:41,91282CJZ5,TSRYS5743662,D,S,T,2024-04-30,1000000.00,4.663778,94.82421875
10:56:41,91282CJZ5,TSRYS5743662,D,S,T,2024-04-30,1000000.00,4.663778,94.82421875
10:56:42,91282CJZ5,TSRYS5743662,D,S,T,2024-04-30,1000000.00,4.664037,94.822265625
10:56:45,91282CJZ5,TSRYS5743662,D,S,T,2024-04-30,1000000.00,4.663261,94.828125
10:56:47,91282CJZ5,TSRYS5743662,D,S,D,2024-04-30,1000000.00,4.663002,94.830078125
10:56:49,91282CJZ5,TSRYS5743662,D,S,T,2024-04-30,1000000.00,4.663019,94.829953125
10:56:52,91282CJZ5,TSRYS5743662,D,B,C,2024-04-30,35000.00,4.662744,94.83203125
10:56:53,91282CJZ5,TSRYS5743662,D,S,T,2024-04-30,1000000.00,4.663261,94.828125
10:56:53,91282CJZ5,TSRYS5743662,D,S,C,2024-04-30,1000000.00,4.663261,94.828125
10:56:53,91282CJZ5,TSRYS5743662,D,S,C,2024-04-30,1000000.00,4.663238,94.8283
10:56:53,91282CJZ5,TSRYS5743662,D,S,C,2024-04-30,1000000.00,4.663234,94.828325
10:56:53,91282CJZ5,TSRYS5743662,D,S,C,2024-04-30,2000000.00,4.663238,94.8283
10:56:53,91282CJZ5,TSRYS5743662,D,S,C,2024-04-30,1000000.00,4.663248,94.828225
10:56:53,91282CJZ5,TSRYS5743662,D,S,C,2024-04-30,1000000.00,4.663261,94.828125
10:56:53,91282CJZ5,TSRYS5743662,D,S,D,2024-04-30,1000000.00,4.663261,94.828125
10:56:53,91282CJZ5,TSRYS5743662,D,S,D,2024-04-30,1000000.00,4.663261,94.828125
10:56:53,91282CJZ5,TSRYS5743662,D,S,C,2024-04-30,1000000.00,4.663261,94.828125
10:56:53,91282CJZ5,TSRYS5743662,D,S,D,2024-04-30,180000.00,4.664332,94.820043403
10:56:53,91282CJZ5,TSRYS5743662,D,B,C,2024-04-30,1000000.00,4.663261,94.828125
10:56:53,91282CJZ5,TSRYS5743662,D,S,C,2024-04-30,1000000.00,4.663261,94.828125
10:56:53,91282CJZ5,TSRYS5743662,D,B,C,2024-04-30,1000000.00,4.663261,94.828125
10:56:53,91282CJZ5,TSRYS5743662,D,S,C,2024-04-30,1000000.00,4.663261,94.828125
10:56:53,91282CJZ5,TSRYS5743662,D,B,C,2024-04-30,1000000.00,4.663261,94.828125
10:56:53,91282CJZ5,TSRYS5743662,D,S,C,2024-04-30,1000000.00,4.663261,94.828125
10:56:53,91282CJZ5,TSRYS5743662,D,B,C,2024-04-30,1000000.00,4.663261,94.828125
10:56:53,91282CJZ5,TSRYS5743662,D,S,C,2024-04-30,1000000.00,4.663261,94.828125
10:56:53,91282CJZ5,TSRYS5743662,D,B,C,2024-04-30,1000000.00,4.663261,94.828125
10:56:53,91282CJZ5,TSRYS5743662,D,S,D,2024-04-30,305000.00,4.664211,94.82095415
10:56:56,91282CJZ5,TSRYS5743662,D,S,D,2024-04-30,1000000.00,4.663778,94.82421875
10:56:56,91282CJZ5,TSRYS5743662,D,S,C,2024-04-30,1000000.00,4.663778,94.82421875
10:56:59,91282CJZ5,TSRYS5743662,D,S,D,2024-04-30,2000000.00,4.663261,94.828125
10:56:59,91282CJZ5,TSRYS5743662,D,B,C,2024-04-30,5000000.00,4.663261,94.828125
10:56:59,91282CJZ5,TSRYS5743662,D,S,D,2024-04-30,2000000.00,4.663261,94.828125
10:56:59,91282CJZ5,TSRYS5743662,D,S,D,2024-04-30,1000000.00,4.663261,94.828125
10:56:59,91282CJZ5,TSRYS5743662,D,S,C,2024-04-30,1500000.00,4.661191,94.84375
10:57:00,91282CJZ5,TSRYS5743662,D,S,D,2024-04-30,1500000.00,4.661191,94.84375
10:57:01,91282CJZ5,TSRYS5743662,D,S,D,2024-04-30,19897000.00,4.662914,94.83074593264
10:57:02,91282CJZ5,TSRYS5743662,D,S,D,2024-04-30,25000000.00,4.663234,94.828325
10:57:04,91282CJZ5,TSRYS5743662,D,S,T,2024-04-30,1000000.00,4.663261,94.828125
10:57:04,91282CJZ5,TSRYS5743662,D,S,C,2024-04-30,1000000.00,4.663778,94.82421875
10:57:04,91282CJZ5,TSRYS5743662,D,S,D,2024-04-30,1000000.00,4.663778,94.82421875
10:57:04,91282CJZ5,TSRYS5743662,D,S,D,2024-04-30,1000000.00,4.66352,94.826171875
10:57:05,91282CJZ5,TSRYS5743662,D,S,C,2024-04-30,1000000.00,4.66352,94.826171875
10:57:05,91282CJZ5,TSRYS5743662,D,B,C,2024-04-30,1000000.00,4.664296,94.8203125
10:57:06,91282CJZ5,TSRYS5743662,D,S,C,2024-04-30,1000000.00,4.664296,94.8203125
10:57:06,91282CJZ5,TSRYS5743662,D,B,C,2024-04-30,1000000.00,4.664296,94.8203125
10:57:07,91282CJZ5,TSRYS5743662,D,B,C,2024-04-30,1000000.00,4.664296,94.8203125
10:57:07,91282CJZ5,TSRYS5743662,D,B,C,2024-04-30,1000000.00,4.664296,94.8203125
10:57:08,91282CJZ5,TSRYS5743662,D,S,D,2024-04-30,1000000.00,4.663261,94.828125
10:57:08,91282CJZ5,TSRYS5743662,D,B,C,2024-04-30,1000000.00,4.663261,94.828125
10:57:08,91282CJZ5,TSRYS5743662,D,S,C,2024-04-30,1000000.00,4.663261,94.828125
10:57:08,91282CJZ5,TSRYS5743662,D,S,D,2024-04-30,2000000.00,4.663261,94.828125
10:57:08,91282CJZ5,TSRYS5743662,D,B,C,2024-04-30,1000000.00,4.663261,94.828125
10:57:08,91282CJZ5,TSRYS5743662,D,B,C,2024-04-30,2000000.00,4.663261,94.828125
10:57:08,91282CJZ5,TSRYS5743662,D,S,C,2024-04-30,1000000.00,4.663261,94.828125
10:57:08,91282CJZ5,TSRYS5743662,D,S,D,2024-04-30,1000000.00,4.663778,94.82421875
10:57:08,91282CJZ5,TSRYS5743662,D,S,D,2024-04-30,1000000.00,4.663778,94.82421875
10:57:08,91282CJZ5,TSRYS5743662,D,S,C,2024-04-30,1000000.00,4.664296,94.8203125
10:57:08,91282CJZ5,TSRYS5743662,D,B,C,2024-04-30,1000000.00,4.664296,94.8203125
10:57:08,91282CJZ5,TSRYS5743662,D,S,C,2024-04-30,1000000.00,4.664296,94.8203125
10:57:08,91282CJZ5,TSRYS5743662,D,B,C,2024-04-30,1000000.00,4.664296,94.8203125
10:57:09,91282CJZ5,TSRYS5743662,D,S,C,2024-04-30,1000000.00,4.664296,94.8203125
10:57:09,91282CJZ5,TSRYS5743662,D,B,C,2024-04-30,1000000.00,4.664296,94.8203125
10:57:09,91282CJZ5,TSRYS5743662,D,S,C,2024-04-30,1000000.00,4.664296,94.8203125
10:57:09,91282CJZ5,TSRYS5743662,D,S,D,2024-04-30,1000000.00,4.664269,94.8205125
10:57:09,91282CJZ5,TSRYS5743662,D,S,D,2024-04-30,1000000.00,4.664283,94.8204125
10:57:11,91282CJZ5,TSRYS5743662,D,S,D,2024-04-30,1000000.00,4.664296,94.8203125
10:57:11,91282CJZ5,TSRYS5743662,D,S,C,2024-04-30,1000000.00,4.664296,94.8203125
10:57:11,91282CJZ5,TSRYS5743662,D,B,C,2024-04-30,1000000.00,4.664296,94.8203125
10:57:11,91282CJZ5,TSRYS5743662,D,S,C,2024-04-30,1000000.00,4.664296,94.8203125
10:57:11,91282CJZ5,TSRYS5743662,D,B,C,2024-04-30,1000000.00,4.664296,94.8203125
10:57:12,91282CJZ5,TSRYS5743662,D,B,A,2024-04-30,1000.00,4.664549,94.8184
10:57:12,91282CJZ5,TSRYS5743662,D,S,T,2024-04-30,1000000.00,4.664296,94.8203125
10:57:12,91282CJZ5,TSRYS5743662,D,S,T,2024-04-30,1000000.00,4.664296,94.8203125
10:57:12,91282CJZ5,TSRYS5743662,D,S,T,2024-04-30,1000000.00,4.664296,94.8203125
10:57:13,91282CJZ5,TSRYS5743662,D,S,A,2024-04-30,33000.00,4.664033,94.8223
10:57:13,91282CJZ5,TSRYS5743662,D,S,C,2024-04-30,1000000.00,4.664296,94.8203125
10:57:13,91282CJZ5,TSRYS5743662,D,B,C,2024-04-30,1000000.00,4.664296,94.8203125
10:57:13,91282CJZ5,TSRYS5743662,D,S,C,2024-04-30,1000000.00,4.664296,94.8203125
10:57:13,91282CJZ5,TSRYS5743662,D,B,C,2024-04-30,1000000.00,4.664296,94.8203125
10:57:13,91282CJZ5,TSRYS5743662,D,S,C,2024-04-30,490000.00,4.663261,94.828125
10:57:14,91282CJZ5,TSRYS5743662,D,S,T,2024-04-30,25000000.00,4.663261,94.828125
10:57:16,91282CJZ5,TSRYS5743662,D,B,C,2024-04-30,1000000.00,4.664296,94.8203125
10:57:20,91282CJZ5,TSRYS5743662,D,S,T,2024-04-30,1000000.00,4.664296,94.8203125
10:57:20,91282CJZ5,TSRYS5743662,D,B,C,2024-04-30,1000000.00,4.664296,94.8203125
10:57:20,91282CJZ5,TSRYS5743662,D,B,C,2024-04-30,1000000.00,4.664296,94.8203125
10:57:20,91282CJZ5,TSRYS5743662,D,B,C,2024-04-30,1000000.00,4.664296,94.8203125
10:57:20,91282CJZ5,TSRYS5743662,D,B,C,2024-04-30,1000000.00,4.664296,94.8203125
10:57:20,91282CJZ5,TSRYS5743662,D,B,C,2024-04-30,1000000.00,4.664296,94.8203125
10:57:21,91282CJZ5,TSRYS5743662,D,B,C,2024-04-30,1000000.00,4.664296,94.8203125
10:57:21,91282CJZ5,TSRYS5743662,D,B,C,2024-04-30,1000000.00,4.664296,94.8203125
10:57:21,91282CJZ5,TSRYS5743662,D,B,C,2024-04-30,1000000.00,4.664296,94.8203125
10:57:21,91282CJZ5,TSRYS5743662,D,B,C,2024-04-30,1000000.00,4.664296,94.8203125
10:57:21,91282CJZ5,TSRYS5743662,D,B,C,2024-04-30,1000000.00,4.664296,94.8203125
10:57:22,91282CJZ5,TSRYS5743662,D,B,C,2024-04-30,1000000.00,4.664296,94.8203125
10:57:22,91282CJZ5,TSRYS5743662,D,B,C,2024-04-30,1000000.00,4.664296,94.8203125
10:57:22,91282CJZ5,TSRYS5743662,D,B,C,2024-04-30,3000000.00,4.664296,94.8203125
10:57:23,91282CJZ5,TSRYS5743662,D,S,C,2024-04-30,1000000.00,4.663261,94.828125
10:57:23,91282CJZ5,TSRYS5743662,D,B,C,2024-04-30,1000000.00,4.663274,94.828025
10:57:23,91282CJZ5,TSRYS5743662,D,S,D,2024-04-30,2000000.00,4.663261,94.828125
10:57:23,91282CJZ5,TSRYS5743662,D,B,C,2024-04-30,1000000.00,4.663261,94.828125
10:57:23,91282CJZ5,TSRYS5743662,D,B,C,2024-04-30,2000000.00,4.663261,94.828125
10:57:23,91282CJZ5,TSRYS5743662,D,S,C,2024-04-30,1000000.00,4.663238,94.8283
10:57:23,91282CJZ5,TSRYS5743662,D,B,C,2024-04-30,2000000.00,4.663301,94.827825
10:57:23,91282CJZ5,TSRYS5743662,D,S,C,2024-04-30,2000000.00,4.663234,94.828325
10:57:23,91282CJZ5,TSRYS5743662,D,S,C,2024-04-30,1000000.00,4.663234,94.828325
10:57:23,91282CJZ5,TSRYS5743662,D,S,C,2024-04-30,1000000.00,4.663261,94.828125
10:57:23,91282CJZ5,TSRYS5743662,D,B,C,2024-04-30,1000000.00,4.663301,94.827825
10:57:27,91282CJZ5,TSRYS5743662,D,S,D,2024-04-30,141000.00,4.665331,94.8125
10:57:30,91282CJZ5,TSRYS5743662,D,S,D,2024-04-30,1000000.00,4.664813,94.81640625
10:57:30,91282CJZ5,TSRYS5743662,D,S,T,2024-04-30,2000000.00,4.66559,94.810546875
10:57:30,91282CJZ5,TSRYS5743662,D,B,C,2024-04-30,1000000.00,4.664813,94.81640625
10:57:30,91282CJZ5,TSRYS5743662,D,S,T,2024-04-30,1000000.00,4.664813,94.81640625
10:57:30,91282CJZ5,TSRYS5743662,D,S,T,2024-04-30,1000000.00,4.664813,94.81640625
10:57:30,91282CJZ5,TSRYS5743662,D,S,T,2024-04-30,1000000.00,4.664813,94.81640625
10:57:30,91282CJZ5,TSRYS5743662,D,S,T,2024-04-30,1000000.00,4.664813,94.81640625
10:57:30,91282CJZ5,TSRYS5743662,D,S,T,2024-04-30,1000000.00,4.664813,94.81640625
10:57:30,91282CJZ5,TSRYS5743662,D,S,T,2024-04-30,1000000.00,4.664813,94.81640625
10:57:30,91282CJZ5,TSRYS5743662,D,S,T,2024-04-30,1000000.00,4.664813,94.81640625
10:57:30,91282CJZ5,TSRYS5743662,D,S,D,2024-04-30,1000000.00,4.664813,94.81640625
10:57:30,91282CJZ5,TSRYS5743662,D,B,C,2024-04-30,1000000.00,4.664813,94.81640625
10:57:31,91282CJZ5,TSRYS5743662,D,S,D,2024-04-30,1000000.00,4.664813,94.81640625
10:57:31,91282CJZ5,TSRYS5743662,D,B,C,2024-04-30,1000000.00,4.664813,94.81640625
10:57:31,91282CJZ5,TSRYS5743662,D,S,D,2024-04-30,1000000.00,4.664813,94.81640625
10:57:31,91282CJZ5,TSRYS5743662,D,S,D,2024-04-30,1000000.00,4.664813,94.81640625
10:57:31,91282CJZ5,TSRYS5743662,D,S,D,2024-04-30,1000000.00,4.664813,94.81640625
10:57:32,91282CJZ5,TSRYS5743662,D,S,D,2024-04-30,1000000.00,4.664813,94.81640625
10:57:32,91282CJZ5,TSRYS5743662,D,B,C,2024-04-30,2000000.00,4.666107,94.806640625
10:57:32,91282CJZ5,TSRYS5743662,D,S,D,2024-04-30,2000000.00,4.666107,94.806640625
10:57:32,91282CJZ5,TSRYS5743662,D,B,C,2024-04-30,1000000.00,4.666366,94.8046875
10:57:32,91282CJZ5,TSRYS5743662,D,S,C,2024-04-30,1000000.00,4.666366,94.8046875
10:57:32,91282CJZ5,TSRYS5743662,D,S,D,2024-04-30,1000000.00,4.664813,94.81640625
10:57:32,91282CJZ5,TSRYS5743662,D,S,D,2024-04-30,1000000.00,4.664813,94.81640625
10:57:32,91282CJZ5,TSRYS5743662,D,S,D,2024-04-30,1000000.00,4.664813,94.81640625
10:57:35,91282CJZ5,TSRYS5743662,D,S,D,2024-04-30,1000000.00,4.66559,94.810546875
10:57:35,91282CJZ5,TSRYS5743662,D,B,C,2024-04-30,1000000.00,4.66559,94.810546875
10:57:35,91282CJZ5,TSRYS5743662,D,S,D,2024-04-30,1000000.00,4.66559,94.810546875
10:57:35,91282CJZ5,TSRYS5743662,D,B,C,2024-04-30,1000000.00,4.66559,94.810546875
10:57:35,91282CJZ5,TSRYS5743662,D,B,C,2024-04-30,1000000.00,4.665849,94.80859375
10:57:35,91282CJZ5,TSRYS5743662,D,S,D,2024-04-30,1000000.00,4.665849,94.80859375
10:57:35,91282CJZ5,TSRYS5743662,D,S,D,2024-04-30,2000000.00,4.66559,94.810546875
10:57:36,91282CJZ5,TSRYS5743662,D,S,C,2024-04-30,56500000.00,4.664296,94.8203125
10:57:36,91282CJZ5,TSRYS5743662,D,S,D,2024-04-30,2000000.00,4.667143,94.798828125
10:57:36,91282CJZ5,TSRYS5743662,D,B,C,2024-04-30,2000000.00,4.667143,94.798828125
10:57:36,91282CJZ5,TSRYS5743662,D,B,C,2024-04-30,1000000.00,4.667143,94.798828125
10:57:36,91282CJZ5,TSRYS5743662,D,S,D,2024-04-30,1000000.00,4.667143,94.798828125
10:57:36,91282CJZ5,TSRYS5743662,D,S,D,2024-04-30,3000000.00,4.666884,94.80078125
10:57:36,91282CJZ5,TSRYS5743662,D,S,D,2024-04-30,2000000.00,4.666625,94.802734375
10:57:37,91282CJZ5,TSRYS5743662,D,S,C,2024-04-30,1000000.00,4.667129,94.798928125
10:57:37,91282CJZ5,TSRYS5743662,D,S,T,2024-04-30,3000000.00,4.666897,94.80068125
10:57:37,91282CJZ5,TSRYS5743662,D,S,T,2024-04-30,1000000.00,4.667156,94.798728125
10:57:37,91282CJZ5,TSRYS5743662,D,S,T,2024-04-30,1000000.00,4.667156,94.798728125
10:57:37,91282CJZ5,TSRYS5743662,D,S,D,2024-04-30,1000000.00,4.667143,94.798828125
10:57:38,91282CJZ5,TSRYS5743662,D,S,C,2024-04-30,1000000.00,4.663261,94.828125
10:57:38,91282CJZ5,TSRYS5743662,D,B,C,2024-04-30,1000000.00,4.663301,94.827825
10:57:38,91282CJZ5,TSRYS5743662,D,S,C,2024-04-30,1000000.00,4.663261,94.828125
10:57:38,91282CJZ5,TSRYS5743662,D,B,C,2024-04-30,1000000.00,4.663301,94.827825
10:57:38,91282CJZ5,TSRYS5743662,D,S,C,2024-04-30,1000000.00,4.663261,94.828125
10:57:38,91282CJZ5,TSRYS5743662,D,S,C,2024-04-30,1000000.00,4.663261,94.828125
10:57:38,91282CJZ5,TSRYS5743662,D,B,C,2024-04-30,1000000.00,4.663274,94.828025
10:57:38,91282CJZ5,TSRYS5743662,D,S,C,2024-04-30,1000000.00,4.663261,94.828125
10:57:38,91282CJZ5,TSRYS5743662,D,B,C,2024-04-30,1000000.00,4.663281,94.827973
10:57:38,91282CJZ5,TSRYS5743662,D,B,C,2024-04-30,1000000.00,4.663281,94.827973
10:57:38,91282CJZ5,TSRYS5743662,D,S,C,2024-04-30,1000000.00,4.663261,94.828125
10:57:38,91282CJZ5,TSRYS5743662,D,S,C,2024-04-30,1000000.00,4.663261,94.828125
10:57:38,91282CJZ5,TSRYS5743662,D,S,C,2024-04-30,2000000.00,4.663261,94.828125
10:57:38,91282CJZ5,TSRYS5743662,D,B,C,2024-04-30,2000000.00,4.663281,94.827973
10:57:38,91282CJZ5,TSRYS5743662,D,B,C,2024-04-30,1000000.00,4.663261,94.828125
10:57:38,91282CJZ5,TSRYS5743662,D,S,D,2024-04-30,1000000.00,4.663261,94.828125
10:57:39,91282CJZ5,TSRYS5743662,D,S,D,2024-04-30,2000000.00,4.666625,94.802734375
10:57:43,91282CJZ5,TSRYS5743662,D,S,T,2024-04-30,2000000.00,4.666625,94.802734375
10:57:46,91282CJZ5,TSRYS5743662,D,S,T,2024-04-30,3000000.00,4.666366,94.8046875
10:57:46,91282CJZ5,TSRYS5743662,D,B,C,2024-04-30,1000000.00,4.666366,94.8046875
10:57:46,91282CJZ5,TSRYS5743662,D,S,D,2024-04-30,1000000.00,4.666366,94.8046875
10:57:47,91282CJZ5,TSRYS5743662,D,S,D,2024-04-30,3000000.00,4.666366,94.8046875
10:57:47,91282CJZ5,TSRYS5743662,D,S,D,2024-04-30,1000000.00,4.666366,94.8046875
10:57:50,91282CJZ5,TSRYS5743662,D,S,T,2024-04-30,3000000.00,4.666107,94.806640625
10:57:50,91282CJZ5,TSRYS5743662,D,B,C,2024-04-30,1000000.00,4.666107,94.806640625
10:57:50,91282CJZ5,TSRYS5743662,D,S,D,2024-04-30,1000000.00,4.666094,94.806740625
10:57:50,91282CJZ5,TSRYS5743662,D,B,C,2024-04-30,1000000.00,4.663261,94.828125
10:57:50,91282CJZ5,TSRYS5743662,D,S,D,2024-04-30,1000000.00,4.663261,94.828125
10:57:50,91282CJZ5,TSRYS5743662,D,B,C,2024-04-30,1000000.00,4.663261,94.828125
10:57:50,91282CJZ5,TSRYS5743662,D,S,C,2024-04-30,1000000.00,4.663261,94.828125
10:57:50,91282CJZ5,TSRYS5743662,D,B,C,2024-04-30,1000000.00,4.663261,94.828125
10:57:50,91282CJZ5,TSRYS5743662,D,S,C,2024-04-30,1000000.00,4.663261,94.828125
10:57:50,91282CJZ5,TSRYS5743662,D,B,C,2024-04-30,2000000.00,4.663261,94.828125
10:57:50,91282CJZ5,TSRYS5743662,D,S,D,2024-04-30,2000000.00,4.663261,94.828125
10:57:50,91282CJZ5,TSRYS5743662,D,S,D,2024-04-30,3000000.00,4.666094,94.806740625
10:57:50,91282CJZ5,TSRYS5743662,D,B,C,2024-04-30,1000000.00,4.666107,94.806640625
10:57:51,91282CJZ5,TSRYS5743662,D,S,D,2024-04-30,1000000.00,4.666094,94.806740625
10:57:51,91282CJZ5,TSRYS5743662,D,S,T,2024-04-30,1000000.00,4.666366,94.8046875
10:57:53,91282CJZ5,TSRYS5743662,D,S,C,2024-04-30,35000000.00,4.659373,94.85747767857
10:57:55,91282CJZ5,TSRYS5743662,D,S,D,2024-04-30,1000000.00,4.665849,94.80859375
10:57:56,91282CJZ5,TSRYS5743662,D,S,D,2024-04-30,1000000.00,4.665849,94.80859375
10:57:56,91282CJZ5,TSRYS5743662,D,S,D,2024-04-30,1000000.00,4.665849,94.80859375
10:57:56,91282CJZ5,TSRYS5743662,D,S,C,2024-04-30,1000000.00,4.665849,94.80859375
10:57:57,91282CJZ5,TSRYS5743662,D,B,C,2024-04-30,805000.00,4.665331,94.8125
10:57:57,91282CJZ5,TSRYS5743662,D,S,D,2024-04-30,1000000.00,4.665849,94.80859375
10:57:57,91282CJZ5,TSRYS5743662,D,S,D,2024-04-30,1000000.00,4.665849,94.80859375
10:57:57,91282CJZ5,TSRYS5743662,D,B,C,2024-04-30,1000000.00,4.666366,94.8046875
10:57:57,91282CJZ5,TSRYS5743662,D,S,D,2024-04-30,1000000.00,4.666366,94.8046875
10:57:57,91282CJZ5,TSRYS5743662,D,S,D,2024-04-30,1000000.00,4.665849,94.80859375
10:57:57,91282CJZ5,TSRYS5743662,D,B,C,2024-04-30,1000000.00,4.666366,94.8046875
10:57:57,91282CJZ5,TSRYS5743662,D,S,D,2024-04-30,1000000.00,4.666366,94.8046875
10:57:58,91282CJZ5,TSRYS5743662,D,S,D,2024-04-30,217000.00,4.667401,94.796875
10:57:58,91282CJZ5,TSRYS5743662,D,S,D,2024-04-30,1232000.00,4.667401,94.796875
10:57:58,91282CJZ5,TSRYS5743662,D,S,D,2024-04-30,250000.00,4.665331,94.8125
10:57:59,91282CJZ5,TSRYS5743662,D,B,C,2024-04-30,53000000.00,4.659122,94.859375
10:57:59,91282CJZ5,TSRYS5743662,D,S,D,2024-04-30,1000000.00,4.666107,94.80664062
10:58:01,91282CJZ5,TSRYS5743662,D,B,C,2024-04-30,1000000.00,4.664296,94.8203125
10:58:01,91282CJZ5,TSRYS5743662,D,B,C,2024-04-30,1000000.00,4.664296,94.8203125
10:58:01,91282CJZ5,TSRYS5743662,D,S,D,2024-04-30,1000000.00,4.665849,94.80859375
10:58:01,91282CJZ5,TSRYS5743662,D,S,T,2024-04-30,2000000.00,4.665361,94.812273
10:58:01,91282CJZ5,TSRYS5743662,D,S,T,2024-04-30,1000000.00,4.665849,94.80859375
10:58:01,91282CJZ5,TSRYS5743662,D,S,D,2024-04-30,1000000.00,4.666625,94.80273437
10:58:01,91282CJZ5,TSRYS5743662,D,S,D,2024-04-30,1000000.00,4.665849,94.80859375
