tradeTime,cusip,issueSymbolIdentifier,priceType,reportingSideCode,contraPartyTypeCode,tradeDate,reportedTradeVolume,lastSaleYield,lastSalePrice
08:00:06,91282CKQ3,TSRYS5802845,D,S,D,2024-05-17,1000000.00,4.367133,100.0625
08:00:06,91282CKQ3,TSRYS5802845,D,S,D,2024-05-17,1000000.00,4.366403,100.068359375
08:00:06,91282CKQ3,TSRYS5802845,D,S,D,2024-05-17,1000000.00,4.366403,100.068359375
08:00:06,91282CKQ3,TSRYS5802845,D,S,D,2024-05-17,1000000.00,4.366403,100.068359375
08:00:06,91282CKQ3,TSRYS5802845,D,S,D,2024-05-17,1000000.00,4.366403,100.068359375
08:00:06,91282CKQ3,TSRYS5802845,D,S,D,2024-05-17,1000000.00,4.366403,100.068359375
08:00:06,91282CKQ3,TSRYS5802845,D,S,D,2024-05-17,1000000.00,4.366403,100.068359375
08:00:06,91282CKQ3,TSRYS5802845,D,S,T,2024-05-17,2000000.00,4.365917,100.072265625
08:00:06,91282CKQ3,TSRYS5802845,D,S,T,2024-05-17,2000000.00,4.365917,100.072265625
08:00:06,91282CKQ3,TSRYS5802845,D,S,T,2024-05-17,4000000.00,4.365673,100.07421875
08:00:06,91282CKQ3,TSRYS5802845,D,S,T,2024-05-17,1000000.00,4.365917,100.072265625
08:00:06,91282CKQ3,TSRYS5802845,D,S,T,2024-05-17,2000000.00,4.365917,100.072265625
08:00:06,91282CKQ3,TSRYS5802845,D,S,T,2024-05-17,4000000.00,4.365673,100.07421875
08:00:06,91282CKQ3,TSRYS5802845,D,S,D,2024-05-17,1000000.00,4.36543,100.076171875
08:00:06,91282CKQ3,TSRYS5802845,D,S,D,2024-05-17,1000000.00,4.363727,100.08984375
08:00:06,91282CKQ3,TSRYS5802845,D,S,T,2024-05-17,1000000.00,4.363241,100.09375
08:00:06,91282CKQ3,TSRYS5802845,D,S,D,2024-05-17,1000000.00,4.36616,100.0703125
08:00:06,91282CKQ3,TSRYS5802845,D,S,T,2024-05-17,2000000.00,4.36616,100.0703125
08:00:06,91282CKQ3,TSRYS5802845,D,S,T,2024-05-17,2000000.00,4.36616,100.0703125
08:00:06,91282CKQ3,TSRYS5802845,D,S,T,2024-05-17,2000000.00,4.36616,100.0703125
08:00:06,91282CKQ3,TSRYS5802845,D,S,T,2024-05-17,2000000.00,4.36616,100.0703125
08:00:06,91282CKQ3,TSRYS5802845,D,S,T,2024-05-17,2000000.00,4.36616,100.0703125
08:00:06,91282CKQ3,TSRYS5802845,D,S,T,2024-05-17,1000000.00,4.365917,100.072265625
08:00:06,91282CKQ3,TSRYS5802845,D,S,T,2024-05-17,2000000.00,4.36616,100.0703125
08:00:06,91282CKQ3,TSRYS5802845,D,S,D,2024-05-17,1000000.00,4.368593,100.05078125
08:00:06,91282CKQ3,TSRYS5802845,D,S,D,2024-05-17,4000000.00,4.36908,100.046875
08:00:06,91282CKQ3,TSRYS5802845,D,S,T,2024-05-17,1000000.00,4.36908,100.046875
08:00:06,91282CKQ3,TSRYS5802845,D,S,T,2024-05-17,2000000.00,4.369323,100.044921875
08:00:06,91282CKQ3,TSRYS5802845,D,S,T,2024-05-17,2000000.00,4.369323,100.044921875
08:00:06,91282CKQ3,TSRYS5802845,D,S,T,2024-05-17,2000000.00,4.369323,100.044921875
08:00:06,91282CKQ3,TSRYS5802845,D,S,T,2024-05-17,2000000.00,4.36908,100.046875
08:00:06,91282CKQ3,TSRYS5802845,D,S,D,2024-05-17,2000000.00,4.36981,100.041015625
08:00:06,91282CKQ3,TSRYS5802845,D,S,D,2024-05-17,1000000.00,4.372244,100.021484375
08:00:06,91282CKQ3,TSRYS5802845,D,S,T,2024-05-17,2000000.00,4.372001,100.0234375
08:00:06,91282CKQ3,TSRYS5802845,D,S,D,2024-05-17,2000000.00,4.37614,99.990234375
08:00:06,91282CKQ3,TSRYS5802845,D,S,T,2024-05-17,2000000.00,4.375653,99.994140625
08:00:06,91282CKQ3,TSRYS5802845,D,S,T,2024-05-17,2000000.00,4.375653,99.994140625
08:00:06,91282CKQ3,TSRYS5802845,D,S,T,2024-05-17,1000000.00,4.375653,99.994140625
08:00:06,91282CKQ3,TSRYS5802845,D,S,T,2024-05-17,1000000.00,4.375653,99.994140625
08:00:06,91282CKQ3,TSRYS5802845,D,S,T,2024-05-17,1000000.00,4.375409,99.99609375
08:00:06,91282CKQ3,TSRYS5802845,D,S,T,2024-05-17,1000000.00,4.371027,100.03125
08:00:06,91282CKQ3,TSRYS5802845,D,S,T,2024-05-17,1000000.00,4.37054,100.03515625
08:00:06,91282CKQ3,TSRYS5802845,D,S,D,2024-05-17,2000000.00,4.370053,100.0390625
08:00:06,91282CKQ3,TSRYS5802845,D,S,T,2024-05-17,1000000.00,4.36908,100.046875
08:00:06,91282CKQ3,TSRYS5802845,D,S,T,2024-05-17,1000000.00,4.365187,100.078125
08:00:06,91282CKQ3,TSRYS5802845,D,S,D,2024-05-17,1000000.00,4.365917,100.072265625
08:00:06,91282CKQ3,TSRYS5802845,D,S,T,2024-05-17,2000000.00,4.36543,100.076171875
08:00:06,91282CKQ3,TSRYS5802845,D,S,T,2024-05-17,1000000.00,4.36908,100.046875
08:00:06,91282CKQ3,TSRYS5802845,D,S,T,2024-05-17,1000000.00,4.372974,100.015625
08:00:06,91282CKQ3,TSRYS5802845,D,S,D,2024-05-17,1000000.00,4.373948,100.0078125
08:00:06,91282CKQ3,TSRYS5802845,D,S,D,2024-05-17,1000000.00,4.373948,100.0078125
08:00:06,91282CKQ3,TSRYS5802845,D,S,D,2024-05-17,1000000.00,4.373948,100.0078125
08:00:06,91282CKQ3,TSRYS5802845,D,S,T,2024-05-17,1000000.00,4.375409,99.99609375
08:00:06,91282CKQ3,TSRYS5802845,D,S,T,2024-05-17,1000000.00,4.37614,99.990234375
08:00:06,91282CKQ3,TSRYS5802845,D,S,T,2024-05-17,2000000.00,4.382717,99.9375
08:00:06,91282CKQ3,TSRYS5802845,D,S,D,2024-05-17,1000000.00,4.37687,99.984375
08:00:06,91282CKQ3,TSRYS5802845,D,S,D,2024-05-17,1000000.00,4.37687,99.984375
08:00:06,91282CKQ3,TSRYS5802845,D,S,D,2024-05-17,1000000.00,4.37687,99.984375
08:00:06,91282CKQ3,TSRYS5802845,D,S,D,2024-05-17,1000000.00,4.37687,99.984375
08:00:06,91282CKQ3,TSRYS5802845,D,S,D,2024-05-17,1000000.00,4.37687,99.984375
08:00:06,91282CKQ3,TSRYS5802845,D,S,T,2024-05-17,1000000.00,4.378819,99.96875
08:00:06,91282CKQ3,TSRYS5802845,D,S,T,2024-05-17,1000000.00,4.378819,99.96875
08:00:06,91282CKQ3,TSRYS5802845,D,S,D,2024-05-17,1000000.00,4.380768,99.953125
08:00:06,91282CKQ3,TSRYS5802845,D,S,D,2024-05-17,4000000.00,4.382035,99.94296875
08:00:06,91282CKQ3,TSRYS5802845,D,S,T,2024-05-17,2000000.00,4.381011,99.951171875
08:00:06,91282CKQ3,TSRYS5802845,D,S,D,2024-05-17,2000000.00,4.381499,99.947265625
08:00:06,91282CKQ3,TSRYS5802845,D,S,D,2024-05-17,1000000.00,4.381499,99.947265625
08:00:06,91282CKQ3,TSRYS5802845,D,S,T,2024-05-17,2000000.00,4.381499,99.947265625
08:00:06,91282CKQ3,TSRYS5802845,D,S,D,2024-05-17,1000000.00,4.383692,99.9296875
08:00:06,91282CKQ3,TSRYS5802845,D,S,D,2024-05-17,1000000.00,4.383692,99.9296875
08:00:06,91282CKQ3,TSRYS5802845,D,S,D,2024-05-17,1000000.00,4.383936,99.927734375
08:00:06,91282CKQ3,TSRYS5802845,D,S,T,2024-05-17,1000000.00,4.384667,99.921875
08:00:06,91282CKQ3,TSRYS5802845,D,S,D,2024-05-17,1000000.00,4.384667,99.921875
08:00:06,91282CKQ3,TSRYS5802845,D,S,T,2024-05-17,1000000.00,4.384667,99.921875
08:00:06,91282CKQ3,TSRYS5802845,D,S,T,2024-05-17,1000000.00,4.38491,99.919921875
08:00:06,91282CKQ3,TSRYS5802845,D,S,D,2024-05-17,1000000.00,4.389542,99.8828125
08:00:06,91282CKQ3,TSRYS5802845,D,S,T,2024-05-17,1000000.00,4.384667,99.921875
08:00:06,91282CKQ3,TSRYS5802845,D,S,T,2024-05-17,2000000.00,4.385154,99.91796875
08:00:06,91282CKQ3,TSRYS5802845,D,S,T,2024-05-17,1000000.00,4.385154,99.91796875
08:00:06,91282CKQ3,TSRYS5802845,D,S,D,2024-05-17,2000000.00,4.386617,99.90625
08:00:06,91282CKQ3,TSRYS5802845,D,S,T,2024-05-17,1000000.00,4.387836,99.896484375
08:00:06,91282CKQ3,TSRYS5802845,D,S,D,2024-05-17,1000000.00,4.387836,99.896484375
08:00:06,91282CKQ3,TSRYS5802845,D,S,T,2024-05-17,1000000.00,4.388567,99.890625
08:00:06,91282CKQ3,TSRYS5802845,D,S,T,2024-05-17,1000000.00,4.391249,99.869140625
08:00:06,91282CKQ3,TSRYS5802845,D,S,T,2024-05-17,2000000.00,4.391005,99.87109375
08:00:06,91282CKQ3,TSRYS5802845,D,S,D,2024-05-17,4000000.00,4.392957,99.85546875
08:00:06,91282CKQ3,TSRYS5802845,D,S,D,2024-05-17,1000000.00,4.39442,99.84375
08:00:06,91282CKQ3,TSRYS5802845,D,S,D,2024-05-17,1000000.00,4.39808,99.814453125
08:00:06,91282CKQ3,TSRYS5802845,D,S,D,2024-05-17,1000000.00,4.39808,99.814453125
08:00:06,91282CKQ3,TSRYS5802845,D,S,D,2024-05-17,1000000.00,4.397592,99.818359375
08:00:06,91282CKQ3,TSRYS5802845,D,S,T,2024-05-17,1000000.00,4.397348,99.8203125
08:00:06,91282CKQ3,TSRYS5802845,D,S,D,2024-05-17,1000000.00,4.398324,99.8125
08:00:06,91282CKQ3,TSRYS5802845,D,S,T,2024-05-17,4000000.00,4.398324,99.8125
08:00:06,91282CKQ3,TSRYS5802845,D,S,T,2024-05-17,4000000.00,4.398324,99.8125
08:00:06,91282CKQ3,TSRYS5802845,D,S,T,2024-05-17,1000000.00,4.397104,99.822265625
08:00:06,91282CKQ3,TSRYS5802845,D,S,D,2024-05-17,2000000.00,4.397104,99.822265625
08:00:06,91282CKQ3,TSRYS5802845,D,S,T,2024-05-17,1000000.00,4.397104,99.822265625
08:00:06,91282CKQ3,TSRYS5802845,D,S,D,2024-05-17,2000000.00,4.397104,99.822265625
08:00:06,91282CKQ3,TSRYS5802845,D,S,D,2024-05-17,1000000.00,4.397104,99.822265625
08:00:06,91282CKQ3,TSRYS5802845,D,S,T,2024-05-17,1000000.00,4.397104,99.822265625
08:00:06,91282CKQ3,TSRYS5802845,D,S,D,2024-05-17,1000000.00,4.396616,99.826171875
08:00:06,91282CKQ3,TSRYS5802845,D,S,T,2024-05-17,3000000.00,4.396616,99.826171875
08:00:06,91282CKQ3,TSRYS5802845,D,S,D,2024-05-17,2000000.00,4.39686,99.82421875
08:00:06,91282CKQ3,TSRYS5802845,D,S,D,2024-05-17,1000000.00,4.397104,99.822265625
08:00:06,91282CKQ3,TSRYS5802845,D,S,D,2024-05-17,1000000.00,4.397348,99.8203125
08:00:06,91282CKQ3,TSRYS5802845,D,S,D,2024-05-17,1000000.00,4.397348,99.8203125
08:00:06,91282CKQ3,TSRYS5802845,D,S,D,2024-05-17,1000000.00,4.397348,99.8203125
08:00:06,91282CKQ3,TSRYS5802845,D,S,D,2024-05-17,1000000.00,4.397348,99.8203125
08:00:06,91282CKQ3,TSRYS5802845,D,S,D,2024-05-17,1000000.00,4.397592,99.818359375
08:00:06,91282CKQ3,TSRYS5802845,D,S,D,2024-05-17,1000000.00,4.397348,99.8203125
08:00:06,91282CKQ3,TSRYS5802845,D,S,D,2024-05-17,3000000.00,4.397348,99.8203125
08:00:06,91282CKQ3,TSRYS5802845,D,S,D,2024-05-17,1000000.00,4.397592,99.818359375
08:00:06,91282CKQ3,TSRYS5802845,D,S,D,2024-05-17,1000000.00,4.397592,99.818359375
08:00:06,91282CKQ3,TSRYS5802845,D,S,D,2024-05-17,1000000.00,4.397592,99.818359375
08:00:06,91282CKQ3,TSRYS5802845,D,S,D,2024-05-17,1000000.00,4.397592,99.818359375
08:00:06,91282CKQ3,TSRYS5802845,D,S,D,2024-05-17,1000000.00,4.397592,99.818359375
08:00:06,91282CKQ3,TSRYS5802845,D,S,D,2024-05-17,1000000.00,4.397348,99.8203125
08:00:06,91282CKQ3,TSRYS5802845,D,S,T,2024-05-17,2000000.00,4.396616,99.826171875
08:00:06,91282CKQ3,TSRYS5802845,D,B,C,2024-05-17,1000000.00,4.397348,99.8203125
08:00:10,91282CKQ3,TSRYS5802845,D,S,D,2024-05-17,1000000.00,4.397104,99.822265625
08:00:10,91282CKQ3,TSRYS5802845,D,S,T,2024-05-17,1000000.00,4.396372,99.828125
08:00:10,91282CKQ3,TSRYS5802845,D,S,T,2024-05-17,1000000.00,4.39442,99.84375
08:00:10,91282CKQ3,TSRYS5802845,D,S,T,2024-05-17,1000000.00,4.392713,99.857421875
08:00:10,91282CKQ3,TSRYS5802845,D,S,T,2024-05-17,1000000.00,4.392469,99.859375
08:00:10,91282CKQ3,TSRYS5802845,D,S,D,2024-05-17,1000000.00,4.393688,99.849609375
08:00:10,91282CKQ3,TSRYS5802845,D,S,D,2024-05-17,1000000.00,4.393932,99.84765625
08:00:10,91282CKQ3,TSRYS5802845,D,S,D,2024-05-17,1000000.00,4.395152,99.837890625
08:00:10,91282CKQ3,TSRYS5802845,D,S,D,2024-05-17,1000000.00,4.395396,99.8359375
08:00:10,91282CKQ3,TSRYS5802845,D,S,T,2024-05-17,1000000.00,4.382717,99.9375
08:00:10,91282CKQ3,TSRYS5802845,D,S,D,2024-05-17,4000000.00,4.365239,100.078125
08:00:10,91282CKQ3,TSRYS5802845,D,S,D,2024-05-17,6000000.00,4.365726,100.07421875
08:00:10,91282CKQ3,TSRYS5802845,D,S,D,2024-05-17,2000000.00,4.375896,99.9921875
08:00:10,91282CKQ3,TSRYS5802845,D,S,D,2024-05-17,3000000.00,4.374922,100.0
08:00:10,91282CKQ3,TSRYS5802845,D,S,D,2024-05-17,1000000.00,4.374922,100.0
08:00:10,91282CKQ3,TSRYS5802845,D,S,D,2024-05-17,1000000.00,4.374922,100.0
08:00:10,91282CKQ3,TSRYS5802845,D,S,D,2024-05-17,2000000.00,4.375409,99.99609375
08:00:10,91282CKQ3,TSRYS5802845,D,S,D,2024-05-17,1000000.00,4.374922,100.0
08:00:10,91282CKQ3,TSRYS5802845,D,S,D,2024-05-17,1000000.00,4.374922,100.0
08:00:10,91282CKQ3,TSRYS5802845,D,S,D,2024-05-17,1000000.00,4.374922,100.0
08:00:10,91282CKQ3,TSRYS5802845,D,S,D,2024-05-17,1000000.00,4.374922,100.0
08:00:10,91282CKQ3,TSRYS5802845,D,S,D,2024-05-17,1000000.00,4.374922,100.0
08:00:10,91282CKQ3,TSRYS5802845,D,S,A,2024-05-17,1800000.00,4.365673,100.074219
08:00:10,91282CKQ3,TSRYS5802845,D,S,D,2024-05-17,1000000.00,4.374922,100.0
08:00:10,91282CKQ3,TSRYS5802845,D,S,D,2024-05-17,1000000.00,4.366403,100.068359375
08:00:10,91282CKQ3,TSRYS5802845,D,S,D,2024-05-17,1000000.00,4.366403,100.068359375
08:00:10,91282CKQ3,TSRYS5802845,D,S,T,2024-05-17,2000000.00,4.386617,99.90625
08:00:10,91282CKQ3,TSRYS5802845,D,S,T,2024-05-17,1000000.00,4.367133,100.0625
08:00:10,91282CKQ3,TSRYS5802845,D,S,T,2024-05-17,1000000.00,4.367133,100.0625
08:00:10,91282CKQ3,TSRYS5802845,D,S,T,2024-05-17,2000000.00,4.367133,100.0625
08:00:10,91282CKQ3,TSRYS5802845,D,S,T,2024-05-17,1000000.00,4.363241,100.09375
08:00:10,91282CKQ3,TSRYS5802845,D,S,T,2024-05-17,1000000.00,4.363241,100.09375
08:00:10,91282CKQ3,TSRYS5802845,D,S,D,2024-05-17,1000000.00,4.368593,100.05078125
08:00:10,91282CKQ3,TSRYS5802845,D,S,T,2024-05-17,1000000.00,4.36908,100.046875
08:00:10,91282CKQ3,TSRYS5802845,D,S,T,2024-05-17,2000000.00,4.36908,100.046875
08:00:10,91282CKQ3,TSRYS5802845,D,S,T,2024-05-17,1000000.00,4.36908,100.046875
08:00:10,91282CKQ3,TSRYS5802845,D,S,T,2024-05-17,1000000.00,4.36908,100.046875
08:00:10,91282CKQ3,TSRYS5802845,D,S,T,2024-05-17,1000000.00,4.36908,100.046875
08:00:10,91282CKQ3,TSRYS5802845,D,S,T,2024-05-17,1000000.00,4.36908,100.046875
08:00:10,91282CKQ3,TSRYS5802845,D,S,T,2024-05-17,1000000.00,4.368593,100.05078125
08:00:10,91282CKQ3,TSRYS5802845,D,S,T,2024-05-17,3000000.00,4.36908,100.046875
08:00:10,91282CKQ3,TSRYS5802845,D,S,T,2024-05-17,1000000.00,4.386617,99.90625
08:00:10,91282CKQ3,TSRYS5802845,D,S,T,2024-05-17,1000000.00,4.369323,100.044921875
08:00:10,91282CKQ3,TSRYS5802845,D,S,D,2024-05-17,1000000.00,4.370053,100.0390625
08:00:10,91282CKQ3,TSRYS5802845,D,S,D,2024-05-17,1000000.00,4.370053,100.0390625
08:00:10,91282CKQ3,TSRYS5802845,D,S,T,2024-05-17,3000000.00,4.372974,100.015625
08:00:10,91282CKQ3,TSRYS5802845,D,S,T,2024-05-17,1000000.00,4.372974,100.015625
08:00:10,91282CKQ3,TSRYS5802845,D,S,T,2024-05-17,2000000.00,4.372974,100.015625
08:00:10,91282CKQ3,TSRYS5802845,D,S,T,2024-05-17,1000000.00,4.372974,100.015625
08:00:10,91282CKQ3,TSRYS5802845,D,S,T,2024-05-17,1000000.00,4.372974,100.015625
08:00:10,91282CKQ3,TSRYS5802845,D,S,T,2024-05-17,3000000.00,4.372974,100.015625
08:00:10,91282CKQ3,TSRYS5802845,D,S,T,2024-05-17,1000000.00,4.386617,99.90625
08:00:10,91282CKQ3,TSRYS5802845,D,S,T,2024-05-17,2000000.00,4.386617,99.90625
08:00:10,91282CKQ3,TSRYS5802845,D,S,T,2024-05-17,2000000.00,4.390518,99.875
08:00:10,91282CKQ3,TSRYS5802845,D,S,T,2024-05-17,1000000.00,4.39442,99.84375
08:00:10,91282CKQ3,TSRYS5802845,D,S,T,2024-05-17,2000000.00,4.398324,99.8125
08:00:10,91282CKQ3,TSRYS5802845,D,S,T,2024-05-17,1000000.00,4.398324,99.8125
08:00:10,91282CKQ3,TSRYS5802845,D,S,T,2024-05-17,1000000.00,4.398324,99.8125
08:00:10,91282CKQ3,TSRYS5802845,D,S,T,2024-05-17,1000000.00,4.398324,99.8125
08:00:10,91282CKQ3,TSRYS5802845,D,S,T,2024-05-17,1000000.00,4.398324,99.8125
08:00:10,91282CKQ3,TSRYS5802845,D,S,T,2024-05-17,1000000.00,4.368107,100.0546875
08:00:10,91282CKQ3,TSRYS5802845,D,S,T,2024-05-17,1000000.00,4.368107,100.0546875
08:00:10,91282CKQ3,TSRYS5802845,D,S,D,2024-05-17,1000000.00,4.37687,99.984375
08:00:10,91282CKQ3,TSRYS5802845,D,S,T,2024-05-17,1000000.00,4.37687,99.984375
08:00:10,91282CKQ3,TSRYS5802845,D,S,T,2024-05-17,1000000.00,4.378819,99.96875
08:00:10,91282CKQ3,TSRYS5802845,D,S,T,2024-05-17,1000000.00,4.378819,99.96875
08:00:10,91282CKQ3,TSRYS5802845,D,S,T,2024-05-17,1000000.00,4.378819,99.96875
08:00:10,91282CKQ3,TSRYS5802845,D,S,T,2024-05-17,1000000.00,4.378819,99.96875
08:00:10,91282CKQ3,TSRYS5802845,D,S,T,2024-05-17,2000000.00,4.378819,99.96875
08:00:10,91282CKQ3,TSRYS5802845,D,S,T,2024-05-17,1000000.00,4.388567,99.890625
08:00:10,91282CKQ3,TSRYS5802845,D,S,T,2024-05-17,1000000.00,4.386617,99.90625
08:00:10,91282CKQ3,TSRYS5802845,D,S,T,2024-05-17,2000000.00,4.386617,99.90625
08:00:10,91282CKQ3,TSRYS5802845,D,S,T,2024-05-17,1000000.00,4.386129,99.91015625
08:00:10,91282CKQ3,TSRYS5802845,D,S,T,2024-05-17,1000000.00,4.386129,99.91015625
08:00:10,91282CKQ3,TSRYS5802845,D,S,T,2024-05-17,1000000.00,4.387592,99.8984375
08:00:10,91282CKQ3,TSRYS5802845,D,S,T,2024-05-17,1000000.00,4.386617,99.90625
08:00:10,91282CKQ3,TSRYS5802845,D,S,T,2024-05-17,1000000.00,4.385885,99.912109375
08:00:10,91282CKQ3,TSRYS5802845,D,S,T,2024-05-17,1000000.00,4.386617,99.90625
08:00:10,91282CKQ3,TSRYS5802845,D,S,T,2024-05-17,1000000.00,4.386617,99.90625
08:00:10,91282CKQ3,TSRYS5802845,D,S,T,2024-05-17,2000000.00,4.386617,99.90625
08:00:10,91282CKQ3,TSRYS5802845,D,S,T,2024-05-17,1000000.00,4.385642,99.9140625
08:00:10,91282CKQ3,TSRYS5802845,D,S,D,2024-05-17,1000000.00,4.386373,99.908203125
08:00:10,91282CKQ3,TSRYS5802845,D,S,T,2024-05-17,1000000.00,4.386617,99.90625
08:00:10,91282CKQ3,TSRYS5802845,D,S,T,2024-05-17,1000000.00,4.387592,99.8984375
08:00:10,91282CKQ3,TSRYS5802845,D,S,T,2024-05-17,1000000.00,4.387592,99.8984375
08:00:10,91282CKQ3,TSRYS5802845,D,S,D,2024-05-17,1000000.00,4.391493,99.8671875
08:00:10,91282CKQ3,TSRYS5802845,D,S,T,2024-05-17,1000000.00,4.391493,99.8671875
08:00:10,91282CKQ3,TSRYS5802845,D,S,T,2024-05-17,1000000.00,4.392469,99.859375
08:00:10,91282CKQ3,TSRYS5802845,D,S,T,2024-05-17,1000000.00,4.39686,99.82421875
08:00:10,91282CKQ3,TSRYS5802845,D,S,T,2024-05-17,1000000.00,4.39686,99.82421875
08:00:10,91282CKQ3,TSRYS5802845,D,S,T,2024-05-17,1000000.00,4.39442,99.84375
08:00:10,91282CKQ3,TSRYS5802845,D,S,T,2024-05-17,1000000.00,4.392713,99.857421875
08:00:10,91282CKQ3,TSRYS5802845,D,S,T,2024-05-17,1000000.00,4.392469,99.859375
08:00:10,91282CKQ3,TSRYS5802845,D,S,T,2024-05-17,1000000.00,4.392469,99.859375
08:00:10,91282CKQ3,TSRYS5802845,D,S,T,2024-05-17,1000000.00,4.392469,99.859375
08:00:10,91282CKQ3,TSRYS5802845,D,S,T,2024-05-17,1000000.00,4.393444,99.8515625
08:00:10,91282CKQ3,TSRYS5802845,D,S,T,2024-05-17,1000000.00,4.393444,99.8515625
08:00:10,91282CKQ3,TSRYS5802845,D,S,T,2024-05-17,1000000.00,4.393444,99.8515625
08:00:10,91282CKQ3,TSRYS5802845,D,S,T,2024-05-17,1000000.00,4.393444,99.8515625
08:00:10,91282CKQ3,TSRYS5802845,D,S,D,2024-05-17,1000000.00,4.393688,99.849609375
08:00:10,91282CKQ3,TSRYS5802845,D,S,D,2024-05-17,1000000.00,4.394176,99.845703125
08:00:10,91282CKQ3,TSRYS5802845,D,S,T,2024-05-17,1000000.00,4.39442,99.84375
08:00:10,91282CKQ3,TSRYS5802845,D,S,D,2024-05-17,1000000.00,4.395152,99.837890625
08:00:10,91282CKQ3,TSRYS5802845,D,S,C,2024-05-17,10936000.00,4.383642,99.9300875
08:00:10,91282CKQ3,TSRYS5802845,D,S,C,2024-05-17,1064000.00,4.383642,99.9300875
08:00:13,91282CKQ3,TSRYS5802845,D,S,T,2024-05-17,1000000.00,4.370053,100.0390625
08:00:13,91282CKQ3,TSRYS5802845,D,S,D,2024-05-17,5000000.00,4.39003,99.87890625
08:00:13,91282CKQ3,TSRYS5802845,D,S,D,2024-05-17,39000000.00,4.389542,99.8828125
08:00:14,91282CKQ3,TSRYS5802845,D,S,A,2024-05-17,3500000.00,4.367133,100.0625
08:00:14,91282CKQ3,TSRYS5802845,D,S,D,2024-05-17,1000000.00,4.370297,100.037109375
08:00:14,91282CKQ3,TSRYS5802845,D,S,A,2024-05-17,3500000.00,4.367133,100.0625
08:00:14,91282CKQ3,TSRYS5802845,D,S,A,2024-05-17,500000.00,4.367133,100.0625
08:00:14,91282CKQ3,TSRYS5802845,D,S,D,2024-05-17,1000000.00,4.367133,100.0625
08:00:14,91282CKQ3,TSRYS5802845,D,S,D,2024-05-17,1000000.00,4.366403,100.068359375
08:00:14,91282CKQ3,TSRYS5802845,D,S,D,2024-05-17,1000000.00,4.366403,100.068359375
08:00:14,91282CKQ3,TSRYS5802845,D,S,D,2024-05-17,1000000.00,4.366403,100.068359375
08:00:14,91282CKQ3,TSRYS5802845,D,S,D,2024-05-17,1000000.00,4.366403,100.068359375
08:00:14,91282CKQ3,TSRYS5802845,D,S,D,2024-05-17,1000000.00,4.366403,100.068359375
08:00:14,91282CKQ3,TSRYS5802845,D,S,D,2024-05-17,1000000.00,4.370297,100.037109375
08:00:14,91282CKQ3,TSRYS5802845,D,S,A,2024-05-17,2700000.00,4.36908,100.046875
08:00:14,91282CKQ3,TSRYS5802845,D,S,D,2024-05-17,1000000.00,4.366403,100.068359375
08:00:14,91282CKQ3,TSRYS5802845,D,S,D,2024-05-17,1000000.00,4.366403,100.068359375
08:00:14,91282CKQ3,TSRYS5802845,D,S,D,2024-05-17,1000000.00,4.366403,100.068359375
08:00:14,91282CKQ3,TSRYS5802845,D,S,D,2024-05-17,1000000.00,4.366403,100.068359375
08:00:14,91282CKQ3,TSRYS5802845,D,S,D,2024-05-17,1000000.00,4.366403,100.068359375
08:00:14,91282CKQ3,TSRYS5802845,D,S,D,2024-05-17,1000000.00,4.366403,100.068359375
08:00:14,91282CKQ3,TSRYS5802845,D,S,D,2024-05-17,1000000.00,4.366403,100.068359375
08:00:14,91282CKQ3,TSRYS5802845,D,S,T,2024-05-17,2000000.00,4.370053,100.0390625
08:00:14,91282CKQ3,TSRYS5802845,D,S,D,2024-05-17,1000000.00,4.366403,100.068359375
08:00:14,91282CKQ3,TSRYS5802845,D,S,T,2024-05-17,2000000.00,4.36981,100.041015625
08:00:14,91282CKQ3,TSRYS5802845,D,S,A,2024-05-17,2700000.00,4.36908,100.046875
08:00:14,91282CKQ3,TSRYS5802845,D,B,C,2024-05-17,1000000.00,4.36908,100.046875
08:00:14,91282CKQ3,TSRYS5802845,D,S,D,2024-05-17,1000000.00,4.366403,100.068359375
08:00:14,91282CKQ3,TSRYS5802845,D,S,D,2024-05-17,1000000.00,4.366403,100.068359375
08:00:14,91282CKQ3,TSRYS5802845,D,S,D,2024-05-17,1000000.00,4.366403,100.068359375
08:00:14,91282CKQ3,TSRYS5802845,D,S,D,2024-05-17,1000000.00,4.366403,100.068359375
08:00:14,91282CKQ3,TSRYS5802845,D,S,D,2024-05-17,1000000.00,4.366403,100.068359375
08:00:14,91282CKQ3,TSRYS5802845,D,S,D,2024-05-17,1000000.00,4.366403,100.068359375
08:00:14,91282CKQ3,TSRYS5802845,D,S,D,2024-05-17,1000000.00,4.366403,100.068359375
08:00:14,91282CKQ3,TSRYS5802845,D,S,A,2024-05-17,7520000.00,4.369048,100.046875
08:00:14,91282CKQ3,TSRYS5802845,D,S,D,2024-05-17,1000000.00,4.366403,100.068359375
08:00:14,91282CKQ3,TSRYS5802845,D,S,D,2024-05-17,1000000.00,4.366403,100.068359375
08:00:15,91282CKQ3,TSRYS5802845,D,S,D,2024-05-17,5000000.00,4.397348,99.8203125
08:00:15,91282CKQ3,TSRYS5802845,D,S,D,2024-05-17,3000000.00,4.397836,99.81640625
08:00:15,91282CKQ3,TSRYS5802845,D,S,D,2024-05-17,1000000.00,4.37054,100.03515625
08:00:15,91282CKQ3,TSRYS5802845,D,S,T,2024-05-17,1000000.00,4.370297,100.037109375
08:00:15,91282CKQ3,TSRYS5802845,D,S,T,2024-05-17,1000000.00,4.370053,100.0390625
08:00:15,91282CKQ3,TSRYS5802845,D,S,T,2024-05-17,1000000.00,4.37054,100.03515625
08:00:15,91282CKQ3,TSRYS5802845,D,S,D,2024-05-17,1000000.00,4.367377,100.060546875
08:00:15,91282CKQ3,TSRYS5802845,D,S,D,2024-05-17,1000000.00,4.367377,100.060546875
08:00:15,91282CKQ3,TSRYS5802845,D,S,D,2024-05-17,1000000.00,4.367377,100.060546875
08:00:15,91282CKQ3,TSRYS5802845,D,S,D,2024-05-17,1000000.00,4.365187,100.078125
08:00:15,91282CKQ3,TSRYS5802845,D,S,D,2024-05-17,1000000.00,4.365187,100.078125
08:00:15,91282CKQ3,TSRYS5802845,D,S,D,2024-05-17,1000000.00,4.365187,100.078125
08:00:15,91282CKQ3,TSRYS5802845,D,S,D,2024-05-17,2000000.00,4.365673,100.07421875
08:00:15,91282CKQ3,TSRYS5802845,D,S,D,2024-05-17,1000000.00,4.365917,100.072265625
08:00:15,91282CKQ3,TSRYS5802845,D,S,D,2024-05-17,4000000.00,4.367133,100.0625
08:00:15,91282CKQ3,TSRYS5802845,D,S,D,2024-05-17,1000000.00,4.367133,100.0625
08:00:16,91282CKQ3,TSRYS5802845,D,S,D,2024-05-17,1000000.00,4.366647,100.06640625
08:00:16,91282CKQ3,TSRYS5802845,D,S,D,2024-05-17,1000000.00,4.367133,100.0625
08:00:16,91282CKQ3,TSRYS5802845,D,S,D,2024-05-17,2000000.00,4.367133,100.0625
08:00:16,91282CKQ3,TSRYS5802845,D,S,D,2024-05-17,2000000.00,4.367377,100.060546875
08:00:16,91282CKQ3,TSRYS5802845,D,S,D,2024-05-17,2000000.00,4.369323,100.044921875
08:00:16,91282CKQ3,TSRYS5802845,D,S,D,2024-05-17,1000000.00,4.36908,100.046875
08:00:16,91282CKQ3,TSRYS5802845,D,S,T,2024-05-17,1000000.00,4.370053,100.0390625
08:00:16,91282CKQ3,TSRYS5802845,D,S,D,2024-05-17,2000000.00,4.36908,100.046875
08:00:16,91282CKQ3,TSRYS5802845,D,S,D,2024-05-17,2000000.00,4.36908,100.046875
08:00:16,91282CKQ3,TSRYS5802845,D,S,D,2024-05-17,1000000.00,4.370297,100.037109375
08:00:16,91282CKQ3,TSRYS5802845,D,S,T,2024-05-17,1000000.00,4.368837,100.048828125
08:00:16,91282CKQ3,TSRYS5802845,D,S,T,2024-05-17,1000000.00,4.370053,100.0390625
08:00:16,91282CKQ3,TSRYS5802845,D,S,T,2024-05-17,1000000.00,4.368837,100.048828125
08:00:17,91282CKQ3,TSRYS5802845,D,S,D,2024-05-17,2000000.00,4.36908,100.046875
08:00:17,91282CKQ3,TSRYS5802845,D,S,D,2024-05-17,1000000.00,4.36908,100.046875
08:00:17,91282CKQ3,TSRYS5802845,D,S,T,2024-05-17,1000000.00,4.36908,100.046875
08:00:17,91282CKQ3,TSRYS5802845,D,S,T,2024-05-17,3000000.00,4.368837,100.048828125
08:00:17,91282CKQ3,TSRYS5802845,D,S,T,2024-05-17,1000000.00,4.36908,100.046875
08:00:17,91282CKQ3,TSRYS5802845,D,S,T,2024-05-17,1000000.00,4.36908,100.046875
08:00:17,91282CKQ3,TSRYS5802845,D,S,D,2024-05-17,1000000.00,4.36908,100.046875
08:00:17,91282CKQ3,TSRYS5802845,D,S,T,2024-05-17,1000000.00,4.368837,100.048828125
08:00:17,91282CKQ3,TSRYS5802845,D,S,T,2024-05-17,1000000.00,4.36908,100.046875
08:00:17,91282CKQ3,TSRYS5802845,D,S,T,2024-05-17,1000000.00,4.36908,100.046875
08:00:17,91282CKQ3,TSRYS5802845,D,S,A,2024-05-17,1000000.00,4.36616,100.0703125
08:00:17,91282CKQ3,TSRYS5802845,D,S,T,2024-05-17,2000000.00,4.370297,100.037109375
08:00:17,91282CKQ3,TSRYS5802845,D,S,T,2024-05-17,1000000.00,4.370053,100.0390625
08:00:18,91282CKQ3,TSRYS5802845,D,S,T,2024-05-17,1000000.00,4.36908,100.046875
08:00:18,91282CKQ3,TSRYS5802845,D,S,T,2024-05-17,1000000.00,4.370297,100.037109375
08:00:18,91282CKQ3,TSRYS5802845,D,S,D,2024-05-17,1000000.00,4.36908,100.046875
08:00:18,91282CKQ3,TSRYS5802845,D,S,T,2024-05-17,2000000.00,4.368837,100.048828125
08:00:18,91282CKQ3,TSRYS5802845,D,S,D,2024-05-17,1000000.00,4.36908,100.046875
08:00:18,91282CKQ3,TSRYS5802845,D,S,T,2024-05-17,1000000.00,4.36908,100.046875
08:00:18,91282CKQ3,TSRYS5802845,D,S,T,2024-05-17,1000000.00,4.36908,100.046875
08:00:18,91282CKQ3,TSRYS5802845,D,S,T,2024-05-17,1000000.00,4.370297,100.037109375
08:00:18,91282CKQ3,TSRYS5802845,D,S,T,2024-05-17,1000000.00,4.370297,100.037109375
08:00:18,91282CKQ3,TSRYS5802845,D,S,T,2024-05-17,2000000.00,4.369323,100.044921875
08:00:18,91282CKQ3,TSRYS5802845,D,S,D,2024-05-17,2000000.00,4.375896,99.9921875
08:00:18,91282CKQ3,TSRYS5802845,D,S,A,2024-05-17,701000.00,4.375409,99.99609375
08:00:18,91282CKQ3,TSRYS5802845,D,S,T,2024-05-17,1000000.00,4.36908,100.046875
08:00:18,91282CKQ3,TSRYS5802845,D,S,D,2024-05-17,1000000.00,4.365187,100.078125
08:00:19,91282CKQ3,TSRYS5802845,D,S,T,2024-05-17,1000000.00,4.374922,100.0
08:00:19,91282CKQ3,TSRYS5802845,D,S,T,2024-05-17,1000000.00,4.370297,100.037109375
08:00:19,91282CKQ3,TSRYS5802845,D,B,A,2024-05-17,228000.00,4.380281,99.9570313
08:00:19,91282CKQ3,TSRYS5802845,D,S,T,2024-05-17,1000000.00,4.374922,100.0
08:00:19,91282CKQ3,TSRYS5802845,D,S,T,2024-05-17,1000000.00,4.374922,100.0
08:00:19,91282CKQ3,TSRYS5802845,D,S,T,2024-05-17,1000000.00,4.374922,100.0
08:00:19,91282CKQ3,TSRYS5802845,D,S,T,2024-05-17,1000000.00,4.374922,100.0
08:00:19,91282CKQ3,TSRYS5802845,D,S,T,2024-05-17,1000000.00,4.374922,100.0
08:00:19,91282CKQ3,TSRYS5802845,D,S,T,2024-05-17,1000000.00,4.374922,100.0
08:00:19,91282CKQ3,TSRYS5802845,D,S,T,2024-05-17,1000000.00,4.374922,100.0
08:00:19,91282CKQ3,TSRYS5802845,D,S,T,2024-05-17,1000000.00,4.37687,99.984375
08:00:19,91282CKQ3,TSRYS5802845,D,S,T,2024-05-17,1000000.00,4.36908,100.046875
08:00:20,91282CKQ3,TSRYS5802845,D,S,T,2024-05-17,1000000.00,4.37687,99.984375
08:00:20,91282CKQ3,TSRYS5802845,D,S,C,2024-05-17,1000000.00,4.36543,100.076171875
08:00:20,91282CKQ3,TSRYS5802845,D,S,T,2024-05-17,1000000.00,4.37687,99.984375
08:00:21,91282CKQ3,TSRYS5802845,D,S,A,2024-05-17,2400000.00,4.367133,100.0625
08:00:22,91282CKQ3,TSRYS5802845,D,S,D,2024-05-17,2000000.00,4.36689,100.064453125
08:00:22,91282CKQ3,TSRYS5802845,D,S,D,2024-05-17,2000000.00,4.368837,100.048828125
08:00:22,91282CKQ3,TSRYS5802845,D,S,D,2024-05-17,2000000.00,4.368837,100.048828125
08:00:22,91282CKQ3,TSRYS5802845,D,S,C,2024-05-17,1000000.00,4.368593,100.05078125
08:00:22,91282CKQ3,TSRYS5802845,D,S,C,2024-05-17,1000000.00,4.368593,100.05078125
08:00:22,91282CKQ3,TSRYS5802845,D,S,D,2024-05-17,2000000.00,4.36981,100.041015625
08:00:22,91282CKQ3,TSRYS5802845,D,S,D,2024-05-17,2000000.00,4.369567,100.04296875
08:00:23,91282CKQ3,TSRYS5802845,D,S,D,2024-05-17,1000000.00,4.370784,100.033203125
08:00:23,91282CKQ3,TSRYS5802845,D,S,D,2024-05-17,1000000.00,4.370784,100.033203125
08:00:23,91282CKQ3,TSRYS5802845,D,S,D,2024-05-17,1000000.00,4.370297,100.037109375
08:00:23,91282CKQ3,TSRYS5802845,D,S,D,2024-05-17,1000000.00,4.370297,100.037109375
08:00:23,91282CKQ3,TSRYS5802845,D,S,D,2024-05-17,1000000.00,4.370297,100.037109375
08:00:23,91282CKQ3,TSRYS5802845,D,S,D,2024-05-17,1000000.00,4.37054,100.03515625
08:00:23,91282CKQ3,TSRYS5802845,D,S,D,2024-05-17,2000000.00,4.369323,100.044921875
08:00:23,91282CKQ3,TSRYS5802845,D,S,A,2024-05-17,2000000.00,4.36908,100.046875
08:00:24,91282CKQ3,TSRYS5802845,D,S,D,2024-05-17,1000000.00,4.36908,100.046875
08:00:24,91282CKQ3,TSRYS5802845,D,S,D,2024-05-17,1000000.00,4.36908,100.046875
08:00:24,91282CKQ3,TSRYS5802845,D,S,D,2024-05-17,2000000.00,4.36908,100.046875
08:00:24,91282CKQ3,TSRYS5802845,D,S,D,2024-05-17,2000000.00,4.36908,100.046875
08:00:24,91282CKQ3,TSRYS5802845,D,S,D,2024-05-17,1000000.00,4.36908,100.046875
08:00:24,91282CKQ3,TSRYS5802845,D,S,D,2024-05-17,1000000.00,4.36908,100.046875
08:00:24,91282CKQ3,TSRYS5802845,D,S,D,2024-05-17,1000000.00,4.36908,100.046875
08:00:24,91282CKQ3,TSRYS5802845,D,S,D,2024-05-17,2000000.00,4.36908,100.046875
08:00:24,91282CKQ3,TSRYS5802845,D,S,C,2024-05-17,1000000.00,4.368593,100.05078125
08:00:24,91282CKQ3,TSRYS5802845,D,S,C,2024-05-17,1000000.00,4.368593,100.05078125
08:00:24,91282CKQ3,TSRYS5802845,D,S,C,2024-05-17,1000000.00,4.368593,100.05078125
08:00:24,91282CKQ3,TSRYS5802845,D,S,C,2024-05-17,1000000.00,4.368593,100.05078125
08:00:24,91282CKQ3,TSRYS5802845,D,S,C,2024-05-17,2000000.00,4.368593,100.05078125
08:00:24,91282CKQ3,TSRYS5802845,D,S,C,2024-05-17,1000000.00,4.368593,100.05078125
08:00:24,91282CKQ3,TSRYS5802845,D,S,C,2024-05-17,10000000.00,4.36762,100.05859375
08:00:25,91282CKQ3,TSRYS5802845,D,S,D,2024-05-17,2000000.00,4.369567,100.04296875
08:00:25,91282CKQ3,TSRYS5802845,D,S,D,2024-05-17,2000000.00,4.36981,100.041015625
08:00:25,91282CKQ3,TSRYS5802845,D,S,C,2024-05-17,1000000.00,4.373218,100.013671875
08:00:25,91282CKQ3,TSRYS5802845,D,S,C,2024-05-17,1000000.00,4.373218,100.013671875
08:00:25,91282CKQ3,TSRYS5802845,D,S,C,2024-05-17,1000000.00,4.373218,100.013671875
08:00:25,91282CKQ3,TSRYS5802845,D,S,C,2024-05-17,1000000.00,4.373218,100.013671875
08:00:26,91282CKQ3,TSRYS5802845,D,S,D,2024-05-17,1000000.00,4.372244,100.021484375
08:00:26,91282CKQ3,TSRYS5802845,D,S,D,2024-05-17,1000000.00,4.372244,100.021484375
08:00:26,91282CKQ3,TSRYS5802845,D,S,D,2024-05-17,1000000.00,4.372974,100.015625
08:00:27,91282CKQ3,TSRYS5802845,D,S,D,2024-05-17,1000000.00,4.375166,99.998046875
08:00:27,91282CKQ3,TSRYS5802845,D,S,D,2024-05-17,2000000.00,4.375896,99.9921875
08:00:27,91282CKQ3,TSRYS5802845,D,S,D,2024-05-17,2000000.00,4.375896,99.9921875
08:00:27,91282CKQ3,TSRYS5802845,D,S,D,2024-05-17,2000000.00,4.37614,99.990234375
08:00:27,91282CKQ3,TSRYS5802845,D,S,T,2024-05-17,2000000.00,4.36616,100.0703125
08:00:28,91282CKQ3,TSRYS5802845,D,S,T,2024-05-17,2000000.00,4.36616,100.0703125
08:00:28,91282CKQ3,TSRYS5802845,D,S,D,2024-05-17,1000000.00,4.371027,100.03125
08:00:28,91282CKQ3,TSRYS5802845,D,S,D,2024-05-17,1000000.00,4.371027,100.03125
08:00:28,91282CKQ3,TSRYS5802845,D,S,C,2024-05-17,2000000.00,4.370053,100.0390625
08:00:28,91282CKQ3,TSRYS5802845,D,S,C,2024-05-17,1000000.00,4.370053,100.0390625
08:00:28,91282CKQ3,TSRYS5802845,D,S,D,2024-05-17,1000000.00,4.374922,100.0
08:00:28,91282CKQ3,TSRYS5802845,D,S,T,2024-05-17,1000000.00,4.36616,100.0703125
08:00:29,91282CKQ3,TSRYS5802845,D,S,T,2024-05-17,1000000.00,4.365673,100.07421875
08:00:29,91282CKQ3,TSRYS5802845,D,S,C,2024-05-17,1000000.00,4.370053,100.0390625
08:00:29,91282CKQ3,TSRYS5802845,D,S,D,2024-05-17,1000000.00,4.365673,100.07421875
08:00:30,91282CKQ3,TSRYS5802845,D,S,T,2024-05-17,1000000.00,4.367133,100.0625
08:00:30,91282CKQ3,TSRYS5802845,D,S,T,2024-05-17,1000000.00,4.367133,100.0625
08:00:30,91282CKQ3,TSRYS5802845,D,S,T,2024-05-17,1000000.00,4.367133,100.0625
08:00:30,91282CKQ3,TSRYS5802845,D,S,T,2024-05-17,1000000.00,4.367133,100.0625
08:00:30,91282CKQ3,TSRYS5802845,D,S,T,2024-05-17,1000000.00,4.367133,100.0625
08:00:30,91282CKQ3,TSRYS5802845,D,S,T,2024-05-17,2000000.00,4.367133,100.0625
08:00:30,91282CKQ3,TSRYS5802845,D,S,T,2024-05-17,1000000.00,4.366647,100.06640625
08:00:30,91282CKQ3,TSRYS5802845,D,S,T,2024-05-17,1000000.00,4.36762,100.05859375
08:00:30,91282CKQ3,TSRYS5802845,D,S,T,2024-05-17,2000000.00,4.367133,100.0625
08:00:30,91282CKQ3,TSRYS5802845,D,S,T,2024-05-17,1000000.00,4.365187,100.078125
08:00:30,91282CKQ3,TSRYS5802845,D,S,T,2024-05-17,1000000.00,4.363971,100.087890625
08:00:30,91282CKQ3,TSRYS5802845,D,S,T,2024-05-17,1000000.00,4.363971,100.087890625
08:00:30,91282CKQ3,TSRYS5802845,D,S,T,2024-05-17,1000000.00,4.365187,100.078125
08:00:30,91282CKQ3,TSRYS5802845,D,S,T,2024-05-17,2000000.00,4.365673,100.07421875
08:00:30,91282CKQ3,TSRYS5802845,D,S,T,2024-05-17,1000000.00,4.367133,100.0625
08:00:30,91282CKQ3,TSRYS5802845,D,S,T,2024-05-17,1000000.00,4.367133,100.0625
08:00:30,91282CKQ3,TSRYS5802845,D,S,T,2024-05-17,1000000.00,4.367377,100.060546875
08:00:30,91282CKQ3,TSRYS5802845,D,S,T,2024-05-17,1000000.00,4.367377,100.060546875
08:00:30,91282CKQ3,TSRYS5802845,D,S,T,2024-05-17,1000000.00,4.367133,100.0625
08:00:30,91282CKQ3,TSRYS5802845,D,S,T,2024-05-17,1000000.00,4.367133,100.0625
08:00:30,91282CKQ3,TSRYS5802845,D,S,T,2024-05-17,2000000.00,4.367133,100.0625
08:00:30,91282CKQ3,TSRYS5802845,D,S,T,2024-05-17,1000000.00,4.367133,100.0625
08:00:30,91282CKQ3,TSRYS5802845,D,S,T,2024-05-17,2000000.00,4.367133,100.0625
08:00:30,91282CKQ3,TSRYS5802845,D,S,T,2024-05-17,1000000.00,4.367133,100.0625
08:00:30,91282CKQ3,TSRYS5802845,D,S,T,2024-05-17,1000000.00,4.366647,100.06640625
08:00:30,91282CKQ3,TSRYS5802845,D,S,T,2024-05-17,1000000.00,4.366647,100.06640625
08:00:30,91282CKQ3,TSRYS5802845,D,S,T,2024-05-17,1000000.00,4.366647,100.06640625
08:00:30,91282CKQ3,TSRYS5802845,D,S,T,2024-05-17,1000000.00,4.366647,100.06640625
08:00:30,91282CKQ3,TSRYS5802845,D,S,T,2024-05-17,1000000.00,4.367133,100.0625
08:00:30,91282CKQ3,TSRYS5802845,D,S,T,2024-05-17,1000000.00,4.367133,100.0625
08:00:30,91282CKQ3,TSRYS5802845,D,S,T,2024-05-17,1000000.00,4.367133,100.0625
08:00:30,91282CKQ3,TSRYS5802845,D,S,T,2024-05-17,1000000.00,4.367377,100.060546875
08:00:30,91282CKQ3,TSRYS5802845,D,S,T,2024-05-17,2000000.00,4.365917,100.072265625
08:00:30,91282CKQ3,TSRYS5802845,D,S,T,2024-05-17,2000000.00,4.365673,100.07421875
08:00:30,91282CKQ3,TSRYS5802845,D,S,T,2024-05-17,1000000.00,4.366647,100.06640625
08:00:30,91282CKQ3,TSRYS5802845,D,S,T,2024-05-17,1000000.00,4.367133,100.0625
08:00:30,91282CKQ3,TSRYS5802845,D,S,T,2024-05-17,1000000.00,4.367133,100.0625
08:00:30,91282CKQ3,TSRYS5802845,D,S,T,2024-05-17,1000000.00,4.367133,100.0625
08:00:30,91282CKQ3,TSRYS5802845,D,S,T,2024-05-17,2000000.00,4.367133,100.0625
08:00:30,91282CKQ3,TSRYS5802845,D,S,T,2024-05-17,1000000.00,4.367133,100.0625
08:00:30,91282CKQ3,TSRYS5802845,D,S,T,2024-05-17,1000000.00,4.367133,100.0625
08:00:30,91282CKQ3,TSRYS5802845,D,S,T,2024-05-17,1000000.00,4.367133,100.0625
08:00:30,91282CKQ3,TSRYS5802845,D,S,T,2024-05-17,1000000.00,4.367133,100.0625
08:00:30,91282CKQ3,TSRYS5802845,D,S,T,2024-05-17,2000000.00,4.365673,100.07421875
08:00:30,91282CKQ3,TSRYS5802845,D,S,T,2024-05-17,1000000.00,4.363241,100.09375
08:00:30,91282CKQ3,TSRYS5802845,D,S,T,2024-05-17,1000000.00,4.363484,100.091796875
08:00:30,91282CKQ3,TSRYS5802845,D,S,T,2024-05-17,1000000.00,4.363484,100.091796875
08:00:30,91282CKQ3,TSRYS5802845,D,S,T,2024-05-17,2000000.00,4.363241,100.09375
08:00:30,91282CKQ3,TSRYS5802845,D,S,T,2024-05-17,1000000.00,4.363241,100.09375
08:00:30,91282CKQ3,TSRYS5802845,D,S,T,2024-05-17,2000000.00,4.363241,100.09375
08:00:30,91282CKQ3,TSRYS5802845,D,S,T,2024-05-17,1000000.00,4.363484,100.091796875
08:00:30,91282CKQ3,TSRYS5802845,D,S,T,2024-05-17,1000000.00,4.365187,100.078125
08:00:30,91282CKQ3,TSRYS5802845,D,S,T,2024-05-17,1000000.00,4.365187,100.078125
08:00:30,91282CKQ3,TSRYS5802845,D,S,T,2024-05-17,1000000.00,4.365187,100.078125
08:00:30,91282CKQ3,TSRYS5802845,D,S,T,2024-05-17,2000000.00,4.365187,100.078125
08:00:30,91282CKQ3,TSRYS5802845,D,S,T,2024-05-17,2000000.00,4.365187,100.078125
08:00:30,91282CKQ3,TSRYS5802845,D,S,T,2024-05-17,1000000.00,4.365187,100.078125
08:00:30,91282CKQ3,TSRYS5802845,D,S,T,2024-05-17,1000000.00,4.365187,100.078125
08:00:30,91282CKQ3,TSRYS5802845,D,S,T,2024-05-17,1000000.00,4.365673,100.07421875
08:00:30,91282CKQ3,TSRYS5802845,D,S,T,2024-05-17,1000000.00,4.365673,100.07421875
08:00:30,91282CKQ3,TSRYS5802845,D,S,T,2024-05-17,1000000.00,4.367377,100.060546875
08:00:30,91282CKQ3,TSRYS5802845,D,S,T,2024-05-17,1000000.00,4.367377,100.060546875
08:00:30,91282CKQ3,TSRYS5802845,D,S,T,2024-05-17,1000000.00,4.367377,100.060546875
08:00:30,91282CKQ3,TSRYS5802845,D,S,T,2024-05-17,1000000.00,4.367133,100.0625
08:00:30,91282CKQ3,TSRYS5802845,D,S,T,2024-05-17,2000000.00,4.367133,100.0625
08:00:30,91282CKQ3,TSRYS5802845,D,S,T,2024-05-17,1000000.00,4.36616,100.0703125
08:00:30,91282CKQ3,TSRYS5802845,D,S,T,2024-05-17,1000000.00,4.367133,100.0625
08:00:30,91282CKQ3,TSRYS5802845,D,S,T,2024-05-17,1000000.00,4.367133,100.0625
08:00:30,91282CKQ3,TSRYS5802845,D,S,T,2024-05-17,2000000.00,4.367133,100.0625
08:00:30,91282CKQ3,TSRYS5802845,D,S,T,2024-05-17,1000000.00,4.367133,100.0625
08:00:30,91282CKQ3,TSRYS5802845,D,S,T,2024-05-17,1000000.00,4.367133,100.0625
08:00:30,91282CKQ3,TSRYS5802845,D,S,T,2024-05-17,1000000.00,4.36908,100.046875
08:00:30,91282CKQ3,TSRYS5802845,D,S,T,2024-05-17,1000000.00,4.36908,100.046875
08:00:30,91282CKQ3,TSRYS5802845,D,S,T,2024-05-17,1000000.00,4.36908,100.046875
08:00:30,91282CKQ3,TSRYS5802845,D,S,T,2024-05-17,2000000.00,4.369323,100.044921875
08:00:30,91282CKQ3,TSRYS5802845,D,S,T,2024-05-17,1000000.00,4.36908,100.046875
08:00:30,91282CKQ3,TSRYS5802845,D,S,T,2024-05-17,2000000.00,4.36908,100.046875
08:00:30,91282CKQ3,TSRYS5802845,D,S,T,2024-05-17,2000000.00,4.36908,100.046875
08:00:30,91282CKQ3,TSRYS5802845,D,S,T,2024-05-17,2000000.00,4.36908,100.046875
08:00:30,91282CKQ3,TSRYS5802845,D,S,T,2024-05-17,1000000.00,4.36908,100.046875
08:00:30,91282CKQ3,TSRYS5802845,D,S,T,2024-05-17,1000000.00,4.36908,100.046875
08:00:30,91282CKQ3,TSRYS5802845,D,S,T,2024-05-17,1000000.00,4.369567,100.04296875
08:00:30,91282CKQ3,TSRYS5802845,D,S,T,2024-05-17,1000000.00,4.369567,100.04296875
08:00:30,91282CKQ3,TSRYS5802845,D,S,T,2024-05-17,1000000.00,4.369567,100.04296875
08:00:30,91282CKQ3,TSRYS5802845,D,S,T,2024-05-17,1000000.00,4.369567,100.04296875
08:00:30,91282CKQ3,TSRYS5802845,D,S,T,2024-05-17,1000000.00,4.36908,100.046875
08:00:30,91282CKQ3,TSRYS5802845,D,S,T,2024-05-17,2000000.00,4.36908,100.046875
08:00:30,91282CKQ3,TSRYS5802845,D,S,T,2024-05-17,1000000.00,4.37054,100.03515625
08:00:30,91282CKQ3,TSRYS5802845,D,S,T,2024-05-17,1000000.00,4.37054,100.03515625
08:00:30,91282CKQ3,TSRYS5802845,D,S,T,2024-05-17,1000000.00,4.370053,100.0390625
08:00:30,91282CKQ3,TSRYS5802845,D,S,T,2024-05-17,1000000.00,4.370053,100.0390625
08:00:30,91282CKQ3,TSRYS5802845,D,S,T,2024-05-17,1000000.00,4.370053,100.0390625
08:00:30,91282CKQ3,TSRYS5802845,D,S,T,2024-05-17,1000000.00,4.370053,100.0390625
08:00:30,91282CKQ3,TSRYS5802845,D,S,T,2024-05-17,1000000.00,4.370053,100.0390625
08:00:30,91282CKQ3,TSRYS5802845,D,S,T,2024-05-17,1000000.00,4.36981,100.041015625
08:00:30,91282CKQ3,TSRYS5802845,D,S,T,2024-05-17,1000000.00,4.36981,100.041015625
08:00:30,91282CKQ3,TSRYS5802845,D,S,T,2024-05-17,1000000.00,4.36981,100.041015625
08:00:30,91282CKQ3,TSRYS5802845,D,S,T,2024-05-17,1000000.00,4.36981,100.041015625
08:00:30,91282CKQ3,TSRYS5802845,D,S,T,2024-05-17,1000000.00,4.36981,100.041015625
08:00:30,91282CKQ3,TSRYS5802845,D,S,T,2024-05-17,1000000.00,4.36981,100.041015625
08:00:30,91282CKQ3,TSRYS5802845,D,S,T,2024-05-17,1000000.00,4.36981,100.041015625
08:00:30,91282CKQ3,TSRYS5802845,D,S,T,2024-05-17,1000000.00,4.36981,100.041015625
08:00:30,91282CKQ3,TSRYS5802845,D,S,T,2024-05-17,1000000.00,4.36981,100.041015625
08:00:30,91282CKQ3,TSRYS5802845,D,S,T,2024-05-17,1000000.00,4.36981,100.041015625
08:00:30,91282CKQ3,TSRYS5802845,D,S,T,2024-05-17,1000000.00,4.36981,100.041015625
08:00:30,91282CKQ3,TSRYS5802845,D,S,T,2024-05-17,1000000.00,4.36981,100.041015625
08:00:30,91282CKQ3,TSRYS5802845,D,S,T,2024-05-17,1000000.00,4.36981,100.041015625
08:00:30,91282CKQ3,TSRYS5802845,D,S,T,2024-05-17,1000000.00,4.36981,100.041015625
08:00:30,91282CKQ3,TSRYS5802845,D,S,T,2024-05-17,1000000.00,4.36981,100.041015625
08:00:30,91282CKQ3,TSRYS5802845,D,S,T,2024-05-17,1000000.00,4.36981,100.041015625
08:00:30,91282CKQ3,TSRYS5802845,D,S,T,2024-05-17,1000000.00,4.36981,100.041015625
08:00:30,91282CKQ3,TSRYS5802845,D,S,T,2024-05-17,1000000.00,4.36981,100.041015625
08:00:30,91282CKQ3,TSRYS5802845,D,S,T,2024-05-17,2000000.00,4.369323,100.044921875
08:00:30,91282CKQ3,TSRYS5802845,D,S,T,2024-05-17,2000000.00,4.36908,100.046875
08:00:30,91282CKQ3,TSRYS5802845,D,S,T,2024-05-17,1000000.00,4.36908,100.046875
08:00:30,91282CKQ3,TSRYS5802845,D,S,T,2024-05-17,1000000.00,4.36908,100.046875
08:00:30,91282CKQ3,TSRYS5802845,D,S,T,2024-05-17,1000000.00,4.36908,100.046875
08:00:30,91282CKQ3,TSRYS5802845,D,S,T,2024-05-17,2000000.00,4.36908,100.046875
08:00:30,91282CKQ3,TSRYS5802845,D,S,T,2024-05-17,1000000.00,4.36908,100.046875
08:00:30,91282CKQ3,TSRYS5802845,D,S,T,2024-05-17,1000000.00,4.36908,100.046875
08:00:30,91282CKQ3,TSRYS5802845,D,S,T,2024-05-17,1000000.00,4.36908,100.046875
08:00:30,91282CKQ3,TSRYS5802845,D,S,T,2024-05-17,1000000.00,4.36908,100.046875
08:00:30,91282CKQ3,TSRYS5802845,D,S,T,2024-05-17,1000000.00,4.36908,100.046875
08:00:30,91282CKQ3,TSRYS5802845,D,S,T,2024-05-17,1000000.00,4.36908,100.046875
08:00:30,91282CKQ3,TSRYS5802845,D,S,T,2024-05-17,1000000.00,4.36908,100.046875
08:00:30,91282CKQ3,TSRYS5802845,D,S,T,2024-05-17,1000000.00,4.36908,100.046875
08:00:30,91282CKQ3,TSRYS5802845,D,S,T,2024-05-17,1000000.00,4.36908,100.046875
08:00:30,91282CKQ3,TSRYS5802845,D,S,T,2024-05-17,2000000.00,4.36908,100.046875
08:00:30,91282CKQ3,TSRYS5802845,D,S,T,2024-05-17,1000000.00,4.36908,100.046875
08:00:30,91282CKQ3,TSRYS5802845,D,S,T,2024-05-17,2000000.00,4.36908,100.046875
08:00:30,91282CKQ3,TSRYS5802845,D,S,T,2024-05-17,2000000.00,4.36908,100.046875
08:00:30,91282CKQ3,TSRYS5802845,D,S,T,2024-05-17,1000000.00,4.36908,100.046875
08:00:30,91282CKQ3,TSRYS5802845,D,S,T,2024-05-17,1000000.00,4.36908,100.046875
08:00:30,91282CKQ3,TSRYS5802845,D,S,T,2024-05-17,1000000.00,4.36908,100.046875
08:00:30,91282CKQ3,TSRYS5802845,D,S,T,2024-05-17,1000000.00,4.36908,100.046875
08:00:30,91282CKQ3,TSRYS5802845,D,S,T,2024-05-17,1000000.00,4.371027,100.03125
08:00:30,91282CKQ3,TSRYS5802845,D,S,T,2024-05-17,2000000.00,4.372244,100.021484375
08:00:30,91282CKQ3,TSRYS5802845,D,S,T,2024-05-17,1000000.00,4.372974,100.015625
08:00:30,91282CKQ3,TSRYS5802845,D,S,T,2024-05-17,1000000.00,4.372974,100.015625
08:00:30,91282CKQ3,TSRYS5802845,D,S,T,2024-05-17,1000000.00,4.372974,100.015625
08:00:30,91282CKQ3,TSRYS5802845,D,S,T,2024-05-17,1000000.00,4.372974,100.015625
08:00:30,91282CKQ3,TSRYS5802845,D,S,T,2024-05-17,1000000.00,4.372974,100.015625
08:00:30,91282CKQ3,TSRYS5802845,D,S,T,2024-05-17,2000000.00,4.372974,100.015625
08:00:30,91282CKQ3,TSRYS5802845,D,S,T,2024-05-17,2000000.00,4.372974,100.015625
08:00:30,91282CKQ3,TSRYS5802845,D,S,T,2024-05-17,2000000.00,4.372974,100.015625
08:00:30,91282CKQ3,TSRYS5802845,D,S,T,2024-05-17,1000000.00,4.374922,100.0
08:00:30,91282CKQ3,TSRYS5802845,D,S,T,2024-05-17,1000000.00,4.374922,100.0
08:00:30,91282CKQ3,TSRYS5802845,D,S,T,2024-05-17,2000000.00,4.37687,99.984375
08:00:30,91282CKQ3,TSRYS5802845,D,S,T,2024-05-17,1000000.00,4.375653,99.994140625
08:00:30,91282CKQ3,TSRYS5802845,D,S,T,2024-05-17,1000000.00,4.375653,99.994140625
08:00:30,91282CKQ3,TSRYS5802845,D,S,T,2024-05-17,1000000.00,4.374922,100.0
08:00:30,91282CKQ3,TSRYS5802845,D,S,T,2024-05-17,2000000.00,4.374922,100.0
08:00:30,91282CKQ3,TSRYS5802845,D,S,T,2024-05-17,1000000.00,4.374922,100.0
08:00:30,91282CKQ3,TSRYS5802845,D,S,T,2024-05-17,1000000.00,4.374922,100.0
08:00:30,91282CKQ3,TSRYS5802845,D,S,T,2024-05-17,2000000.00,4.371027,100.03125
08:00:30,91282CKQ3,TSRYS5802845,D,S,T,2024-05-17,1000000.00,4.371027,100.03125
08:00:30,91282CKQ3,TSRYS5802845,D,S,T,2024-05-17,1000000.00,4.371027,100.03125
08:00:30,91282CKQ3,TSRYS5802845,D,S,T,2024-05-17,1000000.00,4.371027,100.03125
08:00:30,91282CKQ3,TSRYS5802845,D,S,T,2024-05-17,1000000.00,4.371027,100.03125
08:00:30,91282CKQ3,TSRYS5802845,D,S,T,2024-05-17,2000000.00,4.36908,100.046875
08:00:30,91282CKQ3,TSRYS5802845,D,S,T,2024-05-17,2000000.00,4.367863,100.056640625
08:00:30,91282CKQ3,TSRYS5802845,D,S,T,2024-05-17,2000000.00,4.36762,100.05859375
08:00:30,91282CKQ3,TSRYS5802845,D,S,T,2024-05-17,2000000.00,4.367377,100.060546875
08:00:30,91282CKQ3,TSRYS5802845,D,S,T,2024-05-17,2000000.00,4.367133,100.0625
08:00:30,91282CKQ3,TSRYS5802845,D,S,T,2024-05-17,1000000.00,4.36908,100.046875
08:00:30,91282CKQ3,TSRYS5802845,D,S,T,2024-05-17,1000000.00,4.365673,100.07421875
08:00:30,91282CKQ3,TSRYS5802845,D,S,T,2024-05-17,1000000.00,4.36908,100.046875
08:00:30,91282CKQ3,TSRYS5802845,D,S,T,2024-05-17,1000000.00,4.374922,100.0
08:00:30,91282CKQ3,TSRYS5802845,D,S,T,2024-05-17,1000000.00,4.374922,100.0
08:00:30,91282CKQ3,TSRYS5802845,D,S,T,2024-05-17,1000000.00,4.375896,99.9921875
08:00:30,91282CKQ3,TSRYS5802845,D,S,T,2024-05-17,1000000.00,4.37687,99.984375
08:00:30,91282CKQ3,TSRYS5802845,D,S,T,2024-05-17,1000000.00,4.37687,99.984375
08:00:30,91282CKQ3,TSRYS5802845,D,S,T,2024-05-17,1000000.00,4.37687,99.984375
08:00:30,91282CKQ3,TSRYS5802845,D,S,T,2024-05-17,1000000.00,4.37687,99.984375
08:00:30,91282CKQ3,TSRYS5802845,D,S,T,2024-05-17,1000000.00,4.37687,99.984375
08:00:30,91282CKQ3,TSRYS5802845,D,S,T,2024-05-17,1000000.00,4.37687,99.984375
08:00:30,91282CKQ3,TSRYS5802845,D,S,T,2024-05-17,1000000.00,4.37687,99.984375
08:00:30,91282CKQ3,TSRYS5802845,D,S,T,2024-05-17,1000000.00,4.37687,99.984375
08:00:30,91282CKQ3,TSRYS5802845,D,S,T,2024-05-17,2000000.00,4.374922,100.0
08:00:30,91282CKQ3,TSRYS5802845,D,S,T,2024-05-17,1000000.00,4.374922,100.0
08:00:30,91282CKQ3,TSRYS5802845,D,S,T,2024-05-17,1000000.00,4.374922,100.0
08:00:30,91282CKQ3,TSRYS5802845,D,S,T,2024-05-17,1000000.00,4.374922,100.0
08:00:30,91282CKQ3,TSRYS5802845,D,S,T,2024-05-17,1000000.00,4.374922,100.0
08:00:30,91282CKQ3,TSRYS5802845,D,S,T,2024-05-17,2000000.00,4.374922,100.0
08:00:30,91282CKQ3,TSRYS5802845,D,S,T,2024-05-17,2000000.00,4.374922,100.0
08:00:30,91282CKQ3,TSRYS5802845,D,S,T,2024-05-17,2000000.00,4.374922,100.0
08:00:30,91282CKQ3,TSRYS5802845,D,S,T,2024-05-17,1000000.00,4.374922,100.0
08:00:30,91282CKQ3,TSRYS5802845,D,S,T,2024-05-17,1000000.00,4.377601,99.978515625
08:00:30,91282CKQ3,TSRYS5802845,D,S,T,2024-05-17,1000000.00,4.37687,99.984375
08:00:30,91282CKQ3,TSRYS5802845,D,S,T,2024-05-17,2000000.00,4.37687,99.984375
08:00:30,91282CKQ3,TSRYS5802845,D,S,T,2024-05-17,1000000.00,4.378088,99.974609375
08:00:30,91282CKQ3,TSRYS5802845,D,S,T,2024-05-17,1000000.00,4.378819,99.96875
08:00:30,91282CKQ3,TSRYS5802845,D,S,T,2024-05-17,1000000.00,4.378819,99.96875
08:00:30,91282CKQ3,TSRYS5802845,D,S,T,2024-05-17,1000000.00,4.378819,99.96875
08:00:30,91282CKQ3,TSRYS5802845,D,S,T,2024-05-17,1000000.00,4.378819,99.96875
08:00:30,91282CKQ3,TSRYS5802845,D,S,T,2024-05-17,5000000.00,4.378819,99.96875
08:00:30,91282CKQ3,TSRYS5802845,D,S,T,2024-05-17,2000000.00,4.378819,99.96875
08:00:30,91282CKQ3,TSRYS5802845,D,S,T,2024-05-17,2000000.00,4.378819,99.96875
08:00:30,91282CKQ3,TSRYS5802845,D,S,T,2024-05-17,1000000.00,4.378819,99.96875
08:00:30,91282CKQ3,TSRYS5802845,D,S,T,2024-05-17,2000000.00,4.378819,99.96875
08:00:30,91282CKQ3,TSRYS5802845,D,S,T,2024-05-17,1000000.00,4.378819,99.96875
08:00:30,91282CKQ3,TSRYS5802845,D,S,T,2024-05-17,1000000.00,4.378819,99.96875
08:00:30,91282CKQ3,TSRYS5802845,D,S,T,2024-05-17,1000000.00,4.378819,99.96875
08:00:30,91282CKQ3,TSRYS5802845,D,S,T,2024-05-17,1000000.00,4.377845,99.9765625
08:00:30,91282CKQ3,TSRYS5802845,D,S,T,2024-05-17,1000000.00,4.377845,99.9765625
08:00:30,91282CKQ3,TSRYS5802845,D,S,D,2024-05-17,1000000.00,4.378575,99.970703125
08:00:30,91282CKQ3,TSRYS5802845,D,S,D,2024-05-17,1000000.00,4.378819,99.96875
08:00:30,91282CKQ3,TSRYS5802845,D,S,T,2024-05-17,1000000.00,4.377845,99.9765625
08:00:30,91282CKQ3,TSRYS5802845,D,S,T,2024-05-17,1000000.00,4.378819,99.96875
08:00:30,91282CKQ3,TSRYS5802845,D,S,T,2024-05-17,1000000.00,4.378819,99.96875
08:00:30,91282CKQ3,TSRYS5802845,D,S,T,2024-05-17,2000000.00,4.378819,99.96875
08:00:30,91282CKQ3,TSRYS5802845,D,S,T,2024-05-17,1000000.00,4.380768,99.953125
08:00:30,91282CKQ3,TSRYS5802845,D,S,T,2024-05-17,1000000.00,4.380281,99.95703125
08:00:30,91282CKQ3,TSRYS5802845,D,S,T,2024-05-17,1000000.00,4.380768,99.953125
08:00:30,91282CKQ3,TSRYS5802845,D,S,T,2024-05-17,1000000.00,4.380524,99.955078125
08:00:30,91282CKQ3,TSRYS5802845,D,S,T,2024-05-17,1000000.00,4.380281,99.95703125
08:00:30,91282CKQ3,TSRYS5802845,D,S,T,2024-05-17,1000000.00,4.380281,99.95703125
08:00:30,91282CKQ3,TSRYS5802845,D,S,T,2024-05-17,1000000.00,4.380281,99.95703125
08:00:30,91282CKQ3,TSRYS5802845,D,S,T,2024-05-17,1000000.00,4.380037,99.958984375
08:00:30,91282CKQ3,TSRYS5802845,D,S,T,2024-05-17,1000000.00,4.380037,99.958984375
08:00:30,91282CKQ3,TSRYS5802845,D,S,T,2024-05-17,1000000.00,4.380037,99.958984375
08:00:30,91282CKQ3,TSRYS5802845,D,S,T,2024-05-17,1000000.00,4.380037,99.958984375
08:00:30,91282CKQ3,TSRYS5802845,D,S,T,2024-05-17,1000000.00,4.380037,99.958984375
08:00:30,91282CKQ3,TSRYS5802845,D,S,T,2024-05-17,1000000.00,4.380037,99.958984375
08:00:30,91282CKQ3,TSRYS5802845,D,S,T,2024-05-17,1000000.00,4.379793,99.9609375
08:00:30,91282CKQ3,TSRYS5802845,D,S,T,2024-05-17,1000000.00,4.379793,99.9609375
08:00:30,91282CKQ3,TSRYS5802845,D,S,T,2024-05-17,1000000.00,4.380281,99.95703125
08:00:30,91282CKQ3,TSRYS5802845,D,S,T,2024-05-17,1000000.00,4.380281,99.95703125
08:00:30,91282CKQ3,TSRYS5802845,D,S,T,2024-05-17,1000000.00,4.380281,99.95703125
08:00:30,91282CKQ3,TSRYS5802845,D,S,T,2024-05-17,2000000.00,4.37955,99.962890625
08:00:30,91282CKQ3,TSRYS5802845,D,S,T,2024-05-17,1000000.00,4.380281,99.95703125
08:00:30,91282CKQ3,TSRYS5802845,D,S,T,2024-05-17,1000000.00,4.380281,99.95703125
08:00:30,91282CKQ3,TSRYS5802845,D,S,T,2024-05-17,1000000.00,4.380768,99.953125
08:00:30,91282CKQ3,TSRYS5802845,D,S,T,2024-05-17,1000000.00,4.381742,99.9453125
08:00:30,91282CKQ3,TSRYS5802845,D,S,T,2024-05-17,2000000.00,4.381742,99.9453125
08:00:30,91282CKQ3,TSRYS5802845,D,S,T,2024-05-17,1000000.00,4.381742,99.9453125
08:00:30,91282CKQ3,TSRYS5802845,D,S,T,2024-05-17,1000000.00,4.381742,99.9453125
08:00:30,91282CKQ3,TSRYS5802845,D,S,T,2024-05-17,1000000.00,4.381742,99.9453125
08:00:30,91282CKQ3,TSRYS5802845,D,S,T,2024-05-17,1000000.00,4.381742,99.9453125
08:00:30,91282CKQ3,TSRYS5802845,D,S,T,2024-05-17,2000000.00,4.382717,99.9375
08:00:30,91282CKQ3,TSRYS5802845,D,S,T,2024-05-17,2000000.00,4.382717,99.9375
08:00:30,91282CKQ3,TSRYS5802845,D,S,T,2024-05-17,1000000.00,4.382717,99.9375
08:00:30,91282CKQ3,TSRYS5802845,D,S,T,2024-05-17,1000000.00,4.382717,99.9375
08:00:30,91282CKQ3,TSRYS5802845,D,S,T,2024-05-17,1000000.00,4.382717,99.9375
08:00:30,91282CKQ3,TSRYS5802845,D,S,T,2024-05-17,1000000.00,4.382717,99.9375
08:00:30,91282CKQ3,TSRYS5802845,D,S,T,2024-05-17,3000000.00,4.382717,99.9375
08:00:30,91282CKQ3,TSRYS5802845,D,S,T,2024-05-17,1000000.00,4.382717,99.9375
08:00:30,91282CKQ3,TSRYS5802845,D,S,T,2024-05-17,1000000.00,4.382717,99.9375
08:00:30,91282CKQ3,TSRYS5802845,D,S,T,2024-05-17,1000000.00,4.382717,99.9375
08:00:30,91282CKQ3,TSRYS5802845,D,S,T,2024-05-17,2000000.00,4.380768,99.953125
08:00:30,91282CKQ3,TSRYS5802845,D,S,T,2024-05-17,1000000.00,4.381742,99.9453125
08:00:30,91282CKQ3,TSRYS5802845,D,S,T,2024-05-17,2000000.00,4.382717,99.9375
08:00:30,91282CKQ3,TSRYS5802845,D,S,T,2024-05-17,1000000.00,4.384667,99.921875
08:00:30,91282CKQ3,TSRYS5802845,D,S,T,2024-05-17,2000000.00,4.384667,99.921875
08:00:30,91282CKQ3,TSRYS5802845,D,S,T,2024-05-17,2000000.00,4.384667,99.921875
08:00:30,91282CKQ3,TSRYS5802845,D,S,T,2024-05-17,1000000.00,4.384667,99.921875
08:00:30,91282CKQ3,TSRYS5802845,D,S,T,2024-05-17,2000000.00,4.384667,99.921875
08:00:30,91282CKQ3,TSRYS5802845,D,S,T,2024-05-17,1000000.00,4.384667,99.921875
08:00:30,91282CKQ3,TSRYS5802845,D,S,T,2024-05-17,1000000.00,4.384667,99.921875
08:00:30,91282CKQ3,TSRYS5802845,D,S,T,2024-05-17,2000000.00,4.384667,99.921875
08:00:30,91282CKQ3,TSRYS5802845,D,S,T,2024-05-17,2000000.00,4.384667,99.921875
08:00:30,91282CKQ3,TSRYS5802845,D,S,T,2024-05-17,1000000.00,4.384667,99.921875
08:00:30,91282CKQ3,TSRYS5802845,D,S,T,2024-05-17,1000000.00,4.384667,99.921875
08:00:30,91282CKQ3,TSRYS5802845,D,S,T,2024-05-17,1000000.00,4.384667,99.921875
08:00:30,91282CKQ3,TSRYS5802845,D,S,T,2024-05-17,1000000.00,4.384667,99.921875
08:00:30,91282CKQ3,TSRYS5802845,D,S,T,2024-05-17,2000000.00,4.384667,99.921875
08:00:30,91282CKQ3,TSRYS5802845,D,S,T,2024-05-17,1000000.00,4.384667,99.921875
08:00:30,91282CKQ3,TSRYS5802845,D,S,T,2024-05-17,1000000.00,4.384667,99.921875
08:00:30,91282CKQ3,TSRYS5802845,D,S,T,2024-05-17,1000000.00,4.384667,99.921875
08:00:30,91282CKQ3,TSRYS5802845,D,S,T,2024-05-17,1000000.00,4.384667,99.921875
08:00:30,91282CKQ3,TSRYS5802845,D,S,T,2024-05-17,1000000.00,4.384667,99.921875
08:00:30,91282CKQ3,TSRYS5802845,D,S,T,2024-05-17,1000000.00,4.384667,99.921875
08:00:30,91282CKQ3,TSRYS5802845,D,S,T,2024-05-17,1000000.00,4.384667,99.921875
08:00:30,91282CKQ3,TSRYS5802845,D,S,T,2024-05-17,1000000.00,4.384667,99.921875
08:00:30,91282CKQ3,TSRYS5802845,D,S,T,2024-05-17,2000000.00,4.384667,99.921875
08:00:30,91282CKQ3,TSRYS5802845,D,S,T,2024-05-17,1000000.00,4.388811,99.888671875
08:00:30,91282CKQ3,TSRYS5802845,D,S,T,2024-05-17,2000000.00,4.386617,99.90625
08:00:30,91282CKQ3,TSRYS5802845,D,S,T,2024-05-17,1000000.00,4.386617,99.90625
08:00:30,91282CKQ3,TSRYS5802845,D,S,T,2024-05-17,1000000.00,4.385154,99.91796875
08:00:30,91282CKQ3,TSRYS5802845,D,S,T,2024-05-17,2000000.00,4.384667,99.921875
08:00:30,91282CKQ3,TSRYS5802845,D,S,T,2024-05-17,1000000.00,4.384667,99.921875
08:00:30,91282CKQ3,TSRYS5802845,D,S,T,2024-05-17,2000000.00,4.384667,99.921875
08:00:30,91282CKQ3,TSRYS5802845,D,S,T,2024-05-17,1000000.00,4.384667,99.921875
08:00:30,91282CKQ3,TSRYS5802845,D,S,T,2024-05-17,2000000.00,4.384667,99.921875
08:00:30,91282CKQ3,TSRYS5802845,D,S,T,2024-05-17,1000000.00,4.384667,99.921875
08:00:30,91282CKQ3,TSRYS5802845,D,S,T,2024-05-17,1000000.00,4.384667,99.921875
08:00:30,91282CKQ3,TSRYS5802845,D,S,T,2024-05-17,1000000.00,4.384667,99.921875
08:00:30,91282CKQ3,TSRYS5802845,D,S,T,2024-05-17,1000000.00,4.384667,99.921875
08:00:30,91282CKQ3,TSRYS5802845,D,S,T,2024-05-17,2000000.00,4.384667,99.921875
08:00:30,91282CKQ3,TSRYS5802845,D,S,T,2024-05-17,2000000.00,4.384667,99.921875
08:00:30,91282CKQ3,TSRYS5802845,D,S,T,2024-05-17,1000000.00,4.385154,99.91796875
08:00:30,91282CKQ3,TSRYS5802845,D,S,T,2024-05-17,1000000.00,4.385154,99.91796875
08:00:30,91282CKQ3,TSRYS5802845,D,S,T,2024-05-17,1000000.00,4.385398,99.916015625
08:00:30,91282CKQ3,TSRYS5802845,D,S,T,2024-05-17,1000000.00,4.385398,99.916015625
08:00:30,91282CKQ3,TSRYS5802845,D,S,T,2024-05-17,1000000.00,4.385154,99.91796875
08:00:30,91282CKQ3,TSRYS5802845,D,S,T,2024-05-17,1000000.00,4.384667,99.921875
08:00:30,91282CKQ3,TSRYS5802845,D,S,T,2024-05-17,1000000.00,4.384667,99.921875
08:00:30,91282CKQ3,TSRYS5802845,D,S,T,2024-05-17,1000000.00,4.386617,99.90625
08:00:30,91282CKQ3,TSRYS5802845,D,S,T,2024-05-17,1000000.00,4.386617,99.90625
08:00:30,91282CKQ3,TSRYS5802845,D,S,T,2024-05-17,1000000.00,4.386617,99.90625
08:00:30,91282CKQ3,TSRYS5802845,D,S,T,2024-05-17,1000000.00,4.386617,99.90625
08:00:30,91282CKQ3,TSRYS5802845,D,S,T,2024-05-17,2000000.00,4.386617,99.90625
08:00:30,91282CKQ3,TSRYS5802845,D,S,T,2024-05-17,1000000.00,4.386617,99.90625
08:00:30,91282CKQ3,TSRYS5802845,D,S,T,2024-05-17,1000000.00,4.386617,99.90625
08:00:30,91282CKQ3,TSRYS5802845,D,S,T,2024-05-17,2000000.00,4.386617,99.90625
08:00:30,91282CKQ3,TSRYS5802845,D,S,T,2024-05-17,2000000.00,4.386617,99.90625
08:00:30,91282CKQ3,TSRYS5802845,D,S,T,2024-05-17,1000000.00,4.386617,99.90625
08:00:30,91282CKQ3,TSRYS5802845,D,S,T,2024-05-17,2000000.00,4.386617,99.90625
08:00:30,91282CKQ3,TSRYS5802845,D,S,T,2024-05-17,1000000.00,4.386617,99.90625
08:00:30,91282CKQ3,TSRYS5802845,D,S,T,2024-05-17,2000000.00,4.386617,99.90625
08:00:30,91282CKQ3,TSRYS5802845,D,S,T,2024-05-17,2000000.00,4.386617,99.90625
08:00:30,91282CKQ3,TSRYS5802845,D,S,T,2024-05-17,2000000.00,4.386617,99.90625
08:00:30,91282CKQ3,TSRYS5802845,D,S,T,2024-05-17,1000000.00,4.386617,99.90625
08:00:30,91282CKQ3,TSRYS5802845,D,S,T,2024-05-17,1000000.00,4.386617,99.90625
08:00:30,91282CKQ3,TSRYS5802845,D,S,T,2024-05-17,1000000.00,4.386617,99.90625
08:00:30,91282CKQ3,TSRYS5802845,D,S,T,2024-05-17,1000000.00,4.386617,99.90625
08:00:30,91282CKQ3,TSRYS5802845,D,S,T,2024-05-17,1000000.00,4.386617,99.90625
08:00:30,91282CKQ3,TSRYS5802845,D,S,T,2024-05-17,2000000.00,4.386617,99.90625
08:00:30,91282CKQ3,TSRYS5802845,D,S,T,2024-05-17,2000000.00,4.386617,99.90625
08:00:30,91282CKQ3,TSRYS5802845,D,S,T,2024-05-17,2000000.00,4.386617,99.90625
08:00:30,91282CKQ3,TSRYS5802845,D,S,T,2024-05-17,2000000.00,4.386617,99.90625
08:00:30,91282CKQ3,TSRYS5802845,D,S,T,2024-05-17,1000000.00,4.386617,99.90625
08:00:30,91282CKQ3,TSRYS5802845,D,S,T,2024-05-17,1000000.00,4.386617,99.90625
08:00:30,91282CKQ3,TSRYS5802845,D,S,T,2024-05-17,1000000.00,4.386617,99.90625
08:00:30,91282CKQ3,TSRYS5802845,D,S,T,2024-05-17,2000000.00,4.386617,99.90625
08:00:30,91282CKQ3,TSRYS5802845,D,S,T,2024-05-17,2000000.00,4.386617,99.90625
08:00:30,91282CKQ3,TSRYS5802845,D,S,T,2024-05-17,2000000.00,4.385885,99.912109375
08:00:30,91282CKQ3,TSRYS5802845,D,S,T,2024-05-17,1000000.00,4.385885,99.912109375
08:00:30,91282CKQ3,TSRYS5802845,D,S,T,2024-05-17,1000000.00,4.386617,99.90625
08:00:30,91282CKQ3,TSRYS5802845,D,S,T,2024-05-17,2000000.00,4.386617,99.90625
08:00:30,91282CKQ3,TSRYS5802845,D,S,T,2024-05-17,1000000.00,4.386617,99.90625
08:00:30,91282CKQ3,TSRYS5802845,D,S,T,2024-05-17,2000000.00,4.386617,99.90625
08:00:30,91282CKQ3,TSRYS5802845,D,S,T,2024-05-17,1000000.00,4.386617,99.90625
08:00:30,91282CKQ3,TSRYS5802845,D,S,T,2024-05-17,1000000.00,4.386617,99.90625
08:00:30,91282CKQ3,TSRYS5802845,D,S,T,2024-05-17,2000000.00,4.386617,99.90625
08:00:30,91282CKQ3,TSRYS5802845,D,S,T,2024-05-17,1000000.00,4.386617,99.90625
08:00:30,91282CKQ3,TSRYS5802845,D,S,T,2024-05-17,1000000.00,4.386617,99.90625
08:00:30,91282CKQ3,TSRYS5802845,D,S,T,2024-05-17,1000000.00,4.386617,99.90625
08:00:30,91282CKQ3,TSRYS5802845,D,S,T,2024-05-17,1000000.00,4.386617,99.90625
08:00:30,91282CKQ3,TSRYS5802845,D,S,T,2024-05-17,1000000.00,4.386617,99.90625
08:00:30,91282CKQ3,TSRYS5802845,D,S,T,2024-05-17,1000000.00,4.388323,99.892578125
08:00:30,91282CKQ3,TSRYS5802845,D,S,T,2024-05-17,2000000.00,4.387592,99.8984375
08:00:30,91282CKQ3,TSRYS5802845,D,S,T,2024-05-17,2000000.00,4.388079,99.89453125
08:00:30,91282CKQ3,TSRYS5802845,D,S,T,2024-05-17,1000000.00,4.388567,99.890625
08:00:30,91282CKQ3,TSRYS5802845,D,S,T,2024-05-17,1000000.00,4.388567,99.890625
08:00:30,91282CKQ3,TSRYS5802845,D,S,T,2024-05-17,2000000.00,4.390518,99.875
08:00:30,91282CKQ3,TSRYS5802845,D,S,T,2024-05-17,1000000.00,4.390518,99.875
08:00:30,91282CKQ3,TSRYS5802845,D,S,T,2024-05-17,1000000.00,4.390518,99.875
08:00:30,91282CKQ3,TSRYS5802845,D,S,T,2024-05-17,1000000.00,4.390518,99.875
08:00:30,91282CKQ3,TSRYS5802845,D,S,T,2024-05-17,2000000.00,4.390518,99.875
08:00:30,91282CKQ3,TSRYS5802845,D,S,T,2024-05-17,1000000.00,4.390518,99.875
08:00:30,91282CKQ3,TSRYS5802845,D,S,T,2024-05-17,3000000.00,4.390518,99.875
08:00:30,91282CKQ3,TSRYS5802845,D,S,T,2024-05-17,2000000.00,4.391005,99.87109375
08:00:30,91282CKQ3,TSRYS5802845,D,S,T,2024-05-17,2000000.00,4.391005,99.87109375
08:00:30,91282CKQ3,TSRYS5802845,D,S,T,2024-05-17,2000000.00,4.391005,99.87109375
08:00:30,91282CKQ3,TSRYS5802845,D,S,T,2024-05-17,2000000.00,4.3932,99.853515625
08:00:34,91282CKQ3,TSRYS5802845,D,S,T,2024-05-17,1000000.00,4.398324,99.8125
08:00:34,91282CKQ3,TSRYS5802845,D,S,T,2024-05-17,1000000.00,4.398324,99.8125
08:00:34,91282CKQ3,TSRYS5802845,D,S,T,2024-05-17,1000000.00,4.398324,99.8125
08:00:34,91282CKQ3,TSRYS5802845,D,S,T,2024-05-17,2000000.00,4.397836,99.81640625
08:00:34,91282CKQ3,TSRYS5802845,D,S,T,2024-05-17,1000000.00,4.397348,99.8203125
08:00:34,91282CKQ3,TSRYS5802845,D,S,T,2024-05-17,1000000.00,4.397348,99.8203125
08:00:34,91282CKQ3,TSRYS5802845,D,S,T,2024-05-17,1000000.00,4.397348,99.8203125
08:00:34,91282CKQ3,TSRYS5802845,D,S,T,2024-05-17,2000000.00,4.397836,99.81640625
08:00:34,91282CKQ3,TSRYS5802845,D,S,T,2024-05-17,1000000.00,4.397592,99.818359375
08:00:34,91282CKQ3,TSRYS5802845,D,S,T,2024-05-17,1000000.00,4.397348,99.8203125
08:00:34,91282CKQ3,TSRYS5802845,D,S,T,2024-05-17,1000000.00,4.397348,99.8203125
08:00:34,91282CKQ3,TSRYS5802845,D,S,T,2024-05-17,1000000.00,4.397348,99.8203125
08:00:34,91282CKQ3,TSRYS5802845,D,S,T,2024-05-17,1000000.00,4.397348,99.8203125
08:00:34,91282CKQ3,TSRYS5802845,D,S,T,2024-05-17,3000000.00,4.398324,99.8125
08:00:34,91282CKQ3,TSRYS5802845,D,S,T,2024-05-17,1000000.00,4.398324,99.8125
08:00:34,91282CKQ3,TSRYS5802845,D,S,T,2024-05-17,1000000.00,4.398324,99.8125
08:00:34,91282CKQ3,TSRYS5802845,D,S,T,2024-05-17,1000000.00,4.398324,99.8125
08:00:34,91282CKQ3,TSRYS5802845,D,S,T,2024-05-17,1000000.00,4.398324,99.8125
08:00:34,91282CKQ3,TSRYS5802845,D,S,T,2024-05-17,1000000.00,4.398324,99.8125
08:00:34,91282CKQ3,TSRYS5802845,D,S,T,2024-05-17,1000000.00,4.398324,99.8125
08:00:34,91282CKQ3,TSRYS5802845,D,S,T,2024-05-17,1000000.00,4.398324,99.8125
08:00:34,91282CKQ3,TSRYS5802845,D,S,T,2024-05-17,1000000.00,4.398324,99.8125
08:00:34,91282CKQ3,TSRYS5802845,D,S,T,2024-05-17,2000000.00,4.398324,99.8125
08:00:34,91282CKQ3,TSRYS5802845,D,S,T,2024-05-17,1000000.00,4.398324,99.8125
08:00:34,91282CKQ3,TSRYS5802845,D,S,T,2024-05-17,2000000.00,4.398324,99.8125
08:00:34,91282CKQ3,TSRYS5802845,D,S,T,2024-05-17,1000000.00,4.398324,99.8125
08:00:34,91282CKQ3,TSRYS5802845,D,S,T,2024-05-17,1000000.00,4.398324,99.8125
08:00:34,91282CKQ3,TSRYS5802845,D,S,T,2024-05-17,1000000.00,4.397592,99.818359375
08:00:34,91282CKQ3,TSRYS5802845,D,S,T,2024-05-17,2000000.00,4.397348,99.8203125
08:00:34,91282CKQ3,TSRYS5802845,D,S,T,2024-05-17,8000000.00,4.398324,99.8125
08:00:34,91282CKQ3,TSRYS5802845,D,S,T,2024-05-17,1000000.00,4.398324,99.8125
08:00:34,91282CKQ3,TSRYS5802845,D,S,T,2024-05-17,3000000.00,4.398324,99.8125
08:00:34,91282CKQ3,TSRYS5802845,D,S,T,2024-05-17,1000000.00,4.398324,99.8125
08:00:34,91282CKQ3,TSRYS5802845,D,S,T,2024-05-17,3000000.00,4.398324,99.8125
08:00:34,91282CKQ3,TSRYS5802845,D,S,T,2024-05-17,1000000.00,4.398324,99.8125
08:00:34,91282CKQ3,TSRYS5802845,D,S,T,2024-05-17,1000000.00,4.398324,99.8125
08:00:34,91282CKQ3,TSRYS5802845,D,S,T,2024-05-17,1000000.00,4.398324,99.8125
08:00:34,91282CKQ3,TSRYS5802845,D,S,T,2024-05-17,1000000.00,4.398324,99.8125
08:00:34,91282CKQ3,TSRYS5802845,D,S,T,2024-05-17,1000000.00,4.398324,99.8125
08:00:34,91282CKQ3,TSRYS5802845,D,S,T,2024-05-17,2000000.00,4.398324,99.8125
08:00:34,91282CKQ3,TSRYS5802845,D,S,T,2024-05-17,1000000.00,4.398324,99.8125
08:00:34,91282CKQ3,TSRYS5802845,D,S,T,2024-05-17,1000000.00,4.398324,99.8125
08:00:34,91282CKQ3,TSRYS5802845,D,S,T,2024-05-17,1000000.00,4.398324,99.8125
08:00:34,91282CKQ3,TSRYS5802845,D,S,T,2024-05-17,3000000.00,4.398324,99.8125
08:00:34,91282CKQ3,TSRYS5802845,D,S,T,2024-05-17,1000000.00,4.398324,99.8125
08:00:34,91282CKQ3,TSRYS5802845,D,S,T,2024-05-17,2000000.00,4.398324,99.8125
08:00:34,91282CKQ3,TSRYS5802845,D,S,T,2024-05-17,4000000.00,4.398324,99.8125
08:00:34,91282CKQ3,TSRYS5802845,D,S,T,2024-05-17,2000000.00,4.398324,99.8125
08:00:34,91282CKQ3,TSRYS5802845,D,S,T,2024-05-17,4000000.00,4.398324,99.8125
08:00:34,91282CKQ3,TSRYS5802845,D,S,T,2024-05-17,2000000.00,4.398324,99.8125
08:00:34,91282CKQ3,TSRYS5802845,D,S,T,2024-05-17,1000000.00,4.398324,99.8125
08:00:34,91282CKQ3,TSRYS5802845,D,S,T,2024-05-17,1000000.00,4.398324,99.8125
08:00:34,91282CKQ3,TSRYS5802845,D,S,T,2024-05-17,1000000.00,4.398324,99.8125
08:00:34,91282CKQ3,TSRYS5802845,D,S,T,2024-05-17,1000000.00,4.398324,99.8125
08:00:34,91282CKQ3,TSRYS5802845,D,S,T,2024-05-17,1000000.00,4.398324,99.8125
08:00:34,91282CKQ3,TSRYS5802845,D,S,T,2024-05-17,1000000.00,4.398324,99.8125
08:00:34,91282CKQ3,TSRYS5802845,D,S,T,2024-05-17,2000000.00,4.398324,99.8125
08:00:34,91282CKQ3,TSRYS5802845,D,S,T,2024-05-17,1000000.00,4.398324,99.8125
08:00:34,91282CKQ3,TSRYS5802845,D,S,T,2024-05-17,2000000.00,4.398324,99.8125
08:00:34,91282CKQ3,TSRYS5802845,D,S,T,2024-05-17,1000000.00,4.398324,99.8125
08:00:34,91282CKQ3,TSRYS5802845,D,S,T,2024-05-17,1000000.00,4.398324,99.8125
08:00:34,91282CKQ3,TSRYS5802845,D,S,T,2024-05-17,1000000.00,4.398324,99.8125
08:00:34,91282CKQ3,TSRYS5802845,D,S,T,2024-05-17,2000000.00,4.398568,99.810546875
08:00:34,91282CKQ3,TSRYS5802845,D,S,T,2024-05-17,2000000.00,4.398324,99.8125
08:00:34,91282CKQ3,TSRYS5802845,D,S,T,2024-05-17,1000000.00,4.398324,99.8125
08:00:34,91282CKQ3,TSRYS5802845,D,S,T,2024-05-17,1000000.00,4.398324,99.8125
08:00:34,91282CKQ3,TSRYS5802845,D,S,T,2024-05-17,2000000.00,4.398324,99.8125
08:00:34,91282CKQ3,TSRYS5802845,D,S,T,2024-05-17,2000000.00,4.398324,99.8125
08:00:34,91282CKQ3,TSRYS5802845,D,S,T,2024-05-17,1000000.00,4.398324,99.8125
08:00:34,91282CKQ3,TSRYS5802845,D,S,T,2024-05-17,3000000.00,4.398812,99.80859375
08:00:34,91282CKQ3,TSRYS5802845,D,S,T,2024-05-17,1000000.00,4.396372,99.828125
08:00:34,91282CKQ3,TSRYS5802845,D,S,T,2024-05-17,2000000.00,4.396616,99.826171875
08:00:34,91282CKQ3,TSRYS5802845,D,S,T,2024-05-17,1000000.00,4.396372,99.828125
08:00:34,91282CKQ3,TSRYS5802845,D,S,T,2024-05-17,2000000.00,4.39442,99.84375
08:00:34,91282CKQ3,TSRYS5802845,D,S,T,2024-05-17,2000000.00,4.392469,99.859375
08:00:34,91282CKQ3,TSRYS5802845,D,S,T,2024-05-17,1000000.00,4.392469,99.859375
08:00:34,91282CKQ3,TSRYS5802845,D,S,T,2024-05-17,2000000.00,4.392713,99.857421875
08:00:34,91282CKQ3,TSRYS5802845,D,S,T,2024-05-17,1000000.00,4.392469,99.859375
08:00:34,91282CKQ3,TSRYS5802845,D,S,T,2024-05-17,1000000.00,4.392469,99.859375
08:00:34,91282CKQ3,TSRYS5802845,D,S,T,2024-05-17,1000000.00,4.392469,99.859375
08:00:34,91282CKQ3,TSRYS5802845,D,S,T,2024-05-17,2000000.00,4.392713,99.857421875
08:00:34,91282CKQ3,TSRYS5802845,D,S,T,2024-05-17,2000000.00,4.39442,99.84375
08:00:34,91282CKQ3,TSRYS5802845,D,S,T,2024-05-17,2000000.00,4.393932,99.84765625
08:00:34,91282CKQ3,TSRYS5802845,D,S,T,2024-05-17,2000000.00,4.394176,99.845703125
08:00:34,91282CKQ3,TSRYS5802845,D,S,D,2024-05-17,1000000.00,4.39442,99.84375
08:00:34,91282CKQ3,TSRYS5802845,D,S,T,2024-05-17,2000000.00,4.395884,99.83203125
08:00:34,91282CKQ3,TSRYS5802845,D,S,D,2024-05-17,1000000.00,4.366403,100.068359375
08:00:34,91282CKQ3,TSRYS5802845,D,S,D,2024-05-17,1000000.00,4.366403,100.068359375
08:00:34,91282CKQ3,TSRYS5802845,D,S,D,2024-05-17,1000000.00,4.366403,100.068359375
08:00:34,91282CKQ3,TSRYS5802845,D,S,D,2024-05-17,1000000.00,4.366403,100.068359375
08:00:34,91282CKQ3,TSRYS5802845,D,S,D,2024-05-17,1000000.00,4.366403,100.068359375
08:00:34,91282CKQ3,TSRYS5802845,D,S,D,2024-05-17,1000000.00,4.366403,100.068359375
08:00:34,91282CKQ3,TSRYS5802845,D,S,D,2024-05-17,1000000.00,4.366403,100.068359375
08:00:34,91282CKQ3,TSRYS5802845,D,S,D,2024-05-17,1000000.00,4.366403,100.068359375
08:00:34,91282CKQ3,TSRYS5802845,D,S,D,2024-05-17,1000000.00,4.366403,100.068359375
08:00:34,91282CKQ3,TSRYS5802845,D,S,D,2024-05-17,1000000.00,4.366403,100.068359375
08:00:34,91282CKQ3,TSRYS5802845,D,S,D,2024-05-17,1000000.00,4.366403,100.068359375
08:00:34,91282CKQ3,TSRYS5802845,D,S,D,2024-05-17,1000000.00,4.367377,100.060546875
08:00:34,91282CKQ3,TSRYS5802845,D,S,D,2024-05-17,2000000.00,4.365673,100.07421875
08:00:34,91282CKQ3,TSRYS5802845,D,S,D,2024-05-17,1000000.00,4.365917,100.072265625
08:00:34,91282CKQ3,TSRYS5802845,D,S,D,2024-05-17,1000000.00,4.367133,100.0625
08:00:34,91282CKQ3,TSRYS5802845,D,S,D,2024-05-17,1000000.00,4.366647,100.06640625
08:00:34,91282CKQ3,TSRYS5802845,D,S,D,2024-05-17,1000000.00,4.367133,100.0625
08:00:34,91282CKQ3,TSRYS5802845,D,S,D,2024-05-17,2000000.00,4.367377,100.060546875
08:00:34,91282CKQ3,TSRYS5802845,D,S,D,2024-05-17,2000000.00,4.36689,100.064453125
08:00:34,91282CKQ3,TSRYS5802845,D,S,D,2024-05-17,2000000.00,4.368837,100.048828125
08:00:34,91282CKQ3,TSRYS5802845,D,S,D,2024-05-17,2000000.00,4.368837,100.048828125
08:00:34,91282CKQ3,TSRYS5802845,D,S,D,2024-05-17,1000000.00,4.370784,100.033203125
08:00:34,91282CKQ3,TSRYS5802845,D,S,D,2024-05-17,1000000.00,4.370784,100.033203125
08:00:34,91282CKQ3,TSRYS5802845,D,S,D,2024-05-17,2000000.00,4.368593,100.05078125
08:00:34,91282CKQ3,TSRYS5802845,D,S,D,2024-05-17,2000000.00,4.369567,100.04296875
08:00:34,91282CKQ3,TSRYS5802845,D,S,D,2024-05-17,2000000.00,4.36981,100.041015625
08:00:34,91282CKQ3,TSRYS5802845,D,S,D,2024-05-17,1000000.00,4.372244,100.021484375
08:00:34,91282CKQ3,TSRYS5802845,D,S,D,2024-05-17,1000000.00,4.375166,99.998046875
08:00:34,91282CKQ3,TSRYS5802845,D,S,D,2024-05-17,2000000.00,4.375896,99.9921875
08:00:34,91282CKQ3,TSRYS5802845,D,S,D,2024-05-17,2000000.00,4.37614,99.990234375
08:00:34,91282CKQ3,TSRYS5802845,D,S,D,2024-05-17,2000000.00,4.365673,100.07421875
08:00:34,91282CKQ3,TSRYS5802845,D,S,D,2024-05-17,1000000.00,4.365673,100.07421875
08:00:34,91282CKQ3,TSRYS5802845,D,S,D,2024-05-17,2000000.00,4.378088,99.974609375
08:00:34,91282CKQ3,TSRYS5802845,D,S,D,2024-05-17,2000000.00,4.378088,99.974609375
08:00:34,91282CKQ3,TSRYS5802845,D,S,D,2024-05-17,1000000.00,4.378819,99.96875
08:00:34,91282CKQ3,TSRYS5802845,D,S,D,2024-05-17,1000000.00,4.379793,99.9609375
08:00:34,91282CKQ3,TSRYS5802845,D,S,D,2024-05-17,1000000.00,4.379793,99.9609375
08:00:34,91282CKQ3,TSRYS5802845,D,S,D,2024-05-17,1000000.00,4.379793,99.9609375
08:00:34,91282CKQ3,TSRYS5802845,D,S,D,2024-05-17,1000000.00,4.379793,99.9609375
08:00:34,91282CKQ3,TSRYS5802845,D,S,D,2024-05-17,1000000.00,4.379793,99.9609375
08:00:34,91282CKQ3,TSRYS5802845,D,S,D,2024-05-17,1000000.00,4.379793,99.9609375
08:00:34,91282CKQ3,TSRYS5802845,D,S,D,2024-05-17,1000000.00,4.382717,99.9375
08:00:34,91282CKQ3,TSRYS5802845,D,S,D,2024-05-17,2000000.00,4.383936,99.927734375
08:00:34,91282CKQ3,TSRYS5802845,D,S,D,2024-05-17,1000000.00,4.387836,99.896484375
08:00:34,91282CKQ3,TSRYS5802845,D,S,D,2024-05-17,1000000.00,4.387836,99.896484375
08:00:34,91282CKQ3,TSRYS5802845,D,S,D,2024-05-17,1000000.00,4.387348,99.900390625
08:00:34,91282CKQ3,TSRYS5802845,D,S,D,2024-05-17,1000000.00,4.387348,99.900390625
08:00:34,91282CKQ3,TSRYS5802845,D,S,D,2024-05-17,1000000.00,4.386617,99.90625
08:00:34,91282CKQ3,TSRYS5802845,D,S,D,2024-05-17,2000000.00,4.386617,99.90625
08:00:34,91282CKQ3,TSRYS5802845,D,S,D,2024-05-17,1000000.00,4.391981,99.86328125
08:00:34,91282CKQ3,TSRYS5802845,D,S,D,2024-05-17,2000000.00,4.392957,99.85546875
08:00:34,91282CKQ3,TSRYS5802845,D,S,D,2024-05-17,1000000.00,4.394664,99.841796875
08:00:34,91282CKQ3,TSRYS5802845,D,S,D,2024-05-17,2000000.00,4.398324,99.8125
08:00:34,91282CKQ3,TSRYS5802845,D,S,D,2024-05-17,1000000.00,4.398568,99.810546875
08:00:34,91282CKQ3,TSRYS5802845,D,S,D,2024-05-17,1000000.00,4.398324,99.8125
08:00:34,91282CKQ3,TSRYS5802845,D,S,D,2024-05-17,1000000.00,4.397836,99.81640625
08:00:34,91282CKQ3,TSRYS5802845,D,S,D,2024-05-17,1000000.00,4.396128,99.830078125
08:00:34,91282CKQ3,TSRYS5802845,D,S,D,2024-05-17,1000000.00,4.365673,100.07421875
08:00:34,91282CKQ3,TSRYS5802845,D,S,D,2024-05-17,3000000.00,4.370297,100.037109375
08:00:34,91282CKQ3,TSRYS5802845,D,S,D,2024-05-17,1000000.00,4.36908,100.046875
08:00:34,91282CKQ3,TSRYS5802845,D,S,D,2024-05-17,2000000.00,4.36908,100.046875
08:00:34,91282CKQ3,TSRYS5802845,D,S,D,2024-05-17,1000000.00,4.370297,100.037109375
08:00:34,91282CKQ3,TSRYS5802845,D,S,D,2024-05-17,2000000.00,4.375653,99.994140625
08:00:34,91282CKQ3,TSRYS5802845,D,S,D,2024-05-17,2000000.00,4.374922,100.0
08:00:34,91282CKQ3,TSRYS5802845,D,S,D,2024-05-17,2000000.00,4.365917,100.072265625
08:00:34,91282CKQ3,TSRYS5802845,D,S,D,2024-05-17,2000000.00,4.365673,100.07421875
08:00:34,91282CKQ3,TSRYS5802845,D,S,D,2024-05-17,2000000.00,4.366403,100.068359375
08:00:34,91282CKQ3,TSRYS5802845,D,S,D,2024-05-17,1000000.00,4.373461,100.01171875
08:00:34,91282CKQ3,TSRYS5802845,D,S,D,2024-05-17,3000000.00,4.374679,100.001953125
08:00:34,91282CKQ3,TSRYS5802845,D,S,D,2024-05-17,3000000.00,4.375166,99.998046875
08:00:34,91282CKQ3,TSRYS5802845,D,S,D,2024-05-17,2000000.00,4.378332,99.97265625
08:00:34,91282CKQ3,TSRYS5802845,D,S,D,2024-05-17,1000000.00,4.378332,99.97265625
08:00:34,91282CKQ3,TSRYS5802845,D,S,D,2024-05-17,1000000.00,4.377845,99.9765625
08:00:34,91282CKQ3,TSRYS5802845,D,S,D,2024-05-17,1000000.00,4.378819,99.96875
08:00:34,91282CKQ3,TSRYS5802845,D,S,D,2024-05-17,1000000.00,4.378819,99.96875
08:00:34,91282CKQ3,TSRYS5802845,D,S,D,2024-05-17,3000000.00,4.380037,99.958984375
08:00:34,91282CKQ3,TSRYS5802845,D,S,D,2024-05-17,1000000.00,4.380768,99.953125
08:00:34,91282CKQ3,TSRYS5802845,D,S,D,2024-05-17,1000000.00,4.380768,99.953125
08:00:34,91282CKQ3,TSRYS5802845,D,S,D,2024-05-17,3000000.00,4.381011,99.951171875
08:00:34,91282CKQ3,TSRYS5802845,D,S,D,2024-05-17,4000000.00,4.381499,99.947265625
08:00:34,91282CKQ3,TSRYS5802845,D,S,D,2024-05-17,1000000.00,4.381499,99.947265625
08:00:34,91282CKQ3,TSRYS5802845,D,S,D,2024-05-17,1000000.00,4.381986,99.943359375
08:00:34,91282CKQ3,TSRYS5802845,D,S,D,2024-05-17,2000000.00,4.382473,99.939453125
08:00:34,91282CKQ3,TSRYS5802845,D,S,D,2024-05-17,1000000.00,4.382473,99.939453125
08:00:34,91282CKQ3,TSRYS5802845,D,S,D,2024-05-17,1000000.00,4.381986,99.943359375
08:00:34,91282CKQ3,TSRYS5802845,D,S,D,2024-05-17,4000000.00,4.383692,99.9296875
08:00:34,91282CKQ3,TSRYS5802845,D,S,D,2024-05-17,1000000.00,4.383692,99.9296875
08:00:34,91282CKQ3,TSRYS5802845,D,S,D,2024-05-17,2000000.00,4.383936,99.927734375
08:00:34,91282CKQ3,TSRYS5802845,D,S,D,2024-05-17,1000000.00,4.383936,99.927734375
08:00:34,91282CKQ3,TSRYS5802845,D,S,D,2024-05-17,1000000.00,4.383936,99.927734375
08:00:34,91282CKQ3,TSRYS5802845,D,S,D,2024-05-17,1000000.00,4.383936,99.927734375
08:00:34,91282CKQ3,TSRYS5802845,D,S,D,2024-05-17,1000000.00,4.383936,99.927734375
08:00:34,91282CKQ3,TSRYS5802845,D,S,D,2024-05-17,1000000.00,4.383936,99.927734375
08:00:34,91282CKQ3,TSRYS5802845,D,S,D,2024-05-17,1000000.00,4.383936,99.927734375
08:00:34,91282CKQ3,TSRYS5802845,D,S,D,2024-05-17,1000000.00,4.383936,99.927734375
08:00:34,91282CKQ3,TSRYS5802845,D,S,D,2024-05-17,1000000.00,4.383936,99.927734375
08:00:34,91282CKQ3,TSRYS5802845,D,S,D,2024-05-17,1000000.00,4.384423,99.923828125
08:00:34,91282CKQ3,TSRYS5802845,D,S,D,2024-05-17,1000000.00,4.38491,99.919921875
08:00:34,91282CKQ3,TSRYS5802845,D,S,D,2024-05-17,1000000.00,4.384667,99.921875
08:00:34,91282CKQ3,TSRYS5802845,D,S,D,2024-05-17,1000000.00,4.387836,99.896484375
08:00:34,91282CKQ3,TSRYS5802845,D,S,D,2024-05-17,1000000.00,4.387836,99.896484375
08:00:34,91282CKQ3,TSRYS5802845,D,S,D,2024-05-17,1000000.00,4.387836,99.896484375
08:00:34,91282CKQ3,TSRYS5802845,D,S,D,2024-05-17,2000000.00,4.388079,99.89453125
08:00:34,91282CKQ3,TSRYS5802845,D,S,D,2024-05-17,3000000.00,4.388567,99.890625
08:00:34,91282CKQ3,TSRYS5802845,D,S,D,2024-05-17,1000000.00,4.389298,99.884765625
08:00:34,91282CKQ3,TSRYS5802845,D,S,D,2024-05-17,3000000.00,4.389542,99.8828125
08:00:34,91282CKQ3,TSRYS5802845,D,S,D,2024-05-17,3000000.00,4.389055,99.88671875
08:00:34,91282CKQ3,TSRYS5802845,D,S,D,2024-05-17,4000000.00,4.389055,99.88671875
08:00:34,91282CKQ3,TSRYS5802845,D,S,D,2024-05-17,2000000.00,4.389055,99.88671875
08:00:34,91282CKQ3,TSRYS5802845,D,S,D,2024-05-17,4000000.00,4.389055,99.88671875
08:00:34,91282CKQ3,TSRYS5802845,D,S,D,2024-05-17,1000000.00,4.389055,99.88671875
08:00:34,91282CKQ3,TSRYS5802845,D,S,D,2024-05-17,2000000.00,4.385398,99.916015625
08:00:34,91282CKQ3,TSRYS5802845,D,S,D,2024-05-17,4000000.00,4.384423,99.923828125
08:00:34,91282CKQ3,TSRYS5802845,D,S,D,2024-05-17,1000000.00,4.384423,99.923828125
08:00:34,91282CKQ3,TSRYS5802845,D,S,D,2024-05-17,3000000.00,4.384423,99.923828125
08:00:34,91282CKQ3,TSRYS5802845,D,S,D,2024-05-17,5000000.00,4.385398,99.916015625
08:00:34,91282CKQ3,TSRYS5802845,D,S,D,2024-05-17,1000000.00,4.387836,99.896484375
08:00:34,91282CKQ3,TSRYS5802845,D,S,D,2024-05-17,1000000.00,4.387836,99.896484375
08:00:34,91282CKQ3,TSRYS5802845,D,S,D,2024-05-17,1000000.00,4.387348,99.900390625
08:00:34,91282CKQ3,TSRYS5802845,D,S,D,2024-05-17,1000000.00,4.387348,99.900390625
08:00:34,91282CKQ3,TSRYS5802845,D,S,D,2024-05-17,1000000.00,4.387348,99.900390625
08:00:34,91282CKQ3,TSRYS5802845,D,S,D,2024-05-17,1000000.00,4.387348,99.900390625
08:00:34,91282CKQ3,TSRYS5802845,D,S,D,2024-05-17,1000000.00,4.386617,99.90625
08:00:34,91282CKQ3,TSRYS5802845,D,S,D,2024-05-17,3000000.00,4.387592,99.8984375
08:00:34,91282CKQ3,TSRYS5802845,D,S,D,2024-05-17,1000000.00,4.387836,99.896484375
08:00:34,91282CKQ3,TSRYS5802845,D,S,D,2024-05-17,1000000.00,4.387836,99.896484375
08:00:34,91282CKQ3,TSRYS5802845,D,S,D,2024-05-17,1000000.00,4.387836,99.896484375
08:00:34,91282CKQ3,TSRYS5802845,D,S,D,2024-05-17,1000000.00,4.389055,99.88671875
08:00:34,91282CKQ3,TSRYS5802845,D,S,D,2024-05-17,1000000.00,4.389055,99.88671875
08:00:34,91282CKQ3,TSRYS5802845,D,S,D,2024-05-17,1000000.00,4.389055,99.88671875
08:00:34,91282CKQ3,TSRYS5802845,D,S,D,2024-05-17,1000000.00,4.391005,99.87109375
08:00:34,91282CKQ3,TSRYS5802845,D,S,D,2024-05-17,1000000.00,4.391005,99.87109375
08:00:34,91282CKQ3,TSRYS5802845,D,S,D,2024-05-17,1000000.00,4.391249,99.869140625
08:00:34,91282CKQ3,TSRYS5802845,D,S,D,2024-05-17,1000000.00,4.391493,99.8671875
08:00:34,91282CKQ3,TSRYS5802845,D,S,D,2024-05-17,1000000.00,4.392225,99.861328125
08:00:34,91282CKQ3,TSRYS5802845,D,S,D,2024-05-17,1000000.00,4.391249,99.869140625
08:00:34,91282CKQ3,TSRYS5802845,D,S,D,2024-05-17,1000000.00,4.39808,99.814453125
08:00:34,91282CKQ3,TSRYS5802845,D,S,D,2024-05-17,1000000.00,4.397104,99.822265625
08:00:34,91282CKQ3,TSRYS5802845,D,S,D,2024-05-17,2000000.00,4.397348,99.8203125
08:00:34,91282CKQ3,TSRYS5802845,D,S,D,2024-05-17,2000000.00,4.39686,99.82421875
08:00:34,91282CKQ3,TSRYS5802845,D,S,D,2024-05-17,3000000.00,4.397104,99.822265625
08:00:34,91282CKQ3,TSRYS5802845,D,S,D,2024-05-17,1000000.00,4.397836,99.81640625
08:00:34,91282CKQ3,TSRYS5802845,D,S,D,2024-05-17,1000000.00,4.397836,99.81640625
08:00:34,91282CKQ3,TSRYS5802845,D,S,D,2024-05-17,1000000.00,4.397836,99.81640625
08:00:34,91282CKQ3,TSRYS5802845,D,S,D,2024-05-17,1000000.00,4.393932,99.84765625
08:00:34,91282CKQ3,TSRYS5802845,D,S,D,2024-05-17,1000000.00,4.393932,99.84765625
08:00:34,91282CKQ3,TSRYS5802845,D,S,D,2024-05-17,1000000.00,4.395152,99.837890625
08:00:34,91282CKQ3,TSRYS5802845,D,S,T,2024-05-17,1000000.00,4.366403,100.068359375
08:00:34,91282CKQ3,TSRYS5802845,D,S,T,2024-05-17,1000000.00,4.365917,100.072265625
08:00:34,91282CKQ3,TSRYS5802845,D,S,T,2024-05-17,2000000.00,4.365673,100.07421875
08:00:34,91282CKQ3,TSRYS5802845,D,S,T,2024-05-17,1000000.00,4.365673,100.07421875
08:00:34,91282CKQ3,TSRYS5802845,D,S,T,2024-05-17,2000000.00,4.36543,100.076171875
08:00:34,91282CKQ3,TSRYS5802845,D,S,T,2024-05-17,2000000.00,4.36543,100.076171875
08:00:34,91282CKQ3,TSRYS5802845,D,S,T,2024-05-17,1000000.00,4.367377,100.060546875
08:00:34,91282CKQ3,TSRYS5802845,D,S,T,2024-05-17,1000000.00,4.367133,100.0625
08:00:34,91282CKQ3,TSRYS5802845,D,S,T,2024-05-17,1000000.00,4.366647,100.06640625
08:00:34,91282CKQ3,TSRYS5802845,D,S,T,2024-05-17,2000000.00,4.367133,100.0625
08:00:34,91282CKQ3,TSRYS5802845,D,S,T,2024-05-17,2000000.00,4.367377,100.060546875
08:00:34,91282CKQ3,TSRYS5802845,D,S,T,2024-05-17,2000000.00,4.365673,100.07421875
08:00:34,91282CKQ3,TSRYS5802845,D,S,T,2024-05-17,2000000.00,4.365673,100.07421875
08:00:34,91282CKQ3,TSRYS5802845,D,S,T,2024-05-17,2000000.00,4.365673,100.07421875
08:00:34,91282CKQ3,TSRYS5802845,D,S,T,2024-05-17,2000000.00,4.36689,100.064453125
08:00:34,91282CKQ3,TSRYS5802845,D,S,T,2024-05-17,2000000.00,4.367377,100.060546875
08:00:34,91282CKQ3,TSRYS5802845,D,S,T,2024-05-17,2000000.00,4.36616,100.0703125
08:00:34,91282CKQ3,TSRYS5802845,D,S,T,2024-05-17,1000000.00,4.36616,100.0703125
08:00:34,91282CKQ3,TSRYS5802845,D,S,T,2024-05-17,1000000.00,4.36616,100.0703125
08:00:34,91282CKQ3,TSRYS5802845,D,S,T,2024-05-17,2000000.00,4.367133,100.0625
08:00:34,91282CKQ3,TSRYS5802845,D,S,T,2024-05-17,1000000.00,4.367133,100.0625
08:00:34,91282CKQ3,TSRYS5802845,D,S,T,2024-05-17,1000000.00,4.367133,100.0625
08:00:34,91282CKQ3,TSRYS5802845,D,S,T,2024-05-17,2000000.00,4.367133,100.0625
08:00:34,91282CKQ3,TSRYS5802845,D,S,T,2024-05-17,1000000.00,4.367133,100.0625
08:00:34,91282CKQ3,TSRYS5802845,D,S,T,2024-05-17,2000000.00,4.36762,100.05859375
08:00:34,91282CKQ3,TSRYS5802845,D,S,T,2024-05-17,2000000.00,4.366647,100.06640625
08:00:34,91282CKQ3,TSRYS5802845,D,S,T,2024-05-17,1000000.00,4.367133,100.0625
08:00:34,91282CKQ3,TSRYS5802845,D,S,T,2024-05-17,2000000.00,4.368593,100.05078125
08:00:34,91282CKQ3,TSRYS5802845,D,S,T,2024-05-17,1000000.00,4.370784,100.033203125
08:00:34,91282CKQ3,TSRYS5802845,D,S,T,2024-05-17,1000000.00,4.37127,100.029296875
08:00:34,91282CKQ3,TSRYS5802845,D,S,T,2024-05-17,1000000.00,4.36981,100.041015625
08:00:34,91282CKQ3,TSRYS5802845,D,S,T,2024-05-17,1000000.00,4.37054,100.03515625
08:00:34,91282CKQ3,TSRYS5802845,D,S,T,2024-05-17,1000000.00,4.370053,100.0390625
08:00:34,91282CKQ3,TSRYS5802845,D,S,T,2024-05-17,2000000.00,4.369567,100.04296875
08:00:34,91282CKQ3,TSRYS5802845,D,S,T,2024-05-17,2000000.00,4.369567,100.04296875
08:00:34,91282CKQ3,TSRYS5802845,D,S,T,2024-05-17,2000000.00,4.369323,100.044921875
08:00:34,91282CKQ3,TSRYS5802845,D,S,T,2024-05-17,2000000.00,4.369323,100.044921875
08:00:34,91282CKQ3,TSRYS5802845,D,S,T,2024-05-17,2000000.00,4.372244,100.021484375
08:00:34,91282CKQ3,TSRYS5802845,D,S,T,2024-05-17,2000000.00,4.372244,100.021484375
08:00:34,91282CKQ3,TSRYS5802845,D,S,T,2024-05-17,2000000.00,4.372001,100.0234375
08:00:34,91282CKQ3,TSRYS5802845,D,S,T,2024-05-17,2000000.00,4.372001,100.0234375
08:00:34,91282CKQ3,TSRYS5802845,D,S,T,2024-05-17,2000000.00,4.37614,99.990234375
08:00:34,91282CKQ3,TSRYS5802845,D,S,T,2024-05-17,2000000.00,4.37614,99.990234375
08:00:34,91282CKQ3,TSRYS5802845,D,S,T,2024-05-17,2000000.00,4.37614,99.990234375
08:00:34,91282CKQ3,TSRYS5802845,D,S,T,2024-05-17,1000000.00,4.37614,99.990234375
08:00:34,91282CKQ3,TSRYS5802845,D,S,T,2024-05-17,1000000.00,4.375409,99.99609375
08:00:34,91282CKQ3,TSRYS5802845,D,S,T,2024-05-17,1000000.00,4.375409,99.99609375
08:00:34,91282CKQ3,TSRYS5802845,D,S,T,2024-05-17,2000000.00,4.375166,99.998046875
08:00:34,91282CKQ3,TSRYS5802845,D,S,T,2024-05-17,1000000.00,4.373461,100.01171875
08:00:34,91282CKQ3,TSRYS5802845,D,S,T,2024-05-17,2000000.00,4.370784,100.033203125
08:00:34,91282CKQ3,TSRYS5802845,D,S,T,2024-05-17,2000000.00,4.372001,100.0234375
08:00:34,91282CKQ3,TSRYS5802845,D,S,T,2024-05-17,2000000.00,4.37054,100.03515625
08:00:34,91282CKQ3,TSRYS5802845,D,S,T,2024-05-17,1000000.00,4.36908,100.046875
08:00:34,91282CKQ3,TSRYS5802845,D,S,T,2024-05-17,2000000.00,4.36908,100.046875
08:00:34,91282CKQ3,TSRYS5802845,D,S,T,2024-05-17,2000000.00,4.365673,100.07421875
08:00:34,91282CKQ3,TSRYS5802845,D,S,T,2024-05-17,1000000.00,4.365673,100.07421875
08:00:34,91282CKQ3,TSRYS5802845,D,S,T,2024-05-17,2000000.00,4.365673,100.07421875
08:00:34,91282CKQ3,TSRYS5802845,D,S,T,2024-05-17,2000000.00,4.365673,100.07421875
08:00:34,91282CKQ3,TSRYS5802845,D,S,T,2024-05-17,1000000.00,4.36908,100.046875
08:00:34,91282CKQ3,TSRYS5802845,D,S,T,2024-05-17,1000000.00,4.36908,100.046875
08:00:34,91282CKQ3,TSRYS5802845,D,S,T,2024-05-17,1000000.00,4.372974,100.015625
08:00:34,91282CKQ3,TSRYS5802845,D,S,T,2024-05-17,1000000.00,4.37687,99.984375
08:00:34,91282CKQ3,TSRYS5802845,D,S,T,2024-05-17,1000000.00,4.37687,99.984375
08:00:34,91282CKQ3,TSRYS5802845,D,S,T,2024-05-17,1000000.00,4.37687,99.984375
08:00:34,91282CKQ3,TSRYS5802845,D,S,T,2024-05-17,2000000.00,4.378088,99.974609375
08:00:34,91282CKQ3,TSRYS5802845,D,S,T,2024-05-17,1000000.00,4.378819,99.96875
08:00:34,91282CKQ3,TSRYS5802845,D,S,T,2024-05-17,2000000.00,4.378575,99.970703125
08:00:34,91282CKQ3,TSRYS5802845,D,S,T,2024-05-17,2000000.00,4.377845,99.9765625
08:00:34,91282CKQ3,TSRYS5802845,D,S,T,2024-05-17,2000000.00,4.378575,99.970703125
08:00:34,91282CKQ3,TSRYS5802845,D,S,T,2024-05-17,2000000.00,4.378575,99.970703125
08:00:34,91282CKQ3,TSRYS5802845,D,S,T,2024-05-17,1000000.00,4.378575,99.970703125
08:00:34,91282CKQ3,TSRYS5802845,D,S,T,2024-05-17,3000000.00,4.378575,99.970703125
08:00:34,91282CKQ3,TSRYS5802845,D,S,T,2024-05-17,3000000.00,4.378575,99.970703125
08:00:34,91282CKQ3,TSRYS5802845,D,S,T,2024-05-17,1000000.00,4.378575,99.970703125
08:00:34,91282CKQ3,TSRYS5802845,D,S,T,2024-05-17,1000000.00,4.378575,99.970703125
08:00:34,91282CKQ3,TSRYS5802845,D,S,T,2024-05-17,2000000.00,4.378575,99.970703125
08:00:34,91282CKQ3,TSRYS5802845,D,S,T,2024-05-17,1000000.00,4.378819,99.96875
08:00:34,91282CKQ3,TSRYS5802845,D,S,T,2024-05-17,2000000.00,4.379063,99.966796875
08:00:34,91282CKQ3,TSRYS5802845,D,S,T,2024-05-17,2000000.00,4.378819,99.96875
08:00:34,91282CKQ3,TSRYS5802845,D,S,T,2024-05-17,3000000.00,4.378819,99.96875
08:00:34,91282CKQ3,TSRYS5802845,D,S,T,2024-05-17,1000000.00,4.381011,99.951171875
08:00:34,91282CKQ3,TSRYS5802845,D,S,T,2024-05-17,1000000.00,4.381011,99.951171875
08:00:34,91282CKQ3,TSRYS5802845,D,S,T,2024-05-17,4000000.00,4.381986,99.943359375
08:00:34,91282CKQ3,TSRYS5802845,D,S,T,2024-05-17,2000000.00,4.381742,99.9453125
08:00:34,91282CKQ3,TSRYS5802845,D,S,T,2024-05-17,1000000.00,4.381742,99.9453125
08:00:34,91282CKQ3,TSRYS5802845,D,S,T,2024-05-17,1000000.00,4.383936,99.927734375
08:00:34,91282CKQ3,TSRYS5802845,D,S,T,2024-05-17,1000000.00,4.383936,99.927734375
08:00:34,91282CKQ3,TSRYS5802845,D,S,T,2024-05-17,1000000.00,4.383936,99.927734375
08:00:34,91282CKQ3,TSRYS5802845,D,S,T,2024-05-17,1000000.00,4.383936,99.927734375
08:00:34,91282CKQ3,TSRYS5802845,D,S,T,2024-05-17,1000000.00,4.383936,99.927734375
08:00:34,91282CKQ3,TSRYS5802845,D,S,T,2024-05-17,1000000.00,4.387836,99.896484375
08:00:34,91282CKQ3,TSRYS5802845,D,S,T,2024-05-17,2000000.00,4.388811,99.888671875
08:00:34,91282CKQ3,TSRYS5802845,D,S,T,2024-05-17,2000000.00,4.389055,99.88671875
08:00:34,91282CKQ3,TSRYS5802845,D,S,T,2024-05-17,1000000.00,4.385398,99.916015625
08:00:34,91282CKQ3,TSRYS5802845,D,S,T,2024-05-17,1000000.00,4.387348,99.900390625
08:00:34,91282CKQ3,TSRYS5802845,D,S,T,2024-05-17,1000000.00,4.387348,99.900390625
08:00:34,91282CKQ3,TSRYS5802845,D,S,T,2024-05-17,2000000.00,4.385885,99.912109375
08:00:34,91282CKQ3,TSRYS5802845,D,S,T,2024-05-17,1000000.00,4.385885,99.912109375
08:00:34,91282CKQ3,TSRYS5802845,D,S,T,2024-05-17,1000000.00,4.390518,99.875
08:00:34,91282CKQ3,TSRYS5802845,D,S,T,2024-05-17,1000000.00,4.390518,99.875
08:00:34,91282CKQ3,TSRYS5802845,D,S,T,2024-05-17,1000000.00,4.391493,99.8671875
08:00:34,91282CKQ3,TSRYS5802845,D,S,T,2024-05-17,9000000.00,4.392957,99.85546875
08:00:34,91282CKQ3,TSRYS5802845,D,S,T,2024-05-17,1000000.00,4.394664,99.841796875
08:00:34,91282CKQ3,TSRYS5802845,D,S,T,2024-05-17,1000000.00,4.397348,99.8203125
08:00:34,91282CKQ3,TSRYS5802845,D,S,T,2024-05-17,1000000.00,4.397836,99.81640625
08:00:34,91282CKQ3,TSRYS5802845,D,S,T,2024-05-17,1000000.00,4.397836,99.81640625
08:00:34,91282CKQ3,TSRYS5802845,D,S,T,2024-05-17,1000000.00,4.397836,99.81640625
08:00:34,91282CKQ3,TSRYS5802845,D,S,T,2024-05-17,2000000.00,4.397592,99.818359375
08:00:34,91282CKQ3,TSRYS5802845,D,S,T,2024-05-17,1000000.00,4.397348,99.8203125
08:00:34,91282CKQ3,TSRYS5802845,D,S,T,2024-05-17,1000000.00,4.397348,99.8203125
08:00:34,91282CKQ3,TSRYS5802845,D,S,T,2024-05-17,2000000.00,4.397348,99.8203125
08:00:34,91282CKQ3,TSRYS5802845,D,S,T,2024-05-17,1000000.00,4.397348,99.8203125
08:00:34,91282CKQ3,TSRYS5802845,D,S,T,2024-05-17,2000000.00,4.398324,99.8125
08:00:34,91282CKQ3,TSRYS5802845,D,S,T,2024-05-17,1000000.00,4.398324,99.8125
08:00:34,91282CKQ3,TSRYS5802845,D,S,T,2024-05-17,3000000.00,4.397592,99.818359375
08:00:34,91282CKQ3,TSRYS5802845,D,S,T,2024-05-17,3000000.00,4.397104,99.822265625
08:00:34,91282CKQ3,TSRYS5802845,D,S,T,2024-05-17,3000000.00,4.397104,99.822265625
08:00:34,91282CKQ3,TSRYS5802845,D,S,T,2024-05-17,3000000.00,4.397348,99.8203125
08:00:34,91282CKQ3,TSRYS5802845,D,S,T,2024-05-17,1000000.00,4.397592,99.818359375
08:00:34,91282CKQ3,TSRYS5802845,D,S,T,2024-05-17,1000000.00,4.397348,99.8203125
08:00:34,91282CKQ3,TSRYS5802845,D,S,T,2024-05-17,1000000.00,4.397836,99.81640625
08:00:34,91282CKQ3,TSRYS5802845,D,S,T,2024-05-17,1000000.00,4.39808,99.814453125
08:00:34,91282CKQ3,TSRYS5802845,D,S,T,2024-05-17,2000000.00,4.392957,99.85546875
08:00:34,91282CKQ3,TSRYS5802845,D,S,D,2024-05-17,2000000.00,4.365673,100.07421875
08:00:34,91282CKQ3,TSRYS5802845,D,S,D,2024-05-17,2000000.00,4.365673,100.07421875
08:00:34,91282CKQ3,TSRYS5802845,D,S,D,2024-05-17,1000000.00,4.365673,100.07421875
08:00:34,91282CKQ3,TSRYS5802845,D,S,D,2024-05-17,1000000.00,4.365673,100.07421875
08:00:34,91282CKQ3,TSRYS5802845,D,S,D,2024-05-17,28000.00,4.366647,100.06640625
08:00:34,91282CKQ3,TSRYS5802845,D,S,T,2024-05-17,2000000.00,4.365673,100.07421875
08:00:34,91282CKQ3,TSRYS5802845,D,S,T,2024-05-17,1000000.00,4.365187,100.078125
08:00:34,91282CKQ3,TSRYS5802845,D,S,T,2024-05-17,1000000.00,4.36908,100.046875
08:00:34,91282CKQ3,TSRYS5802845,D,S,T,2024-05-17,1000000.00,4.36908,100.046875
08:00:34,91282CKQ3,TSRYS5802845,D,S,T,2024-05-17,1000000.00,4.372974,100.015625
08:00:34,91282CKQ3,TSRYS5802845,D,S,T,2024-05-17,1000000.00,4.367133,100.0625
08:00:34,91282CKQ3,TSRYS5802845,D,S,T,2024-05-17,2000000.00,4.398324,99.8125
08:00:34,91282CKQ3,TSRYS5802845,D,S,T,2024-05-17,1000000.00,4.396372,99.828125
08:00:34,91282CKQ3,TSRYS5802845,D,S,T,2024-05-17,1000000.00,4.396372,99.828125
08:00:34,91282CKQ3,TSRYS5802845,D,S,T,2024-05-17,1000000.00,4.366647,100.06640625
08:00:34,91282CKQ3,TSRYS5802845,D,S,T,2024-05-17,1000000.00,4.366647,100.06640625
08:00:34,91282CKQ3,TSRYS5802845,D,S,T,2024-05-17,1000000.00,4.367133,100.0625
08:00:34,91282CKQ3,TSRYS5802845,D,B,C,2024-05-17,3000000.00,4.372974,100.015625
08:00:34,91282CKQ3,TSRYS5802845,D,S,T,2024-05-17,1000000.00,4.374922,100.0
08:00:34,91282CKQ3,TSRYS5802845,D,S,T,2024-05-17,1000000.00,4.374922,100.0
08:00:34,91282CKQ3,TSRYS5802845,D,S,C,2024-05-17,3000000.00,4.371027,100.03125
08:00:34,91282CKQ3,TSRYS5802845,D,S,T,2024-05-17,1000000.00,4.365187,100.078125
08:00:34,91282CKQ3,TSRYS5802845,D,S,T,2024-05-17,1000000.00,4.386617,99.90625
08:00:34,91282CKQ3,TSRYS5802845,D,S,T,2024-05-17,1000000.00,4.386617,99.90625
08:00:34,91282CKQ3,TSRYS5802845,D,B,C,2024-05-17,2000000.00,4.388567,99.890625
08:00:34,91282CKQ3,TSRYS5802845,D,S,T,2024-05-17,1000000.00,4.386373,99.908203125
08:00:34,91282CKQ3,TSRYS5802845,D,S,T,2024-05-17,1000000.00,4.386617,99.90625
08:00:34,91282CKQ3,TSRYS5802845,D,S,T,2024-05-17,1000000.00,4.386617,99.90625
08:00:34,91282CKQ3,TSRYS5802845,D,S,T,2024-05-17,1000000.00,4.386617,99.90625
08:00:34,91282CKQ3,TSRYS5802845,D,S,T,2024-05-17,1000000.00,4.386617,99.90625
08:00:34,91282CKQ3,TSRYS5802845,D,S,D,2024-05-17,10000000.00,4.398324,99.8125
08:00:34,91282CKQ3,TSRYS5802845,D,S,T,2024-05-17,2000000.00,4.398324,99.8125
08:00:34,91282CKQ3,TSRYS5802845,D,S,T,2024-05-17,2000000.00,4.396372,99.828125
08:00:34,91282CKQ3,TSRYS5802845,D,S,D,2024-05-17,1000000.00,4.392469,99.859375
08:00:34,91282CKQ3,TSRYS5802845,D,S,T,2024-05-17,3000000.00,4.36616,100.0703125
08:00:34,91282CKQ3,TSRYS5802845,D,S,T,2024-05-17,2000000.00,4.365673,100.07421875
08:00:34,91282CKQ3,TSRYS5802845,D,S,D,2024-05-17,1000000.00,4.378819,99.96875
08:00:34,91282CKQ3,TSRYS5802845,D,B,A,2024-05-17,190000.00,4.377845,99.9765625
08:00:34,91282CKQ3,TSRYS5802845,D,S,D,2024-05-17,1000000.00,4.380768,99.953125
08:00:34,91282CKQ3,TSRYS5802845,D,S,D,2024-05-17,2000000.00,4.375409,99.99609375
08:00:34,91282CKQ3,TSRYS5802845,D,B,A,2024-05-17,281000.00,4.380281,99.95703125
08:00:34,91282CKQ3,TSRYS5802845,D,S,T,2024-05-17,1000000.00,4.36616,100.0703125
08:00:34,91282CKQ3,TSRYS5802845,D,S,D,2024-05-17,1000000.00,4.374922,100.0
08:00:34,91282CKQ3,TSRYS5802845,D,B,A,2024-05-17,1300000.00,4.383692,99.929688
08:00:34,91282CKQ3,TSRYS5802845,D,S,A,2024-05-17,400000.00,4.381255,99.949219
08:00:34,91282CKQ3,TSRYS5802845,D,S,A,2024-05-17,4566000.00,4.364214,100.085938
08:00:34,91282CKQ3,TSRYS5802845,D,S,D,2024-05-17,2000000.00,4.377845,99.9765625
08:00:34,91282CKQ3,TSRYS5802845,D,S,D,2024-05-17,2000000.00,4.378088,99.974609375
08:00:34,91282CKQ3,TSRYS5802845,D,S,D,2024-05-17,2000000.00,4.378088,99.974609375
08:00:34,91282CKQ3,TSRYS5802845,D,S,D,2024-05-17,1000000.00,4.365673,100.07421875
08:00:34,91282CKQ3,TSRYS5802845,D,S,T,2024-05-17,2000000.00,4.365673,100.07421875
08:00:34,91282CKQ3,TSRYS5802845,D,S,T,2024-05-17,1000000.00,4.365673,100.07421875
08:00:34,91282CKQ3,TSRYS5802845,D,S,T,2024-05-17,1000000.00,4.367133,100.0625
08:00:34,91282CKQ3,TSRYS5802845,D,S,T,2024-05-17,1000000.00,4.367863,100.056640625
08:00:34,91282CKQ3,TSRYS5802845,D,S,T,2024-05-17,1000000.00,4.367863,100.056640625
08:00:34,91282CKQ3,TSRYS5802845,D,S,T,2024-05-17,1000000.00,4.368107,100.0546875
08:00:34,91282CKQ3,TSRYS5802845,D,S,C,2024-05-17,700000.00,4.366647,100.06640625
08:00:34,91282CKQ3,TSRYS5802845,D,S,A,2024-05-17,5000000.00,4.36762,100.05859375
08:00:34,91282CKQ3,TSRYS5802845,D,S,A,2024-05-17,1000000.00,4.36663,100.06640625
08:00:34,91282CKQ3,TSRYS5802845,D,S,T,2024-05-17,1000000.00,4.367133,100.0625
08:00:34,91282CKQ3,TSRYS5802845,D,S,A,2024-05-17,15000000.00,4.36517,100.078125
08:00:34,91282CKQ3,TSRYS5802845,D,S,C,2024-05-17,500000.00,4.36371,100.08984375
08:00:34,91282CKQ3,TSRYS5802845,D,S,C,2024-05-17,500000.00,4.363223,100.09375
08:00:34,91282CKQ3,TSRYS5802845,D,S,C,2024-05-17,2000000.00,4.365187,100.078125
08:00:34,91282CKQ3,TSRYS5802845,D,S,T,2024-05-17,1000000.00,4.367133,100.0625
08:00:34,91282CKQ3,TSRYS5802845,D,S,D,2024-05-17,1000000.00,4.367133,100.0625
08:00:34,91282CKQ3,TSRYS5802845,D,S,D,2024-05-17,1000000.00,4.367133,100.0625
08:00:34,91282CKQ3,TSRYS5802845,D,S,D,2024-05-17,1000000.00,4.367133,100.0625
08:00:34,91282CKQ3,TSRYS5802845,D,B,A,2024-05-17,5000000.00,4.36616,100.0703125
08:00:34,91282CKQ3,TSRYS5802845,D,S,T,2024-05-17,1000000.00,4.364457,100.083984375
08:00:34,91282CKQ3,TSRYS5802845,D,S,T,2024-05-17,1000000.00,4.365187,100.078125
08:00:34,91282CKQ3,TSRYS5802845,D,S,T,2024-05-17,1000000.00,4.365187,100.078125
08:00:34,91282CKQ3,TSRYS5802845,D,S,T,2024-05-17,1000000.00,4.365187,100.078125
08:00:34,91282CKQ3,TSRYS5802845,D,S,T,2024-05-17,1000000.00,4.365187,100.078125
08:00:34,91282CKQ3,TSRYS5802845,D,S,T,2024-05-17,1000000.00,4.365187,100.078125
08:00:34,91282CKQ3,TSRYS5802845,D,S,T,2024-05-17,1000000.00,4.3647,100.08203125
08:00:34,91282CKQ3,TSRYS5802845,D,S,T,2024-05-17,1000000.00,4.365187,100.078125
08:00:34,91282CKQ3,TSRYS5802845,D,S,T,2024-05-17,3000000.00,4.364944,100.080078125
08:00:34,91282CKQ3,TSRYS5802845,D,S,T,2024-05-17,1000000.00,4.365187,100.078125
08:00:34,91282CKQ3,TSRYS5802845,D,S,T,2024-05-17,1000000.00,4.365187,100.078125
08:00:34,91282CKQ3,TSRYS5802845,D,S,T,2024-05-17,3000000.00,4.365187,100.078125
08:00:34,91282CKQ3,TSRYS5802845,D,S,T,2024-05-17,1000000.00,4.365187,100.078125
08:00:34,91282CKQ3,TSRYS5802845,D,S,T,2024-05-17,1000000.00,4.365187,100.078125
08:00:34,91282CKQ3,TSRYS5802845,D,S,T,2024-05-17,1000000.00,4.365187,100.078125
08:00:34,91282CKQ3,TSRYS5802845,D,S,T,2024-05-17,1000000.00,4.365187,100.078125
08:00:34,91282CKQ3,TSRYS5802845,D,S,T,2024-05-17,1000000.00,4.365187,100.078125
08:00:34,91282CKQ3,TSRYS5802845,D,S,T,2024-05-17,1000000.00,4.365187,100.078125
08:00:34,91282CKQ3,TSRYS5802845,D,S,T,2024-05-17,1000000.00,4.365187,100.078125
08:00:34,91282CKQ3,TSRYS5802845,D,S,T,2024-05-17,1000000.00,4.365187,100.078125
08:00:34,91282CKQ3,TSRYS5802845,D,S,T,2024-05-17,4000000.00,4.365187,100.078125
08:00:34,91282CKQ3,TSRYS5802845,D,S,T,2024-05-17,1000000.00,4.365187,100.078125
08:00:34,91282CKQ3,TSRYS5802845,D,S,T,2024-05-17,2000000.00,4.365187,100.078125
08:00:34,91282CKQ3,TSRYS5802845,D,S,T,2024-05-17,1000000.00,4.365187,100.078125
08:00:34,91282CKQ3,TSRYS5802845,D,S,T,2024-05-17,1000000.00,4.365187,100.078125
08:00:34,91282CKQ3,TSRYS5802845,D,S,T,2024-05-17,1000000.00,4.365187,100.078125
08:00:34,91282CKQ3,TSRYS5802845,D,B,C,2024-05-17,1000000.00,4.36762,100.05859375
08:00:34,91282CKQ3,TSRYS5802845,D,S,A,2024-05-17,886000.00,4.36762,100.05859375
08:00:34,91282CKQ3,TSRYS5802845,D,S,A,2024-05-17,9000000.00,4.367133,100.0625
08:00:34,91282CKQ3,TSRYS5802845,D,S,C,2024-05-17,41573000.00,4.368593,100.05078125
08:00:34,91282CKQ3,TSRYS5802845,D,S,A,2024-05-17,463500.00,4.36908,100.046875
08:00:34,91282CKQ3,TSRYS5802845,D,B,C,2024-05-17,4800000.00,4.369567,100.04296875
08:00:34,91282CKQ3,TSRYS5802845,D,S,T,2024-05-17,1000000.00,4.370784,100.033203125
08:00:34,91282CKQ3,TSRYS5802845,D,B,A,2024-05-17,5000000.00,4.370053,100.0390625
08:00:34,91282CKQ3,TSRYS5802845,D,S,A,2024-05-17,1000000.00,4.369567,100.04296875
08:00:34,91282CKQ3,TSRYS5802845,D,S,T,2024-05-17,1000000.00,4.36908,100.046875
08:00:34,91282CKQ3,TSRYS5802845,D,S,T,2024-05-17,1000000.00,4.36908,100.046875
08:00:34,91282CKQ3,TSRYS5802845,D,S,A,2024-05-17,1000000.00,4.374907,100.0
08:00:34,91282CKQ3,TSRYS5802845,D,S,C,2024-05-17,475000.00,4.372488,100.01953125
08:00:34,91282CKQ3,TSRYS5802845,D,S,A,2024-05-17,1000000.00,4.370037,100.0390625
08:00:34,91282CKQ3,TSRYS5802845,D,S,T,2024-05-17,1000000.00,4.367133,100.0625
08:00:34,91282CKQ3,TSRYS5802845,D,S,T,2024-05-17,1000000.00,4.36908,100.046875
08:00:34,91282CKQ3,TSRYS5802845,D,S,T,2024-05-17,1000000.00,4.365187,100.078125
08:00:34,91282CKQ3,TSRYS5802845,D,S,D,2024-05-17,9000000.00,4.365187,100.078125
08:00:34,91282CKQ3,TSRYS5802845,D,S,D,2024-05-17,1000000.00,4.36543,100.076171875
08:00:34,91282CKQ3,TSRYS5802845,D,B,A,2024-05-17,5000000.00,4.36616,100.0703125
08:00:34,91282CKQ3,TSRYS5802845,D,S,C,2024-05-17,300000.00,4.372488,100.01953125
08:00:34,91282CKQ3,TSRYS5802845,D,S,C,2024-05-17,1000000.00,4.374922,100.0
08:00:34,91282CKQ3,TSRYS5802845,D,B,C,2024-05-17,1000000.00,4.373948,100.0078125
08:00:34,91282CKQ3,TSRYS5802845,D,S,C,2024-05-17,18650000.00,4.373461,100.01171875
08:00:34,91282CKQ3,TSRYS5802845,D,B,A,2024-05-17,1000000.00,4.374922,100.0
08:00:34,91282CKQ3,TSRYS5802845,D,S,D,2024-05-17,1000000.00,4.375292,99.9970322125
08:00:34,91282CKQ3,TSRYS5802845,D,S,D,2024-05-17,1000000.00,4.375292,99.9970322125
08:00:34,91282CKQ3,TSRYS5802845,D,S,D,2024-05-17,1000000.00,4.375292,99.9970322125
08:00:34,91282CKQ3,TSRYS5802845,D,S,D,2024-05-17,1000000.00,4.375292,99.9970322125
08:00:34,91282CKQ3,TSRYS5802845,D,S,D,2024-05-17,1000000.00,4.375292,99.9970322125
08:00:34,91282CKQ3,TSRYS5802845,D,S,D,2024-05-17,1000000.00,4.375292,99.9970322125
08:00:34,91282CKQ3,TSRYS5802845,D,B,A,2024-05-17,1000000.00,4.375896,99.9921875
08:00:34,91282CKQ3,TSRYS5802845,D,S,D,2024-05-17,1000000.00,4.375292,99.9970322125
08:00:34,91282CKQ3,TSRYS5802845,D,S,D,2024-05-17,1000000.00,4.375292,99.9970322125
08:00:34,91282CKQ3,TSRYS5802845,D,B,A,2024-05-17,900000.00,4.377845,99.9765625
08:00:34,91282CKQ3,TSRYS5802845,D,S,C,2024-05-17,5000000.00,4.377358,99.98046875
08:00:34,91282CKQ3,TSRYS5802845,D,S,D,2024-05-17,1000000.00,4.37687,99.984375
08:00:34,91282CKQ3,TSRYS5802845,D,S,D,2024-05-17,1000000.00,4.378819,99.96875
08:00:34,91282CKQ3,TSRYS5802845,D,S,D,2024-05-17,1000000.00,4.378819,99.96875
08:00:34,91282CKQ3,TSRYS5802845,D,S,D,2024-05-17,1000000.00,4.378819,99.96875
08:00:34,91282CKQ3,TSRYS5802845,D,S,D,2024-05-17,1000000.00,4.378819,99.96875
08:00:34,91282CKQ3,TSRYS5802845,D,S,D,2024-05-17,1000000.00,4.378379,99.9722792608
08:00:34,91282CKQ3,TSRYS5802845,D,S,C,2024-05-17,2000000.00,4.377358,99.98046875
08:00:34,91282CKQ3,TSRYS5802845,D,B,A,2024-05-17,500000.00,4.377845,99.9765625
08:00:34,91282CKQ3,TSRYS5802845,D,B,A,2024-05-17,410000.00,4.377845,99.9765625
08:00:34,91282CKQ3,TSRYS5802845,D,S,C,2024-05-17,1000000.00,4.377845,99.9765625
08:00:34,91282CKQ3,TSRYS5802845,D,S,D,2024-05-17,1000000.00,4.377497,99.9793538244
08:00:34,91282CKQ3,TSRYS5802845,D,S,D,2024-05-17,1000000.00,4.377497,99.9793538244
08:00:34,91282CKQ3,TSRYS5802845,D,S,D,2024-05-17,1000000.00,4.377497,99.9793538244
08:00:34,91282CKQ3,TSRYS5802845,D,S,D,2024-05-17,1000000.00,4.377497,99.9793538244
08:00:34,91282CKQ3,TSRYS5802845,D,S,D,2024-05-17,1000000.00,4.377497,99.9793538244
08:00:34,91282CKQ3,TSRYS5802845,D,S,D,2024-05-17,1000000.00,4.377497,99.9793538244
08:00:34,91282CKQ3,TSRYS5802845,D,S,D,2024-05-17,1000000.00,4.377497,99.9793538244
