tradeTime,cusip,issueSymbolIdentifier,priceType,reportingSideCode,contraPartyTypeCode,tradeDate,reportedTradeVolume,lastSaleYield,lastSalePrice
08:00:02,91282CJZ5,TSRYS5743662,D,S,D,2024-05-06,5000.00,4.485408,96.1871
08:00:02,91282CJZ5,TSRYS5743662,D,B,A,2024-05-06,5000.00,4.485408,96.0871
08:00:03,91282CJZ5,TSRYS5743662,D,S,D,2024-05-06,1000000.00,4.483087,96.2048977775
08:00:03,91282CJZ5,TSRYS5743662,D,S,D,2024-05-06,1000000.00,4.483087,96.2048977775
08:00:04,91282CJZ5,TSRYS5743662,D,S,T,2024-05-06,1000000.00,4.487394,96.171875
08:00:04,91282CJZ5,TSRYS5743662,D,S,T,2024-05-06,1000000.00,4.487394,96.171875
08:00:04,91282CJZ5,TSRYS5743662,D,S,T,2024-05-06,6000000.00,4.487394,96.171875
08:00:07,91282CJZ5,TSRYS5743662,D,S,D,2024-05-06,1000000.00,4.474153,96.2734375
08:00:07,91282CJZ5,TSRYS5743662,D,S,D,2024-05-06,1000000.00,4.474153,96.2734375
08:00:07,91282CJZ5,TSRYS5743662,D,S,T,2024-05-06,1000000.00,4.469064,96.3125
08:00:07,91282CJZ5,TSRYS5743662,D,S,D,2024-05-06,1000000.00,4.472371,96.287109375
08:00:07,91282CJZ5,TSRYS5743662,D,S,D,2024-05-06,1000000.00,4.477971,96.244140625
08:00:07,91282CJZ5,TSRYS5743662,D,S,T,2024-05-06,4000000.00,4.479498,96.232421875
08:00:07,91282CJZ5,TSRYS5743662,D,S,T,2024-05-06,4000000.00,4.479498,96.232421875
08:00:07,91282CJZ5,TSRYS5743662,D,S,T,2024-05-06,4000000.00,4.479498,96.232421875
08:00:07,91282CJZ5,TSRYS5743662,D,S,T,2024-05-06,1000000.00,4.481281,96.21875
08:00:07,91282CJZ5,TSRYS5743662,D,S,C,2024-05-06,1000000.00,4.483573,96.201171875
08:00:07,91282CJZ5,TSRYS5743662,D,S,C,2024-05-06,1000000.00,4.483573,96.201171875
08:00:07,91282CJZ5,TSRYS5743662,D,S,D,2024-05-06,1000000.00,4.483318,96.203125
08:00:07,91282CJZ5,TSRYS5743662,D,B,C,2024-05-06,3000000.00,4.482299,96.2109375
08:00:07,91282CJZ5,TSRYS5743662,D,S,T,2024-05-06,2000000.00,4.484846,96.19140625
08:00:07,91282CJZ5,TSRYS5743662,D,S,D,2024-05-06,2000000.00,4.484846,96.19140625
08:00:07,91282CJZ5,TSRYS5743662,D,S,D,2024-05-06,1000000.00,4.487394,96.171875
08:00:07,91282CJZ5,TSRYS5743662,D,S,D,2024-05-06,4000000.00,4.487394,96.171875
08:00:07,91282CJZ5,TSRYS5743662,D,S,D,2024-05-06,1000000.00,4.485356,96.1875
08:00:07,91282CJZ5,TSRYS5743662,D,S,D,2024-05-06,1000000.00,4.485356,96.1875
08:00:08,91282CJZ5,TSRYS5743662,D,S,T,2024-05-06,1000000.00,4.469064,96.3125
08:00:08,91282CJZ5,TSRYS5743662,D,S,T,2024-05-06,1000000.00,4.469064,96.3125
08:00:09,91282CJZ5,TSRYS5743662,D,S,C,2024-05-06,9900000.00,4.480262,96.2265625
08:00:09,91282CJZ5,TSRYS5743662,D,B,C,2024-05-06,9960000.00,4.481281,96.21875
08:00:09,91282CJZ5,TSRYS5743662,D,S,D,2024-05-06,1000000.00,4.480517,96.224609375
08:00:09,91282CJZ5,TSRYS5743662,D,S,D,2024-05-06,3000000.00,4.480262,96.2265625
08:00:09,91282CJZ5,TSRYS5743662,D,S,D,2024-05-06,1000000.00,4.480262,96.2265625
08:00:09,91282CJZ5,TSRYS5743662,D,S,C,2024-05-06,5000000.00,4.482299,96.2109375
08:00:09,91282CJZ5,TSRYS5743662,D,S,C,2024-05-06,10000000.00,4.484337,96.1953125
08:00:09,91282CJZ5,TSRYS5743662,D,S,C,2024-05-06,10000000.00,4.483318,96.203125
08:00:12,91282CJZ5,TSRYS5743662,D,B,A,2024-05-06,50000000.00,4.477423,96.25
08:00:12,91282CJZ5,TSRYS5743662,D,B,C,2024-05-06,1984000.00,4.474554,96.26953125
08:00:12,91282CJZ5,TSRYS5743662,D,S,D,2024-05-06,1000000.00,4.474916,96.267578125
08:00:12,91282CJZ5,TSRYS5743662,D,S,T,2024-05-06,1000000.00,4.474916,96.267578125
08:00:12,91282CJZ5,TSRYS5743662,D,S,D,2024-05-06,1000000.00,4.473389,96.279296875
08:00:12,91282CJZ5,TSRYS5743662,D,S,T,2024-05-06,1000000.00,4.470082,96.3046875
08:00:12,91282CJZ5,TSRYS5743662,D,S,T,2024-05-06,1000000.00,4.479244,96.234375
08:00:12,91282CJZ5,TSRYS5743662,D,S,T,2024-05-06,1000000.00,4.479244,96.234375
08:00:12,91282CJZ5,TSRYS5743662,D,S,T,2024-05-06,1000000.00,4.487394,96.171875
08:00:12,91282CJZ5,TSRYS5743662,D,S,T,2024-05-06,1000000.00,4.487394,96.171875
08:00:12,91282CJZ5,TSRYS5743662,D,S,D,2024-05-06,1000000.00,4.489178,96.158203125
08:00:13,91282CJZ5,TSRYS5743662,D,S,D,2024-05-06,1000000.00,4.482809,96.20703125
08:00:13,91282CJZ5,TSRYS5743662,D,S,D,2024-05-06,2000000.00,4.482045,96.212890625
08:00:13,91282CJZ5,TSRYS5743662,D,S,D,2024-05-06,2000000.00,4.482045,96.212890625
08:00:13,91282CJZ5,TSRYS5743662,D,S,D,2024-05-06,1000000.00,4.482809,96.20703125
08:00:13,91282CJZ5,TSRYS5743662,D,S,D,2024-05-06,2000000.00,4.482045,96.212890625
08:00:13,91282CJZ5,TSRYS5743662,D,S,D,2024-05-06,1000000.00,4.483087,96.2048977775
08:00:13,91282CJZ5,TSRYS5743662,D,S,D,2024-05-06,2000000.00,4.482045,96.212890625
08:00:13,91282CJZ5,TSRYS5743662,D,S,T,2024-05-06,1000000.00,4.477207,96.25
08:00:13,91282CJZ5,TSRYS5743662,D,S,T,2024-05-06,1000000.00,4.477207,96.25
08:00:13,91282CJZ5,TSRYS5743662,D,S,D,2024-05-06,1000000.00,4.483573,96.201171875
08:00:13,91282CJZ5,TSRYS5743662,D,S,D,2024-05-06,1000000.00,4.483573,96.201171875
08:00:13,91282CJZ5,TSRYS5743662,D,S,D,2024-05-06,1000000.00,4.483573,96.201171875
08:00:13,91282CJZ5,TSRYS5743662,D,S,D,2024-05-06,1000000.00,4.483573,96.201171875
08:00:13,91282CJZ5,TSRYS5743662,D,S,D,2024-05-06,1000000.00,4.483573,96.201171875
08:00:13,91282CJZ5,TSRYS5743662,D,S,D,2024-05-06,2000000.00,4.488413,96.1640625
08:00:13,91282CJZ5,TSRYS5743662,D,S,D,2024-05-06,1000000.00,4.488413,96.1640625
08:00:13,91282CJZ5,TSRYS5743662,D,B,A,2024-05-06,3000000.00,4.488413,96.1640625
08:00:13,91282CJZ5,TSRYS5743662,D,S,T,2024-05-06,1000000.00,4.477207,96.25
08:00:13,91282CJZ5,TSRYS5743662,D,S,T,2024-05-06,2000000.00,4.485356,96.1875
08:00:13,91282CJZ5,TSRYS5743662,D,S,D,2024-05-06,2000000.00,4.485356,96.1875
08:00:13,91282CJZ5,TSRYS5743662,D,S,T,2024-05-06,2000000.00,4.485356,96.1875
08:00:13,91282CJZ5,TSRYS5743662,D,S,T,2024-05-06,1000000.00,4.477207,96.25
08:00:13,91282CJZ5,TSRYS5743662,D,S,T,2024-05-06,2000000.00,4.485356,96.1875
08:00:13,91282CJZ5,TSRYS5743662,D,S,T,2024-05-06,1000000.00,4.477207,96.25
08:00:13,91282CJZ5,TSRYS5743662,D,S,T,2024-05-06,2000000.00,4.485356,96.1875
08:00:13,91282CJZ5,TSRYS5743662,D,S,T,2024-05-06,1000000.00,4.477207,96.25
08:00:13,91282CJZ5,TSRYS5743662,D,S,T,2024-05-06,1000000.00,4.485356,96.1875
08:00:13,91282CJZ5,TSRYS5743662,D,S,T,2024-05-06,1000000.00,4.485356,96.1875
08:00:13,91282CJZ5,TSRYS5743662,D,S,T,2024-05-06,1000000.00,4.477207,96.25
08:00:13,91282CJZ5,TSRYS5743662,D,S,T,2024-05-06,1000000.00,4.485356,96.1875
08:00:13,91282CJZ5,TSRYS5743662,D,S,T,2024-05-06,1000000.00,4.477207,96.25
08:00:13,91282CJZ5,TSRYS5743662,D,S,T,2024-05-06,1000000.00,4.485356,96.1875
08:00:14,91282CJZ5,TSRYS5743662,D,S,T,2024-05-06,1000000.00,4.485356,96.1875
08:00:14,91282CJZ5,TSRYS5743662,D,S,T,2024-05-06,1000000.00,4.477207,96.25
08:00:14,91282CJZ5,TSRYS5743662,D,S,T,2024-05-06,1000000.00,4.485356,96.1875
08:00:14,91282CJZ5,TSRYS5743662,D,S,T,2024-05-06,1000000.00,4.477207,96.25
08:00:14,91282CJZ5,TSRYS5743662,D,S,T,2024-05-06,1000000.00,4.485356,96.1875
08:00:14,91282CJZ5,TSRYS5743662,D,S,T,2024-05-06,1000000.00,4.485356,96.1875
08:00:14,91282CJZ5,TSRYS5743662,D,S,T,2024-05-06,1000000.00,4.477207,96.25
08:00:14,91282CJZ5,TSRYS5743662,D,S,T,2024-05-06,1000000.00,4.485356,96.1875
08:00:14,91282CJZ5,TSRYS5743662,D,S,T,2024-05-06,1000000.00,4.485356,96.1875
08:00:14,91282CJZ5,TSRYS5743662,D,S,T,2024-05-06,4000000.00,4.485356,96.1875
08:00:14,91282CJZ5,TSRYS5743662,D,S,T,2024-05-06,1000000.00,4.477207,96.25
08:00:14,91282CJZ5,TSRYS5743662,D,S,T,2024-05-06,1000000.00,4.477207,96.25
08:00:14,91282CJZ5,TSRYS5743662,D,S,T,2024-05-06,1000000.00,4.485356,96.1875
08:00:14,91282CJZ5,TSRYS5743662,D,S,T,2024-05-06,1000000.00,4.477207,96.25
08:00:14,91282CJZ5,TSRYS5743662,D,S,T,2024-05-06,1000000.00,4.485356,96.1875
08:00:14,91282CJZ5,TSRYS5743662,D,S,T,2024-05-06,1000000.00,4.485356,96.1875
08:00:14,91282CJZ5,TSRYS5743662,D,S,T,2024-05-06,2000000.00,4.477207,96.25
08:00:14,91282CJZ5,TSRYS5743662,D,S,T,2024-05-06,1000000.00,4.485356,96.1875
08:00:14,91282CJZ5,TSRYS5743662,D,S,T,2024-05-06,1000000.00,4.477207,96.25
08:00:14,91282CJZ5,TSRYS5743662,D,S,T,2024-05-06,3000000.00,4.477207,96.25
08:00:14,91282CJZ5,TSRYS5743662,D,S,T,2024-05-06,1000000.00,4.477207,96.25
08:00:14,91282CJZ5,TSRYS5743662,D,S,T,2024-05-06,1000000.00,4.477207,96.25
08:00:15,91282CJZ5,TSRYS5743662,D,S,T,2024-05-06,1000000.00,4.477207,96.25
08:00:15,91282CJZ5,TSRYS5743662,D,S,T,2024-05-06,1000000.00,4.477207,96.25
08:00:15,91282CJZ5,TSRYS5743662,D,S,D,2024-05-06,2000000.00,4.479753,96.23046875
08:00:15,91282CJZ5,TSRYS5743662,D,S,T,2024-05-06,1000000.00,4.477207,96.25
08:00:16,91282CJZ5,TSRYS5743662,D,S,D,2024-05-06,1000000.00,4.476698,96.25390625
08:00:16,91282CJZ5,TSRYS5743662,D,S,D,2024-05-06,1000000.00,4.476698,96.25390625
08:00:16,91282CJZ5,TSRYS5743662,D,S,T,2024-05-06,1000000.00,4.475171,96.265625
08:00:16,91282CJZ5,TSRYS5743662,D,S,T,2024-05-06,4000000.00,4.475171,96.265625
08:00:17,91282CJZ5,TSRYS5743662,D,S,D,2024-05-06,4000000.00,4.483827,96.19921875
08:00:17,91282CJZ5,TSRYS5743662,D,S,T,2024-05-06,2000000.00,4.475171,96.265625
08:00:17,91282CJZ5,TSRYS5743662,D,S,T,2024-05-06,4000000.00,4.475171,96.265625
08:00:17,91282CJZ5,TSRYS5743662,D,B,C,2024-05-06,1730000.00,4.483318,96.203125
08:00:17,91282CJZ5,TSRYS5743662,D,S,D,2024-05-06,2000000.00,4.479244,96.234375
08:00:17,91282CJZ5,TSRYS5743662,D,S,D,2024-05-06,1000000.00,4.479244,96.234375
08:00:17,91282CJZ5,TSRYS5743662,D,S,D,2024-05-06,2000000.00,4.480007,96.228515625
08:00:17,91282CJZ5,TSRYS5743662,D,S,D,2024-05-06,1000000.00,4.479498,96.232421875
08:00:17,91282CJZ5,TSRYS5743662,D,S,D,2024-05-06,5000000.00,4.479498,96.232421875
08:00:18,91282CJZ5,TSRYS5743662,D,S,D,2024-05-06,1435000.00,4.479446,96.232821875
08:00:18,91282CJZ5,TSRYS5743662,D,B,C,2024-05-06,275000.00,4.480262,96.2265625
08:00:18,91282CJZ5,TSRYS5743662,D,S,D,2024-05-06,275000.00,4.480072,96.228017045
08:00:18,91282CJZ5,TSRYS5743662,D,S,D,2024-05-06,2000000.00,4.481281,96.21875
08:00:18,91282CJZ5,TSRYS5743662,D,S,T,2024-05-06,1000000.00,4.475171,96.265625
08:00:18,91282CJZ5,TSRYS5743662,D,S,D,2024-05-06,2000000.00,4.484846,96.19140625
08:00:19,91282CJZ5,TSRYS5743662,D,S,T,2024-05-06,3000000.00,4.475171,96.265625
08:00:19,91282CJZ5,TSRYS5743662,D,S,D,2024-05-06,2000000.00,4.481026,96.220703125
08:00:19,91282CJZ5,TSRYS5743662,D,S,D,2024-05-06,2000000.00,4.481026,96.220703125
08:00:19,91282CJZ5,TSRYS5743662,D,S,D,2024-05-06,2000000.00,4.481026,96.220703125
08:00:19,91282CJZ5,TSRYS5743662,D,S,D,2024-05-06,2000000.00,4.481026,96.220703125
08:00:19,91282CJZ5,TSRYS5743662,D,S,D,2024-05-06,2000000.00,4.481026,96.220703125
08:00:19,91282CJZ5,TSRYS5743662,D,S,D,2024-05-06,2000000.00,4.483063,96.205078125
08:00:19,91282CJZ5,TSRYS5743662,D,S,T,2024-05-06,2000000.00,4.475171,96.265625
08:00:21,91282CJZ5,TSRYS5743662,D,S,D,2024-05-06,1000000.00,4.483063,96.205078125
08:00:21,91282CJZ5,TSRYS5743662,D,S,D,2024-05-06,1000000.00,4.483063,96.205078125
08:00:21,91282CJZ5,TSRYS5743662,D,S,D,2024-05-06,190000.00,4.483044,96.205230263
08:00:21,91282CJZ5,TSRYS5743662,D,S,D,2024-05-06,1000000.00,4.483318,96.203125
08:00:21,91282CJZ5,TSRYS5743662,D,S,D,2024-05-06,1000000.00,4.483318,96.203125
08:00:21,91282CJZ5,TSRYS5743662,D,S,D,2024-05-06,1000000.00,4.483318,96.203125
08:00:21,91282CJZ5,TSRYS5743662,D,S,D,2024-05-06,1000000.00,4.483318,96.203125
08:00:21,91282CJZ5,TSRYS5743662,D,S,T,2024-05-06,1000000.00,4.475171,96.265625
08:00:21,91282CJZ5,TSRYS5743662,D,S,T,2024-05-06,1000000.00,4.475171,96.265625
08:00:22,91282CJZ5,TSRYS5743662,D,S,D,2024-05-06,1000000.00,4.483318,96.203125
08:00:22,91282CJZ5,TSRYS5743662,D,S,T,2024-05-06,1000000.00,4.475171,96.265625
08:00:22,91282CJZ5,TSRYS5743662,D,S,T,2024-05-06,1000000.00,4.475171,96.265625
08:00:22,91282CJZ5,TSRYS5743662,D,S,D,2024-05-06,1000000.00,4.484082,96.197265625
08:00:22,91282CJZ5,TSRYS5743662,D,S,D,2024-05-06,1000000.00,4.482299,96.2109375
08:00:22,91282CJZ5,TSRYS5743662,D,S,T,2024-05-06,1000000.00,4.479244,96.234375
08:00:22,91282CJZ5,TSRYS5743662,D,S,T,2024-05-06,1000000.00,4.475171,96.265625
08:00:23,91282CJZ5,TSRYS5743662,D,S,D,2024-05-06,3000000.00,4.487394,96.171875
08:00:23,91282CJZ5,TSRYS5743662,D,S,D,2024-05-06,2000000.00,4.487394,96.171875
08:00:23,91282CJZ5,TSRYS5743662,D,S,D,2024-05-06,1000000.00,4.487394,96.171875
08:00:23,91282CJZ5,TSRYS5743662,D,S,T,2024-05-06,1000000.00,4.475171,96.265625
08:00:23,91282CJZ5,TSRYS5743662,D,S,D,2024-05-06,2000000.00,4.482809,96.20703125
08:00:23,91282CJZ5,TSRYS5743662,D,S,D,2024-05-06,1000000.00,4.483318,96.203125
08:00:23,91282CJZ5,TSRYS5743662,D,S,D,2024-05-06,1000000.00,4.483318,96.203125
08:00:23,91282CJZ5,TSRYS5743662,D,S,D,2024-05-06,1000000.00,4.482299,96.2109375
08:00:23,91282CJZ5,TSRYS5743662,D,S,D,2024-05-06,1000000.00,4.483318,96.203125
08:00:23,91282CJZ5,TSRYS5743662,D,S,D,2024-05-06,1000000.00,4.483318,96.203125
08:00:24,91282CJZ5,TSRYS5743662,D,S,T,2024-05-06,1000000.00,4.485356,96.1875
08:00:24,91282CJZ5,TSRYS5743662,D,S,T,2024-05-06,1000000.00,4.485356,96.1875
08:00:24,91282CJZ5,TSRYS5743662,D,S,T,2024-05-06,2000000.00,4.485356,96.1875
08:00:24,91282CJZ5,TSRYS5743662,D,S,T,2024-05-06,1000000.00,4.475171,96.265625
08:00:24,91282CJZ5,TSRYS5743662,D,S,T,2024-05-06,1000000.00,4.485356,96.1875
08:00:25,91282CJZ5,TSRYS5743662,D,S,T,2024-05-06,1000000.00,4.479244,96.234375
08:00:26,91282CJZ5,TSRYS5743662,D,S,T,2024-05-06,1000000.00,4.475171,96.265625
08:00:26,91282CJZ5,TSRYS5743662,D,B,A,2024-05-06,2500000.00,4.481281,96.21875
08:00:26,91282CJZ5,TSRYS5743662,D,S,D,2024-05-06,2000000.00,4.479244,96.234375
08:00:27,91282CJZ5,TSRYS5743662,D,S,T,2024-05-06,2000000.00,4.479244,96.234375
08:00:27,91282CJZ5,TSRYS5743662,D,S,D,2024-05-06,1000000.00,4.479498,96.232421875
08:00:27,91282CJZ5,TSRYS5743662,D,B,C,2024-05-06,5000000.00,4.471099,96.296875
08:00:27,91282CJZ5,TSRYS5743662,D,S,T,2024-05-06,1000000.00,4.476952,96.251953125
08:00:27,91282CJZ5,TSRYS5743662,D,S,T,2024-05-06,1000000.00,4.479244,96.234375
08:00:27,91282CJZ5,TSRYS5743662,D,B,C,2024-05-06,2000000.00,4.477207,96.25
08:00:27,91282CJZ5,TSRYS5743662,D,B,C,2024-05-06,5000000.00,4.477207,96.25
08:00:27,91282CJZ5,TSRYS5743662,D,S,T,2024-05-06,1000000.00,4.478225,96.2421875
08:00:27,91282CJZ5,TSRYS5743662,D,S,T,2024-05-06,1000000.00,4.479498,96.232421875
08:00:27,91282CJZ5,TSRYS5743662,D,S,D,2024-05-06,10000000.00,4.481281,96.21875
08:00:27,91282CJZ5,TSRYS5743662,D,S,D,2024-05-06,1000000.00,4.483318,96.203125
08:00:27,91282CJZ5,TSRYS5743662,D,S,T,2024-05-06,1000000.00,4.483318,96.203125
08:00:27,91282CJZ5,TSRYS5743662,D,S,T,2024-05-06,1000000.00,4.487649,96.169921875
08:00:27,91282CJZ5,TSRYS5743662,D,S,T,2024-05-06,1000000.00,4.487394,96.171875
08:00:27,91282CJZ5,TSRYS5743662,D,S,T,2024-05-06,1000000.00,4.481026,96.220703125
08:00:29,91282CJZ5,TSRYS5743662,D,S,T,2024-05-06,1000000.00,4.481026,96.220703125
08:00:30,91282CJZ5,TSRYS5743662,D,S,T,2024-05-06,1000000.00,4.469064,96.3125
08:00:30,91282CJZ5,TSRYS5743662,D,S,T,2024-05-06,1000000.00,4.473135,96.28125
08:00:30,91282CJZ5,TSRYS5743662,D,S,T,2024-05-06,1000000.00,4.471354,96.294921875
08:00:30,91282CJZ5,TSRYS5743662,D,S,T,2024-05-06,1000000.00,4.472117,96.2890625
08:00:30,91282CJZ5,TSRYS5743662,D,S,T,2024-05-06,1000000.00,4.47288,96.283203125
08:00:30,91282CJZ5,TSRYS5743662,D,S,T,2024-05-06,1000000.00,4.473644,96.27734375
08:00:30,91282CJZ5,TSRYS5743662,D,S,T,2024-05-06,1000000.00,4.473135,96.28125
08:00:30,91282CJZ5,TSRYS5743662,D,S,T,2024-05-06,1000000.00,4.473135,96.28125
08:00:30,91282CJZ5,TSRYS5743662,D,S,T,2024-05-06,1000000.00,4.473135,96.28125
08:00:30,91282CJZ5,TSRYS5743662,D,S,T,2024-05-06,1000000.00,4.471099,96.296875
08:00:30,91282CJZ5,TSRYS5743662,D,S,T,2024-05-06,1000000.00,4.471099,96.296875
08:00:30,91282CJZ5,TSRYS5743662,D,S,T,2024-05-06,1000000.00,4.469064,96.3125
08:00:30,91282CJZ5,TSRYS5743662,D,S,T,2024-05-06,1000000.00,4.470082,96.3046875
08:00:30,91282CJZ5,TSRYS5743662,D,S,T,2024-05-06,1000000.00,4.470082,96.3046875
08:00:30,91282CJZ5,TSRYS5743662,D,S,T,2024-05-06,1000000.00,4.470082,96.3046875
08:00:30,91282CJZ5,TSRYS5743662,D,S,T,2024-05-06,1000000.00,4.470082,96.3046875
08:00:30,91282CJZ5,TSRYS5743662,D,S,T,2024-05-06,1000000.00,4.469064,96.3125
08:00:30,91282CJZ5,TSRYS5743662,D,S,T,2024-05-06,1000000.00,4.471099,96.296875
08:00:30,91282CJZ5,TSRYS5743662,D,S,T,2024-05-06,1000000.00,4.473135,96.28125
08:00:30,91282CJZ5,TSRYS5743662,D,S,T,2024-05-06,4000000.00,4.473135,96.28125
08:00:30,91282CJZ5,TSRYS5743662,D,S,T,2024-05-06,1000000.00,4.473644,96.27734375
08:00:30,91282CJZ5,TSRYS5743662,D,S,T,2024-05-06,1000000.00,4.473135,96.28125
08:00:30,91282CJZ5,TSRYS5743662,D,S,T,2024-05-06,1000000.00,4.473135,96.28125
08:00:30,91282CJZ5,TSRYS5743662,D,S,T,2024-05-06,1000000.00,4.475171,96.265625
08:00:30,91282CJZ5,TSRYS5743662,D,S,T,2024-05-06,1000000.00,4.475171,96.265625
08:00:30,91282CJZ5,TSRYS5743662,D,S,T,2024-05-06,1000000.00,4.477461,96.248046875
08:00:30,91282CJZ5,TSRYS5743662,D,S,T,2024-05-06,1000000.00,4.477207,96.25
08:00:30,91282CJZ5,TSRYS5743662,D,S,T,2024-05-06,1000000.00,4.477207,96.25
08:00:30,91282CJZ5,TSRYS5743662,D,S,T,2024-05-06,1000000.00,4.477207,96.25
08:00:30,91282CJZ5,TSRYS5743662,D,S,T,2024-05-06,1000000.00,4.475171,96.265625
08:00:30,91282CJZ5,TSRYS5743662,D,S,T,2024-05-06,1000000.00,4.477207,96.25
08:00:30,91282CJZ5,TSRYS5743662,D,S,T,2024-05-06,1000000.00,4.476952,96.251953125
08:00:30,91282CJZ5,TSRYS5743662,D,S,T,2024-05-06,1000000.00,4.477207,96.25
08:00:30,91282CJZ5,TSRYS5743662,D,S,T,2024-05-06,1000000.00,4.477207,96.25
08:00:30,91282CJZ5,TSRYS5743662,D,S,T,2024-05-06,1000000.00,4.477207,96.25
08:00:30,91282CJZ5,TSRYS5743662,D,S,T,2024-05-06,1000000.00,4.479244,96.234375
08:00:30,91282CJZ5,TSRYS5743662,D,S,T,2024-05-06,1000000.00,4.479498,96.232421875
08:00:30,91282CJZ5,TSRYS5743662,D,S,T,2024-05-06,1000000.00,4.477207,96.25
08:00:30,91282CJZ5,TSRYS5743662,D,S,T,2024-05-06,1000000.00,4.477207,96.25
08:00:30,91282CJZ5,TSRYS5743662,D,S,T,2024-05-06,2000000.00,4.473644,96.27734375
08:00:30,91282CJZ5,TSRYS5743662,D,S,T,2024-05-06,1000000.00,4.473644,96.27734375
08:00:30,91282CJZ5,TSRYS5743662,D,S,T,2024-05-06,3000000.00,4.473644,96.27734375
08:00:30,91282CJZ5,TSRYS5743662,D,S,T,2024-05-06,1000000.00,4.474153,96.2734375
08:00:30,91282CJZ5,TSRYS5743662,D,S,T,2024-05-06,1000000.00,4.478225,96.2421875
08:00:30,91282CJZ5,TSRYS5743662,D,S,T,2024-05-06,1000000.00,4.479244,96.234375
08:00:30,91282CJZ5,TSRYS5743662,D,S,T,2024-05-06,1000000.00,4.479244,96.234375
08:00:30,91282CJZ5,TSRYS5743662,D,S,T,2024-05-06,1000000.00,4.47848,96.240234375
08:00:30,91282CJZ5,TSRYS5743662,D,S,T,2024-05-06,1000000.00,4.47848,96.240234375
08:00:30,91282CJZ5,TSRYS5743662,D,S,T,2024-05-06,2000000.00,4.476952,96.251953125
08:00:30,91282CJZ5,TSRYS5743662,D,S,T,2024-05-06,1000000.00,4.476698,96.25390625
08:00:30,91282CJZ5,TSRYS5743662,D,S,T,2024-05-06,1000000.00,4.477207,96.25
08:00:30,91282CJZ5,TSRYS5743662,D,S,T,2024-05-06,1000000.00,4.477207,96.25
08:00:30,91282CJZ5,TSRYS5743662,D,S,T,2024-05-06,1000000.00,4.477207,96.25
08:00:30,91282CJZ5,TSRYS5743662,D,S,T,2024-05-06,1000000.00,4.477207,96.25
08:00:30,91282CJZ5,TSRYS5743662,D,S,T,2024-05-06,1000000.00,4.477207,96.25
08:00:30,91282CJZ5,TSRYS5743662,D,S,T,2024-05-06,1000000.00,4.477207,96.25
08:00:30,91282CJZ5,TSRYS5743662,D,S,T,2024-05-06,1000000.00,4.477207,96.25
08:00:30,91282CJZ5,TSRYS5743662,D,S,T,2024-05-06,2000000.00,4.47848,96.240234375
08:00:30,91282CJZ5,TSRYS5743662,D,S,T,2024-05-06,2000000.00,4.478225,96.2421875
08:00:30,91282CJZ5,TSRYS5743662,D,S,T,2024-05-06,1000000.00,4.479244,96.234375
08:00:30,91282CJZ5,TSRYS5743662,D,S,T,2024-05-06,1000000.00,4.479244,96.234375
08:00:30,91282CJZ5,TSRYS5743662,D,S,T,2024-05-06,2000000.00,4.479498,96.232421875
08:00:30,91282CJZ5,TSRYS5743662,D,S,T,2024-05-06,2000000.00,4.479244,96.234375
08:00:30,91282CJZ5,TSRYS5743662,D,S,T,2024-05-06,2000000.00,4.479498,96.232421875
08:00:30,91282CJZ5,TSRYS5743662,D,S,T,2024-05-06,2000000.00,4.479498,96.232421875
08:00:30,91282CJZ5,TSRYS5743662,D,S,T,2024-05-06,2000000.00,4.479753,96.23046875
08:00:30,91282CJZ5,TSRYS5743662,D,S,T,2024-05-06,2000000.00,4.479498,96.232421875
08:00:30,91282CJZ5,TSRYS5743662,D,S,T,2024-05-06,2000000.00,4.479244,96.234375
08:00:30,91282CJZ5,TSRYS5743662,D,S,T,2024-05-06,1000000.00,4.479244,96.234375
08:00:30,91282CJZ5,TSRYS5743662,D,S,T,2024-05-06,1000000.00,4.479244,96.234375
08:00:30,91282CJZ5,TSRYS5743662,D,S,T,2024-05-06,1000000.00,4.481281,96.21875
08:00:30,91282CJZ5,TSRYS5743662,D,S,T,2024-05-06,1000000.00,4.482045,96.212890625
08:00:30,91282CJZ5,TSRYS5743662,D,S,T,2024-05-06,1000000.00,4.481535,96.216796875
08:00:30,91282CJZ5,TSRYS5743662,D,S,T,2024-05-06,1000000.00,4.481535,96.216796875
08:00:30,91282CJZ5,TSRYS5743662,D,S,T,2024-05-06,1000000.00,4.480262,96.2265625
08:00:30,91282CJZ5,TSRYS5743662,D,S,T,2024-05-06,1000000.00,4.480262,96.2265625
08:00:30,91282CJZ5,TSRYS5743662,D,S,T,2024-05-06,1000000.00,4.480262,96.2265625
08:00:30,91282CJZ5,TSRYS5743662,D,S,T,2024-05-06,1000000.00,4.480771,96.22265625
08:00:30,91282CJZ5,TSRYS5743662,D,S,T,2024-05-06,1000000.00,4.480771,96.22265625
08:00:30,91282CJZ5,TSRYS5743662,D,S,T,2024-05-06,1000000.00,4.481281,96.21875
08:00:30,91282CJZ5,TSRYS5743662,D,S,T,2024-05-06,1000000.00,4.481281,96.21875
08:00:30,91282CJZ5,TSRYS5743662,D,S,T,2024-05-06,1000000.00,4.481281,96.21875
08:00:30,91282CJZ5,TSRYS5743662,D,S,T,2024-05-06,1000000.00,4.481281,96.21875
08:00:30,91282CJZ5,TSRYS5743662,D,S,T,2024-05-06,1000000.00,4.481281,96.21875
08:00:30,91282CJZ5,TSRYS5743662,D,S,T,2024-05-06,1000000.00,4.481281,96.21875
08:00:30,91282CJZ5,TSRYS5743662,D,S,T,2024-05-06,1000000.00,4.481281,96.21875
08:00:30,91282CJZ5,TSRYS5743662,D,S,T,2024-05-06,1000000.00,4.481281,96.21875
08:00:30,91282CJZ5,TSRYS5743662,D,S,T,2024-05-06,1000000.00,4.481281,96.21875
08:00:30,91282CJZ5,TSRYS5743662,D,S,T,2024-05-06,1000000.00,4.481281,96.21875
08:00:30,91282CJZ5,TSRYS5743662,D,S,T,2024-05-06,1000000.00,4.481281,96.21875
08:00:30,91282CJZ5,TSRYS5743662,D,S,T,2024-05-06,1000000.00,4.481281,96.21875
08:00:30,91282CJZ5,TSRYS5743662,D,S,T,2024-05-06,1000000.00,4.481281,96.21875
08:00:30,91282CJZ5,TSRYS5743662,D,S,T,2024-05-06,1000000.00,4.481281,96.21875
08:00:30,91282CJZ5,TSRYS5743662,D,S,T,2024-05-06,1000000.00,4.481281,96.21875
08:00:30,91282CJZ5,TSRYS5743662,D,S,T,2024-05-06,1000000.00,4.481281,96.21875
08:00:30,91282CJZ5,TSRYS5743662,D,S,T,2024-05-06,1000000.00,4.479244,96.234375
08:00:30,91282CJZ5,TSRYS5743662,D,S,T,2024-05-06,2000000.00,4.481281,96.21875
08:00:30,91282CJZ5,TSRYS5743662,D,S,T,2024-05-06,2000000.00,4.481281,96.21875
08:00:30,91282CJZ5,TSRYS5743662,D,S,T,2024-05-06,1000000.00,4.481281,96.21875
08:00:30,91282CJZ5,TSRYS5743662,D,S,T,2024-05-06,1000000.00,4.481281,96.21875
08:00:30,91282CJZ5,TSRYS5743662,D,S,T,2024-05-06,3000000.00,4.48179,96.21484375
08:00:30,91282CJZ5,TSRYS5743662,D,S,T,2024-05-06,1000000.00,4.483318,96.203125
08:00:30,91282CJZ5,TSRYS5743662,D,S,T,2024-05-06,1000000.00,4.483318,96.203125
08:00:30,91282CJZ5,TSRYS5743662,D,S,T,2024-05-06,2000000.00,4.483318,96.203125
08:00:30,91282CJZ5,TSRYS5743662,D,S,T,2024-05-06,1000000.00,4.483318,96.203125
08:00:30,91282CJZ5,TSRYS5743662,D,S,T,2024-05-06,1000000.00,4.483318,96.203125
08:00:30,91282CJZ5,TSRYS5743662,D,S,T,2024-05-06,1000000.00,4.482809,96.20703125
08:00:30,91282CJZ5,TSRYS5743662,D,S,T,2024-05-06,1000000.00,4.483573,96.201171875
08:00:30,91282CJZ5,TSRYS5743662,D,S,T,2024-05-06,1000000.00,4.483573,96.201171875
08:00:30,91282CJZ5,TSRYS5743662,D,S,T,2024-05-06,1000000.00,4.483573,96.201171875
08:00:30,91282CJZ5,TSRYS5743662,D,S,T,2024-05-06,1000000.00,4.483318,96.203125
08:00:30,91282CJZ5,TSRYS5743662,D,S,T,2024-05-06,1000000.00,4.484082,96.197265625
08:00:30,91282CJZ5,TSRYS5743662,D,S,T,2024-05-06,1000000.00,4.482554,96.208984375
08:00:30,91282CJZ5,TSRYS5743662,D,S,T,2024-05-06,1000000.00,4.482554,96.208984375
08:00:30,91282CJZ5,TSRYS5743662,D,S,T,2024-05-06,1000000.00,4.482809,96.20703125
08:00:30,91282CJZ5,TSRYS5743662,D,S,T,2024-05-06,1000000.00,4.483318,96.203125
08:00:30,91282CJZ5,TSRYS5743662,D,S,T,2024-05-06,1000000.00,4.483318,96.203125
08:00:30,91282CJZ5,TSRYS5743662,D,S,T,2024-05-06,1000000.00,4.483318,96.203125
08:00:30,91282CJZ5,TSRYS5743662,D,S,T,2024-05-06,1000000.00,4.483318,96.203125
08:00:30,91282CJZ5,TSRYS5743662,D,S,T,2024-05-06,1000000.00,4.483318,96.203125
08:00:30,91282CJZ5,TSRYS5743662,D,S,T,2024-05-06,1000000.00,4.483318,96.203125
08:00:30,91282CJZ5,TSRYS5743662,D,S,T,2024-05-06,1000000.00,4.487394,96.171875
08:00:30,91282CJZ5,TSRYS5743662,D,S,T,2024-05-06,2000000.00,4.487904,96.16796875
08:00:30,91282CJZ5,TSRYS5743662,D,S,T,2024-05-06,2000000.00,4.487649,96.169921875
08:00:30,91282CJZ5,TSRYS5743662,D,S,T,2024-05-06,2000000.00,4.487394,96.171875
08:00:30,91282CJZ5,TSRYS5743662,D,S,T,2024-05-06,1000000.00,4.487394,96.171875
08:00:30,91282CJZ5,TSRYS5743662,D,S,T,2024-05-06,1000000.00,4.489433,96.15625
08:00:30,91282CJZ5,TSRYS5743662,D,S,T,2024-05-06,2000000.00,4.489433,96.15625
08:00:30,91282CJZ5,TSRYS5743662,D,S,T,2024-05-06,1000000.00,4.489433,96.15625
08:00:30,91282CJZ5,TSRYS5743662,D,S,T,2024-05-06,1000000.00,4.488413,96.1640625
08:00:30,91282CJZ5,TSRYS5743662,D,S,T,2024-05-06,1000000.00,4.488413,96.1640625
08:00:30,91282CJZ5,TSRYS5743662,D,S,T,2024-05-06,1000000.00,4.488413,96.1640625
08:00:30,91282CJZ5,TSRYS5743662,D,S,T,2024-05-06,1000000.00,4.488413,96.1640625
08:00:30,91282CJZ5,TSRYS5743662,D,S,T,2024-05-06,1000000.00,4.488413,96.1640625
08:00:30,91282CJZ5,TSRYS5743662,D,S,T,2024-05-06,1000000.00,4.488413,96.1640625
08:00:30,91282CJZ5,TSRYS5743662,D,S,T,2024-05-06,1000000.00,4.488413,96.1640625
08:00:30,91282CJZ5,TSRYS5743662,D,S,T,2024-05-06,1000000.00,4.488413,96.1640625
08:00:30,91282CJZ5,TSRYS5743662,D,S,T,2024-05-06,1000000.00,4.488413,96.1640625
08:00:30,91282CJZ5,TSRYS5743662,D,S,T,2024-05-06,1000000.00,4.488413,96.1640625
08:00:30,91282CJZ5,TSRYS5743662,D,S,T,2024-05-06,2000000.00,4.487394,96.171875
08:00:30,91282CJZ5,TSRYS5743662,D,S,D,2024-05-06,2000000.00,4.480007,96.228515625
08:00:30,91282CJZ5,TSRYS5743662,D,S,D,2024-05-06,1435000.00,4.479498,96.232421875
08:00:30,91282CJZ5,TSRYS5743662,D,S,D,2024-05-06,2000000.00,4.481026,96.220703125
08:00:30,91282CJZ5,TSRYS5743662,D,S,D,2024-05-06,2000000.00,4.481026,96.220703125
08:00:30,91282CJZ5,TSRYS5743662,D,S,D,2024-05-06,2000000.00,4.481026,96.220703125
08:00:30,91282CJZ5,TSRYS5743662,D,S,D,2024-05-06,2000000.00,4.481026,96.220703125
08:00:30,91282CJZ5,TSRYS5743662,D,S,D,2024-05-06,2000000.00,4.481026,96.220703125
08:00:30,91282CJZ5,TSRYS5743662,D,S,D,2024-05-06,2000000.00,4.483063,96.205078125
08:00:30,91282CJZ5,TSRYS5743662,D,S,D,2024-05-06,1000000.00,4.484082,96.197265625
08:00:30,91282CJZ5,TSRYS5743662,D,S,D,2024-05-06,1000000.00,4.487904,96.16796875
08:00:30,91282CJZ5,TSRYS5743662,D,S,D,2024-05-06,1000000.00,4.480517,96.224609375
08:00:30,91282CJZ5,TSRYS5743662,D,S,D,2024-05-06,1000000.00,4.483827,96.19921875
08:00:30,91282CJZ5,TSRYS5743662,D,S,D,2024-05-06,2000000.00,4.484846,96.19140625
08:00:30,91282CJZ5,TSRYS5743662,D,S,D,2024-05-06,1000000.00,4.489178,96.158203125
08:00:30,91282CJZ5,TSRYS5743662,D,S,D,2024-05-06,2000000.00,4.489178,96.158203125
08:00:30,91282CJZ5,TSRYS5743662,D,S,D,2024-05-06,2000000.00,4.487904,96.16796875
08:00:30,91282CJZ5,TSRYS5743662,D,S,D,2024-05-06,2000000.00,4.487904,96.16796875
08:00:30,91282CJZ5,TSRYS5743662,D,S,D,2024-05-06,1000000.00,4.485356,96.1875
08:00:30,91282CJZ5,TSRYS5743662,D,S,D,2024-05-06,1000000.00,4.485356,96.1875
08:00:30,91282CJZ5,TSRYS5743662,D,S,D,2024-05-06,2000000.00,4.485356,96.1875
08:00:30,91282CJZ5,TSRYS5743662,D,S,T,2024-05-06,1000000.00,4.469064,96.3125
08:00:30,91282CJZ5,TSRYS5743662,D,S,T,2024-05-06,1000000.00,4.469064,96.3125
08:00:30,91282CJZ5,TSRYS5743662,D,S,T,2024-05-06,1000000.00,4.471099,96.296875
08:00:30,91282CJZ5,TSRYS5743662,D,S,T,2024-05-06,1000000.00,4.471099,96.296875
08:00:30,91282CJZ5,TSRYS5743662,D,S,T,2024-05-06,1000000.00,4.471099,96.296875
08:00:30,91282CJZ5,TSRYS5743662,D,S,T,2024-05-06,1000000.00,4.469573,96.30859375
08:00:30,91282CJZ5,TSRYS5743662,D,S,T,2024-05-06,1000000.00,4.471099,96.296875
08:00:30,91282CJZ5,TSRYS5743662,D,S,T,2024-05-06,2000000.00,4.474153,96.2734375
08:00:30,91282CJZ5,TSRYS5743662,D,S,T,2024-05-06,1000000.00,4.475934,96.259765625
08:00:30,91282CJZ5,TSRYS5743662,D,S,T,2024-05-06,1000000.00,4.480771,96.22265625
08:00:30,91282CJZ5,TSRYS5743662,D,S,T,2024-05-06,1000000.00,4.481026,96.220703125
08:00:30,91282CJZ5,TSRYS5743662,D,S,T,2024-05-06,1000000.00,4.483827,96.19921875
08:00:30,91282CJZ5,TSRYS5743662,D,S,T,2024-05-06,2000000.00,4.484846,96.19140625
08:00:30,91282CJZ5,TSRYS5743662,D,S,T,2024-05-06,1000000.00,4.482554,96.208984375
08:00:30,91282CJZ5,TSRYS5743662,D,S,T,2024-05-06,2000000.00,4.484846,96.19140625
08:00:30,91282CJZ5,TSRYS5743662,D,S,T,2024-05-06,2000000.00,4.487394,96.171875
08:00:30,91282CJZ5,TSRYS5743662,D,S,T,2024-05-06,2000000.00,4.487394,96.171875
08:00:30,91282CJZ5,TSRYS5743662,D,S,T,2024-05-06,1000000.00,4.488413,96.1640625
08:00:30,91282CJZ5,TSRYS5743662,D,S,T,2024-05-06,1000000.00,4.488413,96.1640625
08:00:30,91282CJZ5,TSRYS5743662,D,S,T,2024-05-06,1000000.00,4.488413,96.1640625
08:00:30,91282CJZ5,TSRYS5743662,D,S,T,2024-05-06,1000000.00,4.486375,96.1796875
08:00:30,91282CJZ5,TSRYS5743662,D,S,T,2024-05-06,1000000.00,4.486375,96.1796875
08:00:30,91282CJZ5,TSRYS5743662,D,S,T,2024-05-06,1000000.00,4.481026,96.220703125
08:00:32,91282CJZ5,TSRYS5743662,D,S,T,2024-05-06,2000000.00,4.479244,96.234375
08:00:34,91282CJZ5,TSRYS5743662,D,S,T,2024-05-06,1000000.00,4.479244,96.234375
08:00:35,91282CJZ5,TSRYS5743662,D,S,T,2024-05-06,1000000.00,4.479244,96.234375
08:00:36,91282CJZ5,TSRYS5743662,D,S,A,2024-05-06,1000000.00,4.474153,96.2734375
08:00:36,91282CJZ5,TSRYS5743662,D,S,T,2024-05-06,1000000.00,4.471099,96.296875
08:00:36,91282CJZ5,TSRYS5743662,D,S,T,2024-05-06,1000000.00,4.470082,96.3046875
08:00:36,91282CJZ5,TSRYS5743662,D,S,D,2024-05-06,1000000.00,4.473135,96.28125
08:00:36,91282CJZ5,TSRYS5743662,D,S,D,2024-05-06,1000000.00,4.473135,96.28125
08:00:36,91282CJZ5,TSRYS5743662,D,S,D,2024-05-06,1000000.00,4.473135,96.28125
08:00:36,91282CJZ5,TSRYS5743662,D,S,D,2024-05-06,1000000.00,4.473135,96.28125
08:00:36,91282CJZ5,TSRYS5743662,D,S,D,2024-05-06,1000000.00,4.473135,96.28125
08:00:36,91282CJZ5,TSRYS5743662,D,S,T,2024-05-06,1000000.00,4.473135,96.28125
08:00:36,91282CJZ5,TSRYS5743662,D,S,T,2024-05-06,1000000.00,4.473135,96.28125
08:00:36,91282CJZ5,TSRYS5743662,D,S,T,2024-05-06,1000000.00,4.473135,96.28125
08:00:36,91282CJZ5,TSRYS5743662,D,S,D,2024-05-06,1000000.00,4.473135,96.28125
08:00:36,91282CJZ5,TSRYS5743662,D,S,D,2024-05-06,2000000.00,4.473135,96.28125
08:00:36,91282CJZ5,TSRYS5743662,D,S,D,2024-05-06,1000000.00,4.473135,96.28125
08:00:36,91282CJZ5,TSRYS5743662,D,S,D,2024-05-06,1000000.00,4.473135,96.28125
08:00:36,91282CJZ5,TSRYS5743662,D,S,D,2024-05-06,1000000.00,4.473135,96.28125
08:00:36,91282CJZ5,TSRYS5743662,D,S,D,2024-05-06,1000000.00,4.473135,96.28125
08:00:36,91282CJZ5,TSRYS5743662,D,S,D,2024-05-06,1000000.00,4.473135,96.28125
08:00:36,91282CJZ5,TSRYS5743662,D,S,T,2024-05-06,1000000.00,4.473135,96.28125
08:00:36,91282CJZ5,TSRYS5743662,D,S,T,2024-05-06,1000000.00,4.475171,96.265625
08:00:36,91282CJZ5,TSRYS5743662,D,S,D,2024-05-06,1000000.00,4.479244,96.234375
08:00:36,91282CJZ5,TSRYS5743662,D,S,D,2024-05-06,1000000.00,4.479244,96.234375
08:00:36,91282CJZ5,TSRYS5743662,D,S,D,2024-05-06,1000000.00,4.479244,96.234375
08:00:36,91282CJZ5,TSRYS5743662,D,S,D,2024-05-06,1000000.00,4.479244,96.234375
08:00:36,91282CJZ5,TSRYS5743662,D,S,D,2024-05-06,1000000.00,4.479244,96.234375
08:00:36,91282CJZ5,TSRYS5743662,D,S,D,2024-05-06,1000000.00,4.479244,96.234375
08:00:36,91282CJZ5,TSRYS5743662,D,S,D,2024-05-06,1000000.00,4.479244,96.234375
08:00:36,91282CJZ5,TSRYS5743662,D,S,D,2024-05-06,1000000.00,4.479244,96.234375
08:00:36,91282CJZ5,TSRYS5743662,D,S,D,2024-05-06,1000000.00,4.479244,96.234375
08:00:36,91282CJZ5,TSRYS5743662,D,S,D,2024-05-06,1000000.00,4.478225,96.2421875
08:00:36,91282CJZ5,TSRYS5743662,D,S,D,2024-05-06,1000000.00,4.479148,96.2351102941
08:00:36,91282CJZ5,TSRYS5743662,D,S,D,2024-05-06,1000000.00,4.479148,96.2351102941
08:00:36,91282CJZ5,TSRYS5743662,D,S,D,2024-05-06,1000000.00,4.479148,96.2351102941
08:00:36,91282CJZ5,TSRYS5743662,D,S,D,2024-05-06,1000000.00,4.479148,96.2351102941
08:00:36,91282CJZ5,TSRYS5743662,D,S,D,2024-05-06,1000000.00,4.479148,96.2351102941
08:00:36,91282CJZ5,TSRYS5743662,D,S,D,2024-05-06,1000000.00,4.479148,96.2351102941
08:00:36,91282CJZ5,TSRYS5743662,D,S,D,2024-05-06,1000000.00,4.479148,96.2351102941
08:00:36,91282CJZ5,TSRYS5743662,D,S,D,2024-05-06,1000000.00,4.477207,96.25
08:00:36,91282CJZ5,TSRYS5743662,D,S,D,2024-05-06,1000000.00,4.477207,96.25
08:00:36,91282CJZ5,TSRYS5743662,D,S,D,2024-05-06,1000000.00,4.477207,96.25
08:00:36,91282CJZ5,TSRYS5743662,D,S,D,2024-05-06,2000000.00,4.477207,96.25
08:00:36,91282CJZ5,TSRYS5743662,D,S,D,2024-05-06,1000000.00,4.477207,96.25
08:00:36,91282CJZ5,TSRYS5743662,D,S,D,2024-05-06,1000000.00,4.477207,96.25
08:00:36,91282CJZ5,TSRYS5743662,D,S,T,2024-05-06,1000000.00,4.477207,96.25
08:00:36,91282CJZ5,TSRYS5743662,D,S,D,2024-05-06,1000000.00,4.477207,96.25
08:00:36,91282CJZ5,TSRYS5743662,D,S,T,2024-05-06,1000000.00,4.477207,96.25
08:00:36,91282CJZ5,TSRYS5743662,D,S,T,2024-05-06,1000000.00,4.477207,96.25
08:00:36,91282CJZ5,TSRYS5743662,D,S,T,2024-05-06,1000000.00,4.477207,96.25
08:00:36,91282CJZ5,TSRYS5743662,D,S,T,2024-05-06,1000000.00,4.477207,96.25
08:00:36,91282CJZ5,TSRYS5743662,D,S,T,2024-05-06,1000000.00,4.477207,96.25
08:00:36,91282CJZ5,TSRYS5743662,D,S,T,2024-05-06,1000000.00,4.477207,96.25
08:00:36,91282CJZ5,TSRYS5743662,D,S,T,2024-05-06,2000000.00,4.477207,96.25
08:00:36,91282CJZ5,TSRYS5743662,D,S,D,2024-05-06,1000000.00,4.477207,96.25
08:00:36,91282CJZ5,TSRYS5743662,D,S,D,2024-05-06,1000000.00,4.477207,96.25
08:00:36,91282CJZ5,TSRYS5743662,D,S,D,2024-05-06,1000000.00,4.477207,96.25
08:00:36,91282CJZ5,TSRYS5743662,D,S,D,2024-05-06,1000000.00,4.477207,96.25
08:00:36,91282CJZ5,TSRYS5743662,D,S,D,2024-05-06,1000000.00,4.477207,96.25
08:00:36,91282CJZ5,TSRYS5743662,D,S,D,2024-05-06,1000000.00,4.477207,96.25
08:00:36,91282CJZ5,TSRYS5743662,D,S,T,2024-05-06,1000000.00,4.477207,96.25
08:00:36,91282CJZ5,TSRYS5743662,D,S,D,2024-05-06,1000000.00,4.477207,96.25
08:00:36,91282CJZ5,TSRYS5743662,D,S,D,2024-05-06,1000000.00,4.477207,96.25
08:00:36,91282CJZ5,TSRYS5743662,D,S,T,2024-05-06,1000000.00,4.477207,96.25
08:00:36,91282CJZ5,TSRYS5743662,D,S,T,2024-05-06,1000000.00,4.477207,96.25
08:00:36,91282CJZ5,TSRYS5743662,D,S,T,2024-05-06,1000000.00,4.477207,96.25
08:00:36,91282CJZ5,TSRYS5743662,D,S,T,2024-05-06,1000000.00,4.477207,96.25
08:00:36,91282CJZ5,TSRYS5743662,D,S,T,2024-05-06,1000000.00,4.477207,96.25
08:00:36,91282CJZ5,TSRYS5743662,D,S,D,2024-05-06,1000000.00,4.477207,96.25
08:00:36,91282CJZ5,TSRYS5743662,D,S,D,2024-05-06,1000000.00,4.477207,96.25
08:00:36,91282CJZ5,TSRYS5743662,D,S,D,2024-05-06,1000000.00,4.477207,96.25
08:00:36,91282CJZ5,TSRYS5743662,D,S,T,2024-05-06,1000000.00,4.477207,96.25
08:00:36,91282CJZ5,TSRYS5743662,D,S,T,2024-05-06,1000000.00,4.477207,96.25
08:00:36,91282CJZ5,TSRYS5743662,D,S,T,2024-05-06,1000000.00,4.477207,96.25
08:00:36,91282CJZ5,TSRYS5743662,D,S,T,2024-05-06,1000000.00,4.477207,96.25
08:00:36,91282CJZ5,TSRYS5743662,D,S,T,2024-05-06,1000000.00,4.477207,96.25
08:00:36,91282CJZ5,TSRYS5743662,D,S,D,2024-05-06,1000000.00,4.478225,96.2421875
08:00:36,91282CJZ5,TSRYS5743662,D,S,D,2024-05-06,3000000.00,4.477207,96.25
08:00:36,91282CJZ5,TSRYS5743662,D,S,D,2024-05-06,1000000.00,4.477207,96.25
08:00:36,91282CJZ5,TSRYS5743662,D,S,T,2024-05-06,3000000.00,4.477207,96.25
08:00:36,91282CJZ5,TSRYS5743662,D,S,D,2024-05-06,1000000.00,4.477207,96.25
08:00:36,91282CJZ5,TSRYS5743662,D,S,D,2024-05-06,1000000.00,4.477207,96.25
08:00:36,91282CJZ5,TSRYS5743662,D,S,D,2024-05-06,1000000.00,4.477209,96.2499846513
08:00:36,91282CJZ5,TSRYS5743662,D,S,T,2024-05-06,1000000.00,4.477207,96.25
08:00:36,91282CJZ5,TSRYS5743662,D,S,T,2024-05-06,1000000.00,4.477207,96.25
08:00:36,91282CJZ5,TSRYS5743662,D,S,T,2024-05-06,1000000.00,4.477207,96.25
08:00:36,91282CJZ5,TSRYS5743662,D,S,C,2024-05-06,2220000.00,4.477716,96.24609375
08:00:36,91282CJZ5,TSRYS5743662,D,S,D,2024-05-06,1000000.00,4.479244,96.234375
08:00:36,91282CJZ5,TSRYS5743662,D,S,D,2024-05-06,1000000.00,4.479244,96.234375
08:00:36,91282CJZ5,TSRYS5743662,D,S,D,2024-05-06,1000000.00,4.479244,96.234375
08:00:36,91282CJZ5,TSRYS5743662,D,S,D,2024-05-06,1000000.00,4.478734,96.23828125
08:00:36,91282CJZ5,TSRYS5743662,D,S,D,2024-05-06,1000000.00,4.478648,96.2389412451
08:00:36,91282CJZ5,TSRYS5743662,D,S,T,2024-05-06,1000000.00,4.479244,96.234375
08:00:36,91282CJZ5,TSRYS5743662,D,S,D,2024-05-06,1000000.00,4.478648,96.2389412451
08:00:36,91282CJZ5,TSRYS5743662,D,S,D,2024-05-06,1000000.00,4.478648,96.2389412451
08:00:36,91282CJZ5,TSRYS5743662,D,S,D,2024-05-06,1000000.00,4.477209,96.2499846513
08:00:36,91282CJZ5,TSRYS5743662,D,S,T,2024-05-06,1000000.00,4.477207,96.25
08:00:36,91282CJZ5,TSRYS5743662,D,S,D,2024-05-06,1000000.00,4.477207,96.25
08:00:36,91282CJZ5,TSRYS5743662,D,S,D,2024-05-06,1000000.00,4.477207,96.25
08:00:36,91282CJZ5,TSRYS5743662,D,S,D,2024-05-06,1000000.00,4.477207,96.25
08:00:36,91282CJZ5,TSRYS5743662,D,S,A,2024-05-06,1250000.00,4.476189,96.2578125
08:00:36,91282CJZ5,TSRYS5743662,D,S,D,2024-05-06,1000000.00,4.477207,96.25
08:00:36,91282CJZ5,TSRYS5743662,D,S,D,2024-05-06,1000000.00,4.478148,96.2427784258
08:00:36,91282CJZ5,TSRYS5743662,D,S,D,2024-05-06,1000000.00,4.477207,96.25
08:00:36,91282CJZ5,TSRYS5743662,D,S,D,2024-05-06,1000000.00,4.477207,96.25
08:00:36,91282CJZ5,TSRYS5743662,D,S,D,2024-05-06,1000000.00,4.477207,96.25
08:00:36,91282CJZ5,TSRYS5743662,D,S,D,2024-05-06,1000000.00,4.477207,96.25
08:00:36,91282CJZ5,TSRYS5743662,D,S,A,2024-05-06,2000000.00,4.476189,96.2578125
08:00:36,91282CJZ5,TSRYS5743662,D,B,A,2024-05-06,44950000.00,4.477207,96.25
08:00:36,91282CJZ5,TSRYS5743662,D,S,T,2024-05-06,1000000.00,4.476698,96.25390625
08:00:36,91282CJZ5,TSRYS5743662,D,S,T,2024-05-06,2000000.00,4.475171,96.265625
08:00:36,91282CJZ5,TSRYS5743662,D,S,T,2024-05-06,4000000.00,4.475171,96.265625
08:00:36,91282CJZ5,TSRYS5743662,D,S,T,2024-05-06,1000000.00,4.475171,96.265625
08:00:36,91282CJZ5,TSRYS5743662,D,S,T,2024-05-06,2000000.00,4.475171,96.265625
08:00:36,91282CJZ5,TSRYS5743662,D,S,T,2024-05-06,1000000.00,4.475171,96.265625
08:00:36,91282CJZ5,TSRYS5743662,D,S,T,2024-05-06,1000000.00,4.475171,96.265625
08:00:36,91282CJZ5,TSRYS5743662,D,S,T,2024-05-06,1000000.00,4.475171,96.265625
08:00:36,91282CJZ5,TSRYS5743662,D,S,C,2024-05-06,4970000.00,4.47568,96.26171875
08:00:36,91282CJZ5,TSRYS5743662,D,B,A,2024-05-06,6700000.00,4.476189,96.2578125
08:00:36,91282CJZ5,TSRYS5743662,D,S,D,2024-05-06,2000000.00,4.475171,96.265625
08:00:36,91282CJZ5,TSRYS5743662,D,S,D,2024-05-06,1000000.00,4.475171,96.265625
08:00:36,91282CJZ5,TSRYS5743662,D,S,D,2024-05-06,4000000.00,4.475171,96.265625
08:00:36,91282CJZ5,TSRYS5743662,D,S,D,2024-05-06,1000000.00,4.475171,96.265625
08:00:36,91282CJZ5,TSRYS5743662,D,S,D,2024-05-06,1000000.00,4.475171,96.265625
08:00:36,91282CJZ5,TSRYS5743662,D,S,D,2024-05-06,1000000.00,4.475171,96.265625
08:00:36,91282CJZ5,TSRYS5743662,D,S,D,2024-05-06,2000000.00,4.475171,96.265625
08:00:36,91282CJZ5,TSRYS5743662,D,S,T,2024-05-06,1000000.00,4.475171,96.265625
08:00:36,91282CJZ5,TSRYS5743662,D,S,T,2024-05-06,1000000.00,4.475171,96.265625
08:00:36,91282CJZ5,TSRYS5743662,D,S,T,2024-05-06,3000000.00,4.475171,96.265625
08:00:36,91282CJZ5,TSRYS5743662,D,S,T,2024-05-06,2000000.00,4.475171,96.265625
08:00:36,91282CJZ5,TSRYS5743662,D,S,T,2024-05-06,2000000.00,4.475171,96.265625
08:00:36,91282CJZ5,TSRYS5743662,D,S,T,2024-05-06,2000000.00,4.475171,96.265625
08:00:36,91282CJZ5,TSRYS5743662,D,S,D,2024-05-06,1000000.00,4.475171,96.265625
08:00:36,91282CJZ5,TSRYS5743662,D,S,D,2024-05-06,2000000.00,4.475171,96.265625
08:00:36,91282CJZ5,TSRYS5743662,D,S,D,2024-05-06,2000000.00,4.475171,96.265625
08:00:36,91282CJZ5,TSRYS5743662,D,S,D,2024-05-06,3000000.00,4.475171,96.265625
08:00:36,91282CJZ5,TSRYS5743662,D,S,D,2024-05-06,2000000.00,4.475171,96.265625
08:00:36,91282CJZ5,TSRYS5743662,D,S,D,2024-05-06,3000000.00,4.475171,96.265625
08:00:36,91282CJZ5,TSRYS5743662,D,S,T,2024-05-06,1000000.00,4.473135,96.28125
08:00:36,91282CJZ5,TSRYS5743662,D,S,T,2024-05-06,5000000.00,4.473135,96.28125
08:00:36,91282CJZ5,TSRYS5743662,D,S,T,2024-05-06,1000000.00,4.473135,96.28125
08:00:36,91282CJZ5,TSRYS5743662,D,S,T,2024-05-06,1000000.00,4.473135,96.28125
08:00:36,91282CJZ5,TSRYS5743662,D,S,T,2024-05-06,2000000.00,4.473135,96.28125
08:00:36,91282CJZ5,TSRYS5743662,D,S,T,2024-05-06,1000000.00,4.473135,96.28125
08:00:36,91282CJZ5,TSRYS5743662,D,S,D,2024-05-06,5000000.00,4.473135,96.28125
08:00:36,91282CJZ5,TSRYS5743662,D,S,D,2024-05-06,1000000.00,4.473135,96.28125
08:00:36,91282CJZ5,TSRYS5743662,D,S,D,2024-05-06,1000000.00,4.473135,96.28125
08:00:36,91282CJZ5,TSRYS5743662,D,S,D,2024-05-06,1000000.00,4.473135,96.28125
08:00:36,91282CJZ5,TSRYS5743662,D,S,D,2024-05-06,1000000.00,4.473135,96.28125
08:00:36,91282CJZ5,TSRYS5743662,D,S,T,2024-05-06,1000000.00,4.473135,96.28125
08:00:36,91282CJZ5,TSRYS5743662,D,S,D,2024-05-06,2000000.00,4.473135,96.28125
08:00:36,91282CJZ5,TSRYS5743662,D,S,D,2024-05-06,1000000.00,4.473135,96.28125
08:00:36,91282CJZ5,TSRYS5743662,D,S,D,2024-05-06,1000000.00,4.473135,96.28125
08:00:36,91282CJZ5,TSRYS5743662,D,S,D,2024-05-06,2000000.00,4.473135,96.28125
08:00:36,91282CJZ5,TSRYS5743662,D,S,D,2024-05-06,1000000.00,4.473135,96.28125
08:00:36,91282CJZ5,TSRYS5743662,D,S,D,2024-05-06,1000000.00,4.473135,96.28125
08:00:36,91282CJZ5,TSRYS5743662,D,S,A,2024-05-06,1984000.00,4.472733,96.28515625
08:00:36,91282CJZ5,TSRYS5743662,D,S,T,2024-05-06,1000000.00,4.471099,96.296875
08:00:36,91282CJZ5,TSRYS5743662,D,S,D,2024-05-06,1000000.00,4.480526,96.2245364686
08:00:36,91282CJZ5,TSRYS5743662,D,S,D,2024-05-06,1000000.00,4.480526,96.2245364686
08:00:36,91282CJZ5,TSRYS5743662,D,S,D,2024-05-06,1000000.00,4.480526,96.2245364686
08:00:36,91282CJZ5,TSRYS5743662,D,S,D,2024-05-06,1000000.00,4.480526,96.2245364686
08:00:36,91282CJZ5,TSRYS5743662,D,S,D,2024-05-06,1000000.00,4.480526,96.2245364686
08:00:36,91282CJZ5,TSRYS5743662,D,S,D,2024-05-06,1000000.00,4.480526,96.2245364686
08:00:36,91282CJZ5,TSRYS5743662,D,S,D,2024-05-06,1000000.00,4.480526,96.2245364686
08:00:36,91282CJZ5,TSRYS5743662,D,S,D,2024-05-06,1000000.00,4.480526,96.2245364686
08:00:36,91282CJZ5,TSRYS5743662,D,S,T,2024-05-06,1000000.00,4.479244,96.234375
08:00:36,91282CJZ5,TSRYS5743662,D,B,C,2024-05-06,500000.00,4.479753,96.23046875
08:00:36,91282CJZ5,TSRYS5743662,D,S,D,2024-05-06,1000000.00,4.480526,96.2245364686
08:00:36,91282CJZ5,TSRYS5743662,D,S,D,2024-05-06,1000000.00,4.480526,96.2245364686
08:00:36,91282CJZ5,TSRYS5743662,D,S,D,2024-05-06,1000000.00,4.480526,96.2245364686
08:00:36,91282CJZ5,TSRYS5743662,D,S,D,2024-05-06,1000000.00,4.480526,96.2245364686
08:00:36,91282CJZ5,TSRYS5743662,D,S,D,2024-05-06,1000000.00,4.480526,96.2245364686
08:00:36,91282CJZ5,TSRYS5743662,D,S,D,2024-05-06,1000000.00,4.480262,96.2265625
08:00:36,91282CJZ5,TSRYS5743662,D,S,D,2024-05-06,1000000.00,4.480526,96.2245364686
08:00:36,91282CJZ5,TSRYS5743662,D,S,D,2024-05-06,1000000.00,4.480526,96.2245364686
08:00:36,91282CJZ5,TSRYS5743662,D,S,D,2024-05-06,1000000.00,4.480526,96.2245364686
08:00:36,91282CJZ5,TSRYS5743662,D,S,D,2024-05-06,1000000.00,4.480526,96.2245364686
08:00:36,91282CJZ5,TSRYS5743662,D,S,D,2024-05-06,1000000.00,4.480026,96.2283736493
08:00:36,91282CJZ5,TSRYS5743662,D,S,D,2024-05-06,1000000.00,4.480026,96.2283736493
08:00:36,91282CJZ5,TSRYS5743662,D,S,D,2024-05-06,1000000.00,4.480026,96.2283736493
08:00:36,91282CJZ5,TSRYS5743662,D,S,D,2024-05-06,1000000.00,4.480026,96.2283736493
08:00:36,91282CJZ5,TSRYS5743662,D,S,D,2024-05-06,1000000.00,4.480026,96.2283736493
08:00:36,91282CJZ5,TSRYS5743662,D,S,T,2024-05-06,1000000.00,4.477207,96.25
08:00:36,91282CJZ5,TSRYS5743662,D,S,T,2024-05-06,1000000.00,4.477207,96.25
08:00:36,91282CJZ5,TSRYS5743662,D,S,D,2024-05-06,1000000.00,4.478587,96.2394093811
08:00:36,91282CJZ5,TSRYS5743662,D,S,T,2024-05-06,1000000.00,4.479244,96.234375
08:00:36,91282CJZ5,TSRYS5743662,D,S,T,2024-05-06,3000000.00,4.479753,96.23046875
08:00:36,91282CJZ5,TSRYS5743662,D,S,T,2024-05-06,1000000.00,4.479244,96.234375
08:00:36,91282CJZ5,TSRYS5743662,D,S,D,2024-05-06,2000000.00,4.477207,96.25
08:00:36,91282CJZ5,TSRYS5743662,D,S,D,2024-05-06,2000000.00,4.477207,96.25
08:00:36,91282CJZ5,TSRYS5743662,D,S,D,2024-05-06,1000000.00,4.479244,96.234375
08:00:36,91282CJZ5,TSRYS5743662,D,S,T,2024-05-06,1000000.00,4.479244,96.234375
08:00:36,91282CJZ5,TSRYS5743662,D,S,C,2024-05-06,850000.00,4.480262,96.2265625
08:00:36,91282CJZ5,TSRYS5743662,D,S,T,2024-05-06,1000000.00,4.481281,96.21875
08:00:36,91282CJZ5,TSRYS5743662,D,S,T,2024-05-06,1000000.00,4.481281,96.21875
08:00:36,91282CJZ5,TSRYS5743662,D,S,T,2024-05-06,1000000.00,4.481281,96.21875
08:00:36,91282CJZ5,TSRYS5743662,D,S,D,2024-05-06,1000000.00,4.483026,96.2053659136
08:00:36,91282CJZ5,TSRYS5743662,D,S,D,2024-05-06,1000000.00,4.483026,96.2053659136
08:00:36,91282CJZ5,TSRYS5743662,D,S,T,2024-05-06,1000000.00,4.481281,96.21875
08:00:36,91282CJZ5,TSRYS5743662,D,S,T,2024-05-06,2000000.00,4.481281,96.21875
08:00:36,91282CJZ5,TSRYS5743662,D,S,T,2024-05-06,6000000.00,4.481281,96.21875
08:00:36,91282CJZ5,TSRYS5743662,D,S,D,2024-05-06,1000000.00,4.483026,96.2053659136
08:00:36,91282CJZ5,TSRYS5743662,D,S,D,2024-05-06,1000000.00,4.483026,96.2053659136
08:00:36,91282CJZ5,TSRYS5743662,D,S,D,2024-05-06,1000000.00,4.483026,96.2053659136
08:00:36,91282CJZ5,TSRYS5743662,D,S,D,2024-05-06,1000000.00,4.483026,96.2053659136
08:00:36,91282CJZ5,TSRYS5743662,D,S,D,2024-05-06,2000000.00,4.481281,96.21875
08:00:36,91282CJZ5,TSRYS5743662,D,S,T,2024-05-06,1000000.00,4.481281,96.21875
08:00:36,91282CJZ5,TSRYS5743662,D,S,T,2024-05-06,1000000.00,4.481281,96.21875
08:00:36,91282CJZ5,TSRYS5743662,D,S,T,2024-05-06,1000000.00,4.481281,96.21875
08:00:36,91282CJZ5,TSRYS5743662,D,S,T,2024-05-06,1000000.00,4.481281,96.21875
08:00:36,91282CJZ5,TSRYS5743662,D,S,T,2024-05-06,1000000.00,4.481281,96.21875
08:00:36,91282CJZ5,TSRYS5743662,D,S,T,2024-05-06,1000000.00,4.481281,96.21875
08:00:36,91282CJZ5,TSRYS5743662,D,S,T,2024-05-06,1000000.00,4.481281,96.21875
08:00:36,91282CJZ5,TSRYS5743662,D,S,T,2024-05-06,1000000.00,4.481281,96.21875
08:00:36,91282CJZ5,TSRYS5743662,D,S,T,2024-05-06,1000000.00,4.481281,96.21875
08:00:36,91282CJZ5,TSRYS5743662,D,S,T,2024-05-06,2000000.00,4.481281,96.21875
08:00:36,91282CJZ5,TSRYS5743662,D,S,T,2024-05-06,1000000.00,4.481281,96.21875
08:00:36,91282CJZ5,TSRYS5743662,D,S,T,2024-05-06,4000000.00,4.481281,96.21875
08:00:36,91282CJZ5,TSRYS5743662,D,S,T,2024-05-06,1000000.00,4.481281,96.21875
08:00:36,91282CJZ5,TSRYS5743662,D,S,T,2024-05-06,1000000.00,4.481281,96.21875
08:00:36,91282CJZ5,TSRYS5743662,D,S,D,2024-05-06,6000000.00,4.481281,96.21875
08:00:36,91282CJZ5,TSRYS5743662,D,S,D,2024-05-06,1000000.00,4.481281,96.21875
08:00:36,91282CJZ5,TSRYS5743662,D,S,D,2024-05-06,1000000.00,4.481281,96.21875
08:00:36,91282CJZ5,TSRYS5743662,D,S,D,2024-05-06,1000000.00,4.481281,96.21875
08:00:36,91282CJZ5,TSRYS5743662,D,S,D,2024-05-06,1000000.00,4.481281,96.21875
08:00:36,91282CJZ5,TSRYS5743662,D,S,D,2024-05-06,1000000.00,4.483026,96.2053659136
08:00:36,91282CJZ5,TSRYS5743662,D,S,D,2024-05-06,5000000.00,4.481281,96.21875
08:00:36,91282CJZ5,TSRYS5743662,D,S,D,2024-05-06,1000000.00,4.483026,96.2053659136
08:00:36,91282CJZ5,TSRYS5743662,D,S,D,2024-05-06,1000000.00,4.483026,96.2053659136
08:00:36,91282CJZ5,TSRYS5743662,D,S,D,2024-05-06,1000000.00,4.481281,96.21875
08:00:36,91282CJZ5,TSRYS5743662,D,S,D,2024-05-06,1000000.00,4.481281,96.21875
08:00:36,91282CJZ5,TSRYS5743662,D,S,D,2024-05-06,1000000.00,4.481281,96.21875
08:00:36,91282CJZ5,TSRYS5743662,D,S,D,2024-05-06,1000000.00,4.481281,96.21875
08:00:36,91282CJZ5,TSRYS5743662,D,S,D,2024-05-06,2000000.00,4.481281,96.21875
08:00:36,91282CJZ5,TSRYS5743662,D,S,D,2024-05-06,1000000.00,4.481281,96.21875
08:00:36,91282CJZ5,TSRYS5743662,D,S,D,2024-05-06,1000000.00,4.481281,96.21875
08:00:36,91282CJZ5,TSRYS5743662,D,S,D,2024-05-06,1000000.00,4.481281,96.21875
08:00:36,91282CJZ5,TSRYS5743662,D,S,D,2024-05-06,4000000.00,4.481281,96.21875
08:00:36,91282CJZ5,TSRYS5743662,D,S,D,2024-05-06,2000000.00,4.481281,96.21875
08:00:36,91282CJZ5,TSRYS5743662,D,S,D,2024-05-06,1000000.00,4.481281,96.21875
08:00:36,91282CJZ5,TSRYS5743662,D,S,D,2024-05-06,1000000.00,4.481281,96.21875
08:00:36,91282CJZ5,TSRYS5743662,D,S,D,2024-05-06,3000000.00,4.481281,96.21875
08:00:36,91282CJZ5,TSRYS5743662,D,S,D,2024-05-06,1000000.00,4.481281,96.21875
08:00:36,91282CJZ5,TSRYS5743662,D,S,D,2024-05-06,1000000.00,4.481281,96.21875
08:00:36,91282CJZ5,TSRYS5743662,D,S,D,2024-05-06,1000000.00,4.481281,96.21875
08:00:36,91282CJZ5,TSRYS5743662,D,S,D,2024-05-06,2000000.00,4.481281,96.21875
08:00:36,91282CJZ5,TSRYS5743662,D,S,D,2024-05-06,1000000.00,4.481281,96.21875
08:00:36,91282CJZ5,TSRYS5743662,D,S,D,2024-05-06,1000000.00,4.481281,96.21875
08:00:36,91282CJZ5,TSRYS5743662,D,S,D,2024-05-06,1000000.00,4.481281,96.21875
08:00:36,91282CJZ5,TSRYS5743662,D,S,D,2024-05-06,1000000.00,4.481281,96.21875
08:00:36,91282CJZ5,TSRYS5743662,D,S,D,2024-05-06,1000000.00,4.481281,96.21875
08:00:36,91282CJZ5,TSRYS5743662,D,S,D,2024-05-06,1000000.00,4.481281,96.21875
08:00:36,91282CJZ5,TSRYS5743662,D,S,D,2024-05-06,2000000.00,4.481281,96.21875
08:00:36,91282CJZ5,TSRYS5743662,D,S,D,2024-05-06,1000000.00,4.481281,96.21875
08:00:37,91282CJZ5,TSRYS5743662,D,S,D,2024-05-06,1000000.00,4.481281,96.21875
08:00:37,91282CJZ5,TSRYS5743662,D,S,D,2024-05-06,2000000.00,4.481281,96.21875
08:00:37,91282CJZ5,TSRYS5743662,D,S,D,2024-05-06,2000000.00,4.481281,96.21875
08:00:37,91282CJZ5,TSRYS5743662,D,S,D,2024-05-06,1000000.00,4.481281,96.21875
08:00:37,91282CJZ5,TSRYS5743662,D,S,D,2024-05-06,1000000.00,4.481281,96.21875
08:00:37,91282CJZ5,TSRYS5743662,D,S,D,2024-05-06,1000000.00,4.481281,96.21875
08:00:37,91282CJZ5,TSRYS5743662,D,S,D,2024-05-06,1000000.00,4.481281,96.21875
08:00:37,91282CJZ5,TSRYS5743662,D,S,T,2024-05-06,2000000.00,4.481281,96.21875
08:00:37,91282CJZ5,TSRYS5743662,D,S,T,2024-05-06,1000000.00,4.481281,96.21875
08:00:37,91282CJZ5,TSRYS5743662,D,S,D,2024-05-06,1000000.00,4.481087,96.2202359069
08:00:37,91282CJZ5,TSRYS5743662,D,S,D,2024-05-06,1000000.00,4.481087,96.2202359069
08:00:37,91282CJZ5,TSRYS5743662,D,S,T,2024-05-06,1000000.00,4.483318,96.203125
08:00:37,91282CJZ5,TSRYS5743662,D,S,T,2024-05-06,1000000.00,4.483318,96.203125
08:00:37,91282CJZ5,TSRYS5743662,D,S,T,2024-05-06,1000000.00,4.483318,96.203125
08:00:37,91282CJZ5,TSRYS5743662,D,S,T,2024-05-06,1000000.00,4.483318,96.203125
08:00:37,91282CJZ5,TSRYS5743662,D,S,T,2024-05-06,1000000.00,4.483318,96.203125
08:00:37,91282CJZ5,TSRYS5743662,D,S,D,2024-05-06,1000000.00,4.482526,96.2091988358
08:00:37,91282CJZ5,TSRYS5743662,D,S,D,2024-05-06,1000000.00,4.482526,96.2091988358
08:00:37,91282CJZ5,TSRYS5743662,D,S,T,2024-05-06,1000000.00,4.483318,96.203125
08:00:37,91282CJZ5,TSRYS5743662,D,S,T,2024-05-06,1000000.00,4.484337,96.1953125
08:00:37,91282CJZ5,TSRYS5743662,D,S,T,2024-05-06,1000000.00,4.484337,96.1953125
08:00:37,91282CJZ5,TSRYS5743662,D,S,T,2024-05-06,1000000.00,4.484337,96.1953125
08:00:37,91282CJZ5,TSRYS5743662,D,S,T,2024-05-06,1000000.00,4.484337,96.1953125
08:00:37,91282CJZ5,TSRYS5743662,D,S,T,2024-05-06,1000000.00,4.484337,96.1953125
08:00:37,91282CJZ5,TSRYS5743662,D,S,T,2024-05-06,1000000.00,4.484337,96.1953125
08:00:37,91282CJZ5,TSRYS5743662,D,S,T,2024-05-06,1000000.00,4.484337,96.1953125
08:00:37,91282CJZ5,TSRYS5743662,D,S,T,2024-05-06,1000000.00,4.484337,96.1953125
08:00:37,91282CJZ5,TSRYS5743662,D,S,T,2024-05-06,1000000.00,4.484337,96.1953125
08:00:37,91282CJZ5,TSRYS5743662,D,S,T,2024-05-06,1000000.00,4.484337,96.1953125
08:00:37,91282CJZ5,TSRYS5743662,D,S,T,2024-05-06,1000000.00,4.483318,96.203125
08:00:37,91282CJZ5,TSRYS5743662,D,S,T,2024-05-06,1000000.00,4.483318,96.203125
08:00:37,91282CJZ5,TSRYS5743662,D,S,T,2024-05-06,1000000.00,4.483318,96.203125
08:00:37,91282CJZ5,TSRYS5743662,D,S,T,2024-05-06,1000000.00,4.483318,96.203125
08:00:37,91282CJZ5,TSRYS5743662,D,S,T,2024-05-06,1000000.00,4.483318,96.203125
08:00:37,91282CJZ5,TSRYS5743662,D,S,T,2024-05-06,1000000.00,4.483318,96.203125
08:00:37,91282CJZ5,TSRYS5743662,D,S,T,2024-05-06,1000000.00,4.483318,96.203125
08:00:37,91282CJZ5,TSRYS5743662,D,S,T,2024-05-06,2000000.00,4.483318,96.203125
08:00:37,91282CJZ5,TSRYS5743662,D,S,T,2024-05-06,1000000.00,4.483318,96.203125
08:00:37,91282CJZ5,TSRYS5743662,D,S,T,2024-05-06,3000000.00,4.483318,96.203125
08:00:37,91282CJZ5,TSRYS5743662,D,S,T,2024-05-06,1000000.00,4.483318,96.203125
08:00:37,91282CJZ5,TSRYS5743662,D,S,T,2024-05-06,1000000.00,4.483318,96.203125
08:00:37,91282CJZ5,TSRYS5743662,D,S,T,2024-05-06,1000000.00,4.483318,96.203125
08:00:37,91282CJZ5,TSRYS5743662,D,S,T,2024-05-06,1000000.00,4.483318,96.203125
08:00:37,91282CJZ5,TSRYS5743662,D,S,T,2024-05-06,1000000.00,4.483318,96.203125
08:00:37,91282CJZ5,TSRYS5743662,D,S,T,2024-05-06,1000000.00,4.483318,96.203125
08:00:37,91282CJZ5,TSRYS5743662,D,S,T,2024-05-06,1000000.00,4.483318,96.203125
08:00:37,91282CJZ5,TSRYS5743662,D,S,D,2024-05-06,1000000.00,4.481087,96.2202359069
08:00:37,91282CJZ5,TSRYS5743662,D,S,D,2024-05-06,1000000.00,4.481087,96.2202359069
08:00:37,91282CJZ5,TSRYS5743662,D,S,T,2024-05-06,1000000.00,4.483318,96.203125
08:00:37,91282CJZ5,TSRYS5743662,D,S,D,2024-05-06,1000000.00,4.481087,96.2202359069
08:00:37,91282CJZ5,TSRYS5743662,D,S,D,2024-05-06,1000000.00,4.481087,96.2202359069
08:00:37,91282CJZ5,TSRYS5743662,D,S,D,2024-05-06,1000000.00,4.481087,96.2202359069
08:00:37,91282CJZ5,TSRYS5743662,D,S,D,2024-05-06,1000000.00,4.481087,96.2202359069
08:00:37,91282CJZ5,TSRYS5743662,D,S,D,2024-05-06,1000000.00,4.481281,96.21875
08:00:37,91282CJZ5,TSRYS5743662,D,S,D,2024-05-06,1000000.00,4.482526,96.2091988358
08:00:37,91282CJZ5,TSRYS5743662,D,S,D,2024-05-06,1000000.00,4.482526,96.2091988358
08:00:37,91282CJZ5,TSRYS5743662,D,S,D,2024-05-06,1000000.00,4.482526,96.2091988358
08:00:37,91282CJZ5,TSRYS5743662,D,S,D,2024-05-06,1000000.00,4.482526,96.2091988358
08:00:37,91282CJZ5,TSRYS5743662,D,S,D,2024-05-06,1000000.00,4.482526,96.2091988358
08:00:37,91282CJZ5,TSRYS5743662,D,S,D,2024-05-06,1000000.00,4.482526,96.2091988358
08:00:37,91282CJZ5,TSRYS5743662,D,S,D,2024-05-06,1000000.00,4.483318,96.203125
08:00:37,91282CJZ5,TSRYS5743662,D,S,T,2024-05-06,1000000.00,4.483318,96.203125
08:00:37,91282CJZ5,TSRYS5743662,D,S,T,2024-05-06,2000000.00,4.483063,96.205078125
08:00:37,91282CJZ5,TSRYS5743662,D,S,D,2024-05-06,1000000.00,4.483318,96.203125
08:00:37,91282CJZ5,TSRYS5743662,D,S,T,2024-05-06,1000000.00,4.483318,96.203125
08:00:37,91282CJZ5,TSRYS5743662,D,S,T,2024-05-06,1000000.00,4.483318,96.203125
08:00:37,91282CJZ5,TSRYS5743662,D,S,T,2024-05-06,1000000.00,4.483318,96.203125
08:00:37,91282CJZ5,TSRYS5743662,D,S,T,2024-05-06,1000000.00,4.483318,96.203125
08:00:37,91282CJZ5,TSRYS5743662,D,S,T,2024-05-06,1000000.00,4.483318,96.203125
08:00:37,91282CJZ5,TSRYS5743662,D,S,T,2024-05-06,1000000.00,4.483318,96.203125
08:00:37,91282CJZ5,TSRYS5743662,D,S,T,2024-05-06,2000000.00,4.482809,96.20703125
08:00:37,91282CJZ5,TSRYS5743662,D,S,T,2024-05-06,1000000.00,4.483318,96.203125
08:00:37,91282CJZ5,TSRYS5743662,D,S,T,2024-05-06,2000000.00,4.482809,96.20703125
08:00:37,91282CJZ5,TSRYS5743662,D,S,T,2024-05-06,1000000.00,4.482809,96.20703125
08:00:37,91282CJZ5,TSRYS5743662,D,S,T,2024-05-06,2000000.00,4.483318,96.203125
08:00:37,91282CJZ5,TSRYS5743662,D,S,D,2024-05-06,1000000.00,4.483318,96.203125
08:00:37,91282CJZ5,TSRYS5743662,D,S,T,2024-05-06,2000000.00,4.483318,96.203125
08:00:37,91282CJZ5,TSRYS5743662,D,S,T,2024-05-06,1000000.00,4.483318,96.203125
08:00:37,91282CJZ5,TSRYS5743662,D,S,T,2024-05-06,2000000.00,4.483318,96.203125
08:00:37,91282CJZ5,TSRYS5743662,D,S,T,2024-05-06,1000000.00,4.483318,96.203125
08:00:37,91282CJZ5,TSRYS5743662,D,S,T,2024-05-06,1000000.00,4.483318,96.203125
08:00:37,91282CJZ5,TSRYS5743662,D,S,T,2024-05-06,1000000.00,4.483318,96.203125
08:00:37,91282CJZ5,TSRYS5743662,D,S,T,2024-05-06,1000000.00,4.483318,96.203125
08:00:37,91282CJZ5,TSRYS5743662,D,S,T,2024-05-06,1000000.00,4.483318,96.203125
08:00:37,91282CJZ5,TSRYS5743662,D,S,T,2024-05-06,1000000.00,4.482809,96.20703125
08:00:37,91282CJZ5,TSRYS5743662,D,S,T,2024-05-06,1000000.00,4.482809,96.20703125
08:00:37,91282CJZ5,TSRYS5743662,D,S,T,2024-05-06,1000000.00,4.482299,96.2109375
08:00:37,91282CJZ5,TSRYS5743662,D,S,D,2024-05-06,1000000.00,4.484337,96.1953125
08:00:37,91282CJZ5,TSRYS5743662,D,S,D,2024-05-06,1000000.00,4.484337,96.1953125
08:00:37,91282CJZ5,TSRYS5743662,D,S,D,2024-05-06,1000000.00,4.484337,96.1953125
08:00:37,91282CJZ5,TSRYS5743662,D,S,D,2024-05-06,1000000.00,4.484337,96.1953125
08:00:37,91282CJZ5,TSRYS5743662,D,S,D,2024-05-06,1000000.00,4.484337,96.1953125
08:00:37,91282CJZ5,TSRYS5743662,D,S,D,2024-05-06,1000000.00,4.484337,96.1953125
08:00:37,91282CJZ5,TSRYS5743662,D,S,D,2024-05-06,1000000.00,4.484337,96.1953125
08:00:37,91282CJZ5,TSRYS5743662,D,S,D,2024-05-06,1000000.00,4.484337,96.1953125
08:00:37,91282CJZ5,TSRYS5743662,D,S,D,2024-05-06,1000000.00,4.484337,96.1953125
08:00:37,91282CJZ5,TSRYS5743662,D,S,D,2024-05-06,1000000.00,4.484337,96.1953125
08:00:37,91282CJZ5,TSRYS5743662,D,S,D,2024-05-06,1000000.00,4.484337,96.1953125
08:00:37,91282CJZ5,TSRYS5743662,D,S,D,2024-05-06,1000000.00,4.483827,96.19921875
08:00:37,91282CJZ5,TSRYS5743662,D,S,D,2024-05-06,8000000.00,4.483318,96.203125
08:00:37,91282CJZ5,TSRYS5743662,D,S,D,2024-05-06,2000000.00,4.482809,96.20703125
08:00:37,91282CJZ5,TSRYS5743662,D,S,D,2024-05-06,2000000.00,4.482809,96.20703125
08:00:37,91282CJZ5,TSRYS5743662,D,S,D,2024-05-06,8000000.00,4.483318,96.203125
08:00:37,91282CJZ5,TSRYS5743662,D,S,D,2024-05-06,1000000.00,4.484904,96.1909620098
08:00:37,91282CJZ5,TSRYS5743662,D,S,D,2024-05-06,1000000.00,4.483465,96.2019968689
08:00:37,91282CJZ5,TSRYS5743662,D,S,D,2024-05-06,1000000.00,4.484904,96.1909620098
08:00:37,91282CJZ5,TSRYS5743662,D,S,D,2024-05-06,1000000.00,4.484904,96.1909620098
08:00:37,91282CJZ5,TSRYS5743662,D,S,D,2024-05-06,1000000.00,4.484904,96.1909620098
08:00:37,91282CJZ5,TSRYS5743662,D,S,D,2024-05-06,1000000.00,4.483318,96.203125
08:00:37,91282CJZ5,TSRYS5743662,D,S,D,2024-05-06,1000000.00,4.483318,96.203125
08:00:37,91282CJZ5,TSRYS5743662,D,S,D,2024-05-06,1000000.00,4.483318,96.203125
08:00:37,91282CJZ5,TSRYS5743662,D,S,D,2024-05-06,1000000.00,4.483318,96.203125
08:00:37,91282CJZ5,TSRYS5743662,D,S,D,2024-05-06,1000000.00,4.483318,96.203125
08:00:37,91282CJZ5,TSRYS5743662,D,S,D,2024-05-06,1000000.00,4.483318,96.203125
08:00:37,91282CJZ5,TSRYS5743662,D,S,D,2024-05-06,1000000.00,4.483318,96.203125
08:00:37,91282CJZ5,TSRYS5743662,D,S,D,2024-05-06,1000000.00,4.482809,96.20703125
08:00:37,91282CJZ5,TSRYS5743662,D,S,D,2024-05-06,1000000.00,4.482809,96.20703125
08:00:37,91282CJZ5,TSRYS5743662,D,S,D,2024-05-06,1000000.00,4.482809,96.20703125
08:00:37,91282CJZ5,TSRYS5743662,D,S,T,2024-05-06,3000000.00,4.483318,96.203125
08:00:37,91282CJZ5,TSRYS5743662,D,S,T,2024-05-06,2000000.00,4.483318,96.203125
08:00:37,91282CJZ5,TSRYS5743662,D,S,T,2024-05-06,1000000.00,4.483318,96.203125
08:00:37,91282CJZ5,TSRYS5743662,D,S,T,2024-05-06,1000000.00,4.483318,96.203125
08:00:37,91282CJZ5,TSRYS5743662,D,S,D,2024-05-06,1000000.00,4.483318,96.203125
08:00:37,91282CJZ5,TSRYS5743662,D,S,D,2024-05-06,1000000.00,4.483318,96.203125
08:00:37,91282CJZ5,TSRYS5743662,D,S,D,2024-05-06,1000000.00,4.483318,96.203125
08:00:37,91282CJZ5,TSRYS5743662,D,S,D,2024-05-06,1000000.00,4.483318,96.203125
08:00:37,91282CJZ5,TSRYS5743662,D,S,D,2024-05-06,1000000.00,4.483318,96.203125
08:00:37,91282CJZ5,TSRYS5743662,D,S,D,2024-05-06,1000000.00,4.483318,96.203125
08:00:37,91282CJZ5,TSRYS5743662,D,S,D,2024-05-06,1000000.00,4.483318,96.203125
08:00:37,91282CJZ5,TSRYS5743662,D,S,D,2024-05-06,1000000.00,4.483318,96.203125
08:00:37,91282CJZ5,TSRYS5743662,D,S,D,2024-05-06,1000000.00,4.483318,96.203125
08:00:37,91282CJZ5,TSRYS5743662,D,S,D,2024-05-06,1000000.00,4.483318,96.203125
08:00:37,91282CJZ5,TSRYS5743662,D,S,D,2024-05-06,1000000.00,4.483318,96.203125
08:00:37,91282CJZ5,TSRYS5743662,D,S,D,2024-05-06,1000000.00,4.483318,96.203125
08:00:37,91282CJZ5,TSRYS5743662,D,S,D,2024-05-06,1000000.00,4.483318,96.203125
08:00:37,91282CJZ5,TSRYS5743662,D,S,D,2024-05-06,1000000.00,4.483318,96.203125
08:00:37,91282CJZ5,TSRYS5743662,D,S,D,2024-05-06,1000000.00,4.483318,96.203125
08:00:37,91282CJZ5,TSRYS5743662,D,S,D,2024-05-06,1000000.00,4.483318,96.203125
08:00:37,91282CJZ5,TSRYS5743662,D,S,D,2024-05-06,1000000.00,4.483318,96.203125
08:00:37,91282CJZ5,TSRYS5743662,D,S,D,2024-05-06,1000000.00,4.483318,96.203125
08:00:37,91282CJZ5,TSRYS5743662,D,S,D,2024-05-06,1000000.00,4.483318,96.203125
08:00:37,91282CJZ5,TSRYS5743662,D,S,D,2024-05-06,1000000.00,4.483318,96.203125
08:00:37,91282CJZ5,TSRYS5743662,D,S,D,2024-05-06,1000000.00,4.483318,96.203125
08:00:37,91282CJZ5,TSRYS5743662,D,S,T,2024-05-06,1000000.00,4.485356,96.1875
08:00:37,91282CJZ5,TSRYS5743662,D,S,D,2024-05-06,1000000.00,4.483318,96.203125
08:00:37,91282CJZ5,TSRYS5743662,D,S,D,2024-05-06,1000000.00,4.483318,96.203125
08:00:37,91282CJZ5,TSRYS5743662,D,S,D,2024-05-06,1000000.00,4.483318,96.203125
08:00:37,91282CJZ5,TSRYS5743662,D,S,D,2024-05-06,1000000.00,4.483318,96.203125
08:00:37,91282CJZ5,TSRYS5743662,D,S,D,2024-05-06,1000000.00,4.483318,96.203125
08:00:37,91282CJZ5,TSRYS5743662,D,S,D,2024-05-06,7000000.00,4.484337,96.1953125
08:00:37,91282CJZ5,TSRYS5743662,D,S,D,2024-05-06,2000000.00,4.484082,96.197265625
08:00:37,91282CJZ5,TSRYS5743662,D,S,D,2024-05-06,2000000.00,4.483318,96.203125
08:00:37,91282CJZ5,TSRYS5743662,D,S,D,2024-05-06,1000000.00,4.483526,96.2015287328
08:00:37,91282CJZ5,TSRYS5743662,D,S,D,2024-05-06,1000000.00,4.483526,96.2015287328
08:00:37,91282CJZ5,TSRYS5743662,D,S,T,2024-05-06,1000000.00,4.487394,96.171875
08:00:37,91282CJZ5,TSRYS5743662,D,S,D,2024-05-06,3000000.00,4.483318,96.203125
08:00:37,91282CJZ5,TSRYS5743662,D,S,D,2024-05-06,2000000.00,4.483318,96.203125
08:00:37,91282CJZ5,TSRYS5743662,D,S,D,2024-05-06,1000000.00,4.483526,96.2015287328
08:00:37,91282CJZ5,TSRYS5743662,D,S,T,2024-05-06,1000000.00,4.487394,96.171875
08:00:37,91282CJZ5,TSRYS5743662,D,S,T,2024-05-06,1000000.00,4.487394,96.171875
08:00:37,91282CJZ5,TSRYS5743662,D,S,T,2024-05-06,1000000.00,4.487394,96.171875
08:00:37,91282CJZ5,TSRYS5743662,D,S,T,2024-05-06,1000000.00,4.487394,96.171875
08:00:37,91282CJZ5,TSRYS5743662,D,S,T,2024-05-06,3000000.00,4.487394,96.171875
08:00:37,91282CJZ5,TSRYS5743662,D,S,D,2024-05-06,5000000.00,4.487394,96.171875
08:00:37,91282CJZ5,TSRYS5743662,D,S,D,2024-05-06,2000000.00,4.487394,96.171875
08:00:37,91282CJZ5,TSRYS5743662,D,S,T,2024-05-06,4000000.00,4.487394,96.171875
08:00:37,91282CJZ5,TSRYS5743662,D,S,T,2024-05-06,1000000.00,4.487394,96.171875
08:00:37,91282CJZ5,TSRYS5743662,D,S,T,2024-05-06,3000000.00,4.487394,96.171875
08:00:37,91282CJZ5,TSRYS5743662,D,S,T,2024-05-06,1000000.00,4.487394,96.171875
08:00:37,91282CJZ5,TSRYS5743662,D,S,T,2024-05-06,1000000.00,4.487394,96.171875
08:00:37,91282CJZ5,TSRYS5743662,D,S,T,2024-05-06,3000000.00,4.487904,96.16796875
08:00:37,91282CJZ5,TSRYS5743662,D,S,T,2024-05-06,1000000.00,4.487394,96.171875
08:00:37,91282CJZ5,TSRYS5743662,D,S,T,2024-05-06,2000000.00,4.489433,96.15625
08:00:37,91282CJZ5,TSRYS5743662,D,S,T,2024-05-06,1000000.00,4.489433,96.15625
08:00:37,91282CJZ5,TSRYS5743662,D,S,T,2024-05-06,1000000.00,4.489942,96.15234375
08:00:37,91282CJZ5,TSRYS5743662,D,S,T,2024-05-06,1000000.00,4.489433,96.15625
08:00:37,91282CJZ5,TSRYS5743662,D,S,T,2024-05-06,1000000.00,4.489433,96.15625
08:00:37,91282CJZ5,TSRYS5743662,D,S,T,2024-05-06,1000000.00,4.489433,96.15625
08:00:37,91282CJZ5,TSRYS5743662,D,S,T,2024-05-06,1000000.00,4.489433,96.15625
08:00:37,91282CJZ5,TSRYS5743662,D,S,T,2024-05-06,1000000.00,4.489433,96.15625
08:00:37,91282CJZ5,TSRYS5743662,D,S,A,2024-05-06,15000.00,4.488413,96.1640625
08:00:37,91282CJZ5,TSRYS5743662,D,S,D,2024-05-06,1000000.00,4.483087,96.2048977775
08:00:37,91282CJZ5,TSRYS5743662,D,S,D,2024-05-06,1000000.00,4.483087,96.2048977775
08:00:37,91282CJZ5,TSRYS5743662,D,S,D,2024-05-06,2000000.00,4.483063,96.205078125
08:00:37,91282CJZ5,TSRYS5743662,D,S,T,2024-05-06,1000000.00,4.479244,96.234375
08:00:38,91282CJZ5,TSRYS5743662,D,B,A,2024-05-06,90000.00,4.474153,96.2734375
08:00:38,91282CJZ5,TSRYS5743662,D,S,D,2024-05-06,13000000.00,4.476698,96.25390625
08:00:38,91282CJZ5,TSRYS5743662,D,B,C,2024-05-06,13000000.00,4.476698,96.25390625
08:00:38,91282CJZ5,TSRYS5743662,D,S,C,2024-05-06,4700000.00,4.476189,96.2578125
08:00:38,91282CJZ5,TSRYS5743662,D,S,D,2024-05-06,464000.00,4.476189,96.2578125
08:00:38,91282CJZ5,TSRYS5743662,D,B,C,2024-05-06,7000000.00,4.480771,96.22265625
08:00:38,91282CJZ5,TSRYS5743662,D,S,D,2024-05-06,1000000.00,4.47568,96.26171875
08:00:38,91282CJZ5,TSRYS5743662,D,B,C,2024-05-06,400000.00,4.480823,96.22225625
08:00:38,91282CJZ5,TSRYS5743662,D,S,T,2024-05-06,5000000.00,4.479244,96.234375
08:00:38,91282CJZ5,TSRYS5743662,D,S,D,2024-05-06,1000000.00,4.479244,96.234375
08:00:38,91282CJZ5,TSRYS5743662,D,S,T,2024-05-06,1000000.00,4.479498,96.232421875
08:00:38,91282CJZ5,TSRYS5743662,D,S,A,2024-05-06,776000.00,4.479244,96.234375
08:00:38,91282CJZ5,TSRYS5743662,D,S,D,2024-05-06,1000000.00,4.479244,96.234375
08:00:38,91282CJZ5,TSRYS5743662,D,S,D,2024-05-06,1000000.00,4.478989,96.236328125
08:00:38,91282CJZ5,TSRYS5743662,D,S,D,2024-05-06,1000000.00,4.478989,96.236328125
08:00:38,91282CJZ5,TSRYS5743662,D,S,D,2024-05-06,1000000.00,4.478989,96.236328125
08:00:38,91282CJZ5,TSRYS5743662,D,S,D,2024-05-06,7000000.00,4.480771,96.22265625
08:00:38,91282CJZ5,TSRYS5743662,D,S,T,2024-05-06,1000000.00,4.478989,96.236328125
08:00:38,91282CJZ5,TSRYS5743662,D,S,D,2024-05-06,400000.00,4.480823,96.22225625
08:00:38,91282CJZ5,TSRYS5743662,D,S,D,2024-05-06,1000000.00,4.477461,96.248046875
08:00:38,91282CJZ5,TSRYS5743662,D,S,T,2024-05-06,2000000.00,4.477461,96.248046875
08:00:39,91282CJZ5,TSRYS5743662,D,S,C,2024-05-06,1000000.00,4.480262,96.2265625
08:00:39,91282CJZ5,TSRYS5743662,D,S,D,2024-05-06,4000000.00,4.481281,96.21875
08:00:39,91282CJZ5,TSRYS5743662,D,S,D,2024-05-06,1000000.00,4.481281,96.21875
08:00:39,91282CJZ5,TSRYS5743662,D,S,D,2024-05-06,1000000.00,4.480262,96.2265625
08:00:39,91282CJZ5,TSRYS5743662,D,S,D,2024-05-06,20000000.00,4.480713,96.223106971
08:00:39,91282CJZ5,TSRYS5743662,D,S,D,2024-05-06,26000000.00,4.483318,96.203125
08:00:39,91282CJZ5,TSRYS5743662,D,S,D,2024-05-06,1000000.00,4.483827,96.19921875
08:00:39,91282CJZ5,TSRYS5743662,D,S,D,2024-05-06,1000000.00,4.483318,96.203125
08:00:39,91282CJZ5,TSRYS5743662,D,S,D,2024-05-06,1000000.00,4.483318,96.203125
08:00:39,91282CJZ5,TSRYS5743662,D,S,D,2024-05-06,2000000.00,4.487394,96.171875
08:00:39,91282CJZ5,TSRYS5743662,D,B,C,2024-05-06,3000000.00,4.485356,96.1875
08:00:39,91282CJZ5,TSRYS5743662,D,S,D,2024-05-06,5000000.00,4.479498,96.232421875
08:00:39,91282CJZ5,TSRYS5743662,D,S,D,2024-05-06,300000.00,4.476189,96.2578125
08:00:39,91282CJZ5,TSRYS5743662,D,S,D,2024-05-06,4700000.00,4.476189,96.2578125
08:00:40,91282CJZ5,TSRYS5743662,D,S,D,2024-05-06,2000000.00,4.479753,96.23046875
08:00:40,91282CJZ5,TSRYS5743662,D,S,T,2024-05-06,1000000.00,4.479498,96.232421875
08:00:40,91282CJZ5,TSRYS5743662,D,B,A,2024-05-06,10000000.00,4.477716,96.24609375
08:00:40,91282CJZ5,TSRYS5743662,D,S,T,2024-05-06,1000000.00,4.477207,96.25
08:00:40,91282CJZ5,TSRYS5743662,D,S,D,2024-05-06,1000000.00,4.477461,96.248046875
08:00:40,91282CJZ5,TSRYS5743662,D,S,T,2024-05-06,1000000.00,4.477461,96.248046875
08:00:40,91282CJZ5,TSRYS5743662,D,S,A,2024-05-06,2000000.00,4.474662,96.26953125
08:00:40,91282CJZ5,TSRYS5743662,D,S,T,2024-05-06,7000000.00,4.481281,96.21875
08:00:40,91282CJZ5,TSRYS5743662,D,S,A,2024-05-06,273000.00,4.474662,96.26953125
08:00:40,91282CJZ5,TSRYS5743662,D,S,D,2024-05-06,2000000.00,4.481281,96.21875
08:00:40,91282CJZ5,TSRYS5743662,D,S,D,2024-05-06,2000000.00,4.487649,96.169921875
08:00:41,91282CJZ5,TSRYS5743662,D,S,A,2024-05-06,966000.00,4.468555,96.31640625
08:00:41,91282CJZ5,TSRYS5743662,D,S,T,2024-05-06,1000000.00,4.485865,96.18359375
08:00:41,91282CJZ5,TSRYS5743662,D,S,C,2024-05-06,3000000.00,4.487394,96.171875
08:00:41,91282CJZ5,TSRYS5743662,D,S,D,2024-05-06,2000000.00,4.487139,96.173828125
08:00:43,91282CJZ5,TSRYS5743662,D,S,D,2024-05-06,1000000.00,4.483318,96.203125
08:00:43,91282CJZ5,TSRYS5743662,D,S,D,2024-05-06,1000000.00,4.483318,96.203125
08:00:43,91282CJZ5,TSRYS5743662,D,S,D,2024-05-06,1000000.00,4.483318,96.203125
08:00:43,91282CJZ5,TSRYS5743662,D,S,D,2024-05-06,1000000.00,4.483318,96.203125
08:00:43,91282CJZ5,TSRYS5743662,D,S,D,2024-05-06,1000000.00,4.483318,96.203125
08:00:43,91282CJZ5,TSRYS5743662,D,S,D,2024-05-06,1000000.00,4.483318,96.203125
08:00:44,91282CJZ5,TSRYS5743662,D,S,D,2024-05-06,2000000.00,4.483063,96.205078125
08:00:44,91282CJZ5,TSRYS5743662,D,S,T,2024-05-06,1000000.00,4.487394,96.171875
08:00:44,91282CJZ5,TSRYS5743662,D,S,T,2024-05-06,1000000.00,4.487394,96.171875
08:00:45,91282CJZ5,TSRYS5743662,D,S,T,2024-05-06,1000000.00,4.484337,96.1953125
08:00:45,91282CJZ5,TSRYS5743662,D,S,T,2024-05-06,1000000.00,4.484337,96.1953125
08:00:45,91282CJZ5,TSRYS5743662,D,S,T,2024-05-06,1000000.00,4.484337,96.1953125
08:00:45,91282CJZ5,TSRYS5743662,D,S,T,2024-05-06,3000000.00,4.484846,96.19140625
08:00:45,91282CJZ5,TSRYS5743662,D,S,T,2024-05-06,2000000.00,4.484337,96.1953125
08:00:46,91282CJZ5,TSRYS5743662,D,S,T,2024-05-06,1000000.00,4.483318,96.203125
08:00:46,91282CJZ5,TSRYS5743662,D,S,T,2024-05-06,1000000.00,4.479244,96.234375
08:00:46,91282CJZ5,TSRYS5743662,D,S,D,2024-05-06,190000.00,4.483318,96.203125
08:00:46,91282CJZ5,TSRYS5743662,D,S,A,2024-05-06,24000.00,4.483428,96.203125
08:00:46,91282CJZ5,TSRYS5743662,D,S,T,2024-05-06,2000000.00,4.475171,96.265625
08:00:46,91282CJZ5,TSRYS5743662,D,S,T,2024-05-06,1000000.00,4.479244,96.234375
08:00:46,91282CJZ5,TSRYS5743662,D,S,T,2024-05-06,1000000.00,4.475171,96.265625
08:00:46,91282CJZ5,TSRYS5743662,D,S,T,2024-05-06,1000000.00,4.473135,96.28125
08:00:47,91282CJZ5,TSRYS5743662,D,S,T,2024-05-06,2000000.00,4.479244,96.234375
08:00:47,91282CJZ5,TSRYS5743662,D,S,T,2024-05-06,2000000.00,4.479244,96.234375
08:00:47,91282CJZ5,TSRYS5743662,D,S,T,2024-05-06,1000000.00,4.485356,96.1875
08:00:47,91282CJZ5,TSRYS5743662,D,S,T,2024-05-06,2000000.00,4.485356,96.1875
08:00:47,91282CJZ5,TSRYS5743662,D,S,T,2024-05-06,1000000.00,4.479244,96.234375
08:00:47,91282CJZ5,TSRYS5743662,D,S,T,2024-05-06,3000000.00,4.475171,96.265625
08:00:47,91282CJZ5,TSRYS5743662,D,S,T,2024-05-06,1000000.00,4.479244,96.234375
08:00:47,91282CJZ5,TSRYS5743662,D,S,T,2024-05-06,1000000.00,4.481281,96.21875
08:00:47,91282CJZ5,TSRYS5743662,D,S,T,2024-05-06,1000000.00,4.481281,96.21875
08:00:48,91282CJZ5,TSRYS5743662,D,S,T,2024-05-06,2000000.00,4.475171,96.265625
08:00:48,91282CJZ5,TSRYS5743662,D,S,T,2024-05-06,1000000.00,4.479244,96.234375
08:00:48,91282CJZ5,TSRYS5743662,D,S,T,2024-05-06,1000000.00,4.473135,96.28125
08:00:48,91282CJZ5,TSRYS5743662,D,S,T,2024-05-06,1000000.00,4.473135,96.28125
08:00:48,91282CJZ5,TSRYS5743662,D,S,T,2024-05-06,1000000.00,4.479244,96.234375
08:00:48,91282CJZ5,TSRYS5743662,D,S,T,2024-05-06,1000000.00,4.483573,96.201171875
08:00:48,91282CJZ5,TSRYS5743662,D,S,T,2024-05-06,1000000.00,4.479244,96.234375
08:00:48,91282CJZ5,TSRYS5743662,D,S,T,2024-05-06,1000000.00,4.483573,96.201171875
08:00:48,91282CJZ5,TSRYS5743662,D,S,T,2024-05-06,2000000.00,4.475171,96.265625
08:00:48,91282CJZ5,TSRYS5743662,D,S,T,2024-05-06,1000000.00,4.479244,96.234375
08:00:48,91282CJZ5,TSRYS5743662,D,S,T,2024-05-06,1000000.00,4.479244,96.234375
08:00:48,91282CJZ5,TSRYS5743662,D,S,T,2024-05-06,1000000.00,4.477207,96.25
08:00:48,91282CJZ5,TSRYS5743662,D,B,A,2024-05-06,280000.00,4.471099,96.296875
08:00:48,91282CJZ5,TSRYS5743662,D,S,T,2024-05-06,4000000.00,4.473135,96.28125
08:00:48,91282CJZ5,TSRYS5743662,D,S,T,2024-05-06,3000000.00,4.473135,96.28125
08:00:48,91282CJZ5,TSRYS5743662,D,S,T,2024-05-06,1000000.00,4.481281,96.21875
08:00:49,91282CJZ5,TSRYS5743662,D,S,T,2024-05-06,1000000.00,4.475171,96.265625
08:00:49,91282CJZ5,TSRYS5743662,D,S,T,2024-05-06,1000000.00,4.479244,96.234375
08:00:49,91282CJZ5,TSRYS5743662,D,S,T,2024-05-06,1000000.00,4.479244,96.234375
08:00:49,91282CJZ5,TSRYS5743662,D,S,T,2024-05-06,1000000.00,4.479244,96.234375
08:00:49,91282CJZ5,TSRYS5743662,D,S,T,2024-05-06,3000000.00,4.475171,96.265625
08:00:49,91282CJZ5,TSRYS5743662,D,S,T,2024-05-06,1000000.00,4.483573,96.201171875
08:00:49,91282CJZ5,TSRYS5743662,D,S,T,2024-05-06,1000000.00,4.479244,96.234375
08:00:49,91282CJZ5,TSRYS5743662,D,S,T,2024-05-06,1000000.00,4.479244,96.234375
08:00:49,91282CJZ5,TSRYS5743662,D,S,A,2024-05-06,6000.00,4.47568,96.26171875
08:00:49,91282CJZ5,TSRYS5743662,D,S,T,2024-05-06,1000000.00,4.475171,96.265625
08:00:49,91282CJZ5,TSRYS5743662,D,S,T,2024-05-06,1000000.00,4.479244,96.234375
08:00:49,91282CJZ5,TSRYS5743662,D,S,T,2024-05-06,1000000.00,4.483318,96.203125
08:00:49,91282CJZ5,TSRYS5743662,D,S,T,2024-05-06,2000000.00,4.483318,96.203125
08:00:49,91282CJZ5,TSRYS5743662,D,S,T,2024-05-06,1000000.00,4.477207,96.25
08:00:49,91282CJZ5,TSRYS5743662,D,S,T,2024-05-06,1000000.00,4.484337,96.1953125
08:00:49,91282CJZ5,TSRYS5743662,D,S,T,2024-05-06,1000000.00,4.477207,96.25
08:00:49,91282CJZ5,TSRYS5743662,D,S,T,2024-05-06,1000000.00,4.484082,96.197265625
08:00:49,91282CJZ5,TSRYS5743662,D,B,C,2024-05-06,53000000.00,4.489433,96.15625
08:00:49,91282CJZ5,TSRYS5743662,D,S,T,2024-05-06,3000000.00,4.484846,96.19140625
08:00:50,91282CJZ5,TSRYS5743662,D,S,T,2024-05-06,1000000.00,4.479244,96.234375
08:00:50,91282CJZ5,TSRYS5743662,D,S,T,2024-05-06,1000000.00,4.481281,96.21875
08:00:50,91282CJZ5,TSRYS5743662,D,B,A,2024-05-06,15000000.00,4.482409,96.2109375
08:00:51,91282CJZ5,TSRYS5743662,D,S,T,2024-05-06,1000000.00,4.485356,96.1875
08:00:51,91282CJZ5,TSRYS5743662,D,S,D,2024-05-06,3000000.00,4.487394,96.171875
08:00:51,91282CJZ5,TSRYS5743662,D,S,D,2024-05-06,2000000.00,4.487394,96.171875
08:00:51,91282CJZ5,TSRYS5743662,D,S,D,2024-05-06,1000000.00,4.487394,96.171875
08:00:51,91282CJZ5,TSRYS5743662,D,S,T,2024-05-06,2000000.00,4.487394,96.171875
08:00:52,91282CJZ5,TSRYS5743662,D,S,D,2024-05-06,1000000.00,4.482299,96.2109375
08:00:52,91282CJZ5,TSRYS5743662,D,S,T,2024-05-06,1000000.00,4.485356,96.1875
08:00:52,91282CJZ5,TSRYS5743662,D,B,C,2024-05-06,53000000.00,4.479244,96.234375
08:00:52,91282CJZ5,TSRYS5743662,D,S,T,2024-05-06,4000000.00,4.487904,96.16796875
08:00:53,91282CJZ5,TSRYS5743662,D,S,T,2024-05-06,4000000.00,4.487904,96.16796875
08:00:53,91282CJZ5,TSRYS5743662,D,S,D,2024-05-06,1000000.00,4.482299,96.2109375
08:00:53,91282CJZ5,TSRYS5743662,D,S,T,2024-05-06,4000000.00,4.487649,96.169921875
08:00:53,91282CJZ5,TSRYS5743662,D,S,D,2024-05-06,2000000.00,4.482809,96.20703125
08:00:53,91282CJZ5,TSRYS5743662,D,S,D,2024-05-06,3000000.00,4.483318,96.203125
08:00:54,91282CJZ5,TSRYS5743662,D,S,T,2024-05-06,1000000.00,4.485356,96.1875
08:00:54,91282CJZ5,TSRYS5743662,D,S,T,2024-05-06,1000000.00,4.485356,96.1875
08:00:54,91282CJZ5,TSRYS5743662,D,S,D,2024-05-06,1000000.00,4.482299,96.2109375
08:00:55,91282CJZ5,TSRYS5743662,D,S,T,2024-05-06,1000000.00,4.484592,96.193359375
08:00:55,91282CJZ5,TSRYS5743662,D,S,T,2024-05-06,3000000.00,4.487414,96.171723
08:00:55,91282CJZ5,TSRYS5743662,D,B,A,2024-05-06,3000000.00,4.487414,96.171723
08:00:55,91282CJZ5,TSRYS5743662,D,S,A,2024-05-06,145000.00,4.479753,96.23046875
08:00:56,91282CJZ5,TSRYS5743662,D,B,A,2024-05-06,150000.00,4.478225,96.2421875
08:00:56,91282CJZ5,TSRYS5743662,D,S,T,2024-05-06,1000000.00,4.481026,96.220703125
08:00:56,91282CJZ5,TSRYS5743662,D,S,T,2024-05-06,2000000.00,4.481281,96.21875
08:00:56,91282CJZ5,TSRYS5743662,D,S,T,2024-05-06,1000000.00,4.481281,96.21875
08:00:56,91282CJZ5,TSRYS5743662,D,S,T,2024-05-06,1000000.00,4.481281,96.21875
08:00:56,91282CJZ5,TSRYS5743662,D,S,D,2024-05-06,2000000.00,4.482299,96.2109375
08:00:56,91282CJZ5,TSRYS5743662,D,S,A,2024-05-06,12000.00,4.480371,96.2265625
08:00:57,91282CJZ5,TSRYS5743662,D,S,D,2024-05-06,4000000.00,4.485101,96.189453125
08:00:58,91282CJZ5,TSRYS5743662,D,S,T,2024-05-06,1000000.00,4.489942,96.15234375
08:00:58,91282CJZ5,TSRYS5743662,D,S,T,2024-05-06,2000000.00,4.489942,96.15234375
08:00:59,91282CJZ5,TSRYS5743662,D,S,D,2024-05-06,1000000.00,4.485101,96.189453125
08:01:00,91282CJZ5,TSRYS5743662,D,B,C,2024-05-06,350000.00,,95.4296875
08:01:00,91282CJZ5,TSRYS5743662,D,S,D,2024-05-06,1000000.00,4.479335,96.233675
08:01:00,91282CJZ5,TSRYS5743662,D,S,A,2024-05-06,934300.00,4.480262,96.2265625
08:01:00,91282CJZ5,TSRYS5743662,D,S,T,2024-05-06,1000000.00,4.469094,96.312273
08:01:00,91282CJZ5,TSRYS5743662,D,S,C,2024-05-06,1000000.00,4.479244,96.234375
08:01:00,91282CJZ5,TSRYS5743662,D,S,C,2024-05-06,1000000.00,4.474153,96.2734375
08:01:00,91282CJZ5,TSRYS5743662,D,S,C,2024-05-06,1000000.00,4.474153,96.2734375
08:01:00,91282CJZ5,TSRYS5743662,D,S,D,2024-05-06,500000.00,4.479753,96.23046875
08:01:00,91282CJZ5,TSRYS5743662,D,S,C,2024-05-06,1000000.00,4.474916,96.267578125
08:01:00,91282CJZ5,TSRYS5743662,D,S,C,2024-05-06,1000000.00,4.473389,96.279296875
08:01:00,91282CJZ5,TSRYS5743662,D,S,A,2024-05-06,200000.00,4.480262,96.2265625
08:01:00,91282CJZ5,TSRYS5743662,D,S,A,2024-05-06,300000.00,4.479862,96.23046875
08:01:00,91282CJZ5,TSRYS5743662,D,B,C,2024-05-06,1000000.00,4.470845,96.298828125
08:01:00,91282CJZ5,TSRYS5743662,D,S,C,2024-05-06,1000000.00,4.470845,96.298828125
08:01:00,91282CJZ5,TSRYS5743662,D,S,C,2024-05-06,1000000.00,4.47288,96.283203125
08:01:00,91282CJZ5,TSRYS5743662,D,B,C,2024-05-06,1000000.00,4.47288,96.283203125
08:01:00,91282CJZ5,TSRYS5743662,D,B,C,2024-05-06,1000000.00,4.469827,96.306640625
08:01:00,91282CJZ5,TSRYS5743662,D,S,C,2024-05-06,1000000.00,4.472371,96.287109375
08:01:00,91282CJZ5,TSRYS5743662,D,S,C,2024-05-06,1000000.00,4.469827,96.306640625
08:01:01,91282CJZ5,TSRYS5743662,D,B,C,2024-05-06,1000000.00,4.469827,96.306640625
08:01:01,91282CJZ5,TSRYS5743662,D,S,C,2024-05-06,1000000.00,4.469827,96.306640625
08:01:01,91282CJZ5,TSRYS5743662,D,S,C,2024-05-06,1000000.00,4.469827,96.306640625
08:01:01,91282CJZ5,TSRYS5743662,D,B,C,2024-05-06,1000000.00,4.469827,96.306640625
08:01:01,91282CJZ5,TSRYS5743662,D,B,C,2024-05-06,1000000.00,4.471099,96.296875
08:01:01,91282CJZ5,TSRYS5743662,D,S,C,2024-05-06,1000000.00,4.471099,96.296875
08:01:01,91282CJZ5,TSRYS5743662,D,S,C,2024-05-06,1000000.00,4.476952,96.251953125
08:01:01,91282CJZ5,TSRYS5743662,D,B,C,2024-05-06,1000000.00,4.476952,96.251953125
08:01:01,91282CJZ5,TSRYS5743662,D,B,C,2024-05-06,1000000.00,4.476952,96.251953125
08:01:01,91282CJZ5,TSRYS5743662,D,S,C,2024-05-06,1000000.00,4.476952,96.251953125
08:01:01,91282CJZ5,TSRYS5743662,D,S,C,2024-05-06,1000000.00,4.476952,96.251953125
08:01:01,91282CJZ5,TSRYS5743662,D,S,C,2024-05-06,1000000.00,4.476952,96.251953125
08:01:01,91282CJZ5,TSRYS5743662,D,S,D,2024-05-06,3000000.00,4.480771,96.22265625
08:01:01,91282CJZ5,TSRYS5743662,D,S,D,2024-05-06,125000.00,4.480262,96.2265625
08:01:01,91282CJZ5,TSRYS5743662,D,S,A,2024-05-06,600000.00,4.484846,96.19140625
08:01:01,91282CJZ5,TSRYS5743662,D,B,C,2024-05-06,1000000.00,4.476952,96.251953125
08:01:01,91282CJZ5,TSRYS5743662,D,B,C,2024-05-06,1000000.00,4.476952,96.251953125
08:01:01,91282CJZ5,TSRYS5743662,D,B,C,2024-05-06,1000000.00,4.476952,96.251953125
08:01:01,91282CJZ5,TSRYS5743662,D,B,C,2024-05-06,1000000.00,4.47288,96.283203125
08:01:01,91282CJZ5,TSRYS5743662,D,S,C,2024-05-06,1000000.00,4.47288,96.283203125
08:01:01,91282CJZ5,TSRYS5743662,D,S,C,2024-05-06,1000000.00,4.476952,96.251953125
08:01:01,91282CJZ5,TSRYS5743662,D,S,C,2024-05-06,1000000.00,4.477971,96.244140625
08:01:01,91282CJZ5,TSRYS5743662,D,S,D,2024-05-06,1000000.00,4.476698,96.25390625
08:01:01,91282CJZ5,TSRYS5743662,D,S,D,2024-05-06,1000000.00,4.476698,96.25390625
08:01:01,91282CJZ5,TSRYS5743662,D,S,C,2024-05-06,5000000.00,4.480262,96.2265625
08:01:01,91282CJZ5,TSRYS5743662,D,S,C,2024-05-06,1000000.00,4.479244,96.234375
08:01:01,91282CJZ5,TSRYS5743662,D,B,C,2024-05-06,1000000.00,4.479244,96.234375
08:01:01,91282CJZ5,TSRYS5743662,D,S,C,2024-05-06,1000000.00,4.478989,96.236328125
08:01:01,91282CJZ5,TSRYS5743662,D,S,C,2024-05-06,1000000.00,4.479244,96.234375
08:01:01,91282CJZ5,TSRYS5743662,D,S,D,2024-05-06,2000000.00,4.479753,96.23046875
08:01:01,91282CJZ5,TSRYS5743662,D,S,A,2024-05-06,139000.00,4.482299,96.2109375
08:01:01,91282CJZ5,TSRYS5743662,D,B,C,2024-05-06,1000000.00,4.478225,96.2421875
08:01:01,91282CJZ5,TSRYS5743662,D,S,C,2024-05-06,1000000.00,4.478225,96.2421875
08:01:01,91282CJZ5,TSRYS5743662,D,S,D,2024-05-06,1000000.00,4.476698,96.25390625
08:01:01,91282CJZ5,TSRYS5743662,D,S,D,2024-05-06,5000000.00,4.483318,96.203125
08:01:01,91282CJZ5,TSRYS5743662,D,S,D,2024-05-06,3000000.00,4.484846,96.19140625
08:01:01,91282CJZ5,TSRYS5743662,D,S,D,2024-05-06,1000000.00,4.476698,96.25390625
08:01:01,91282CJZ5,TSRYS5743662,D,S,C,2024-05-06,1000000.00,4.476698,96.25390625
08:01:02,91282CJZ5,TSRYS5743662,D,S,C,2024-05-06,1000000.00,4.479498,96.232421875
08:01:02,91282CJZ5,TSRYS5743662,D,S,C,2024-05-06,5000000.00,4.479498,96.232421875
08:01:02,91282CJZ5,TSRYS5743662,D,S,C,2024-05-06,1000000.00,4.477461,96.248046875
08:01:02,91282CJZ5,TSRYS5743662,D,S,D,2024-05-06,1000000.00,4.482299,96.2109375
08:01:02,91282CJZ5,TSRYS5743662,D,S,C,2024-05-06,1000000.00,4.477461,96.248046875
08:01:02,91282CJZ5,TSRYS5743662,D,S,D,2024-05-06,2000000.00,4.484846,96.19140625
08:01:02,91282CJZ5,TSRYS5743662,D,S,T,2024-05-06,1000000.00,4.48053,96.224509375
08:01:02,91282CJZ5,TSRYS5743662,D,S,T,2024-05-06,1000000.00,4.479261,96.234245
08:01:02,91282CJZ5,TSRYS5743662,D,S,T,2024-05-06,1000000.00,4.478003,96.243890625
08:01:03,91282CJZ5,TSRYS5743662,D,B,C,2024-05-06,3000000.00,4.484846,96.19140625
08:01:04,91282CJZ5,TSRYS5743662,D,S,T,2024-05-06,6000000.00,4.483573,96.201171875
08:01:04,91282CJZ5,TSRYS5743662,D,S,A,2024-05-06,953000.00,4.479244,96.234375
08:01:04,91282CJZ5,TSRYS5743662,D,S,D,2024-05-06,350000.00,4.480771,96.22265625
08:01:04,91282CJZ5,TSRYS5743662,D,B,A,2024-05-06,960000.00,4.480771,96.22265625
08:01:04,91282CJZ5,TSRYS5743662,D,S,T,2024-05-06,1000000.00,4.479511,96.232321875
08:01:04,91282CJZ5,TSRYS5743662,D,S,T,2024-05-06,1000000.00,4.48179,96.21484375
08:01:04,91282CJZ5,TSRYS5743662,D,S,D,2024-05-06,1400000.00,4.488413,96.1640625
08:01:04,91282CJZ5,TSRYS5743662,D,S,D,2024-05-06,2000000.00,4.481281,96.21875
08:01:04,91282CJZ5,TSRYS5743662,D,S,C,2024-05-06,1000000.00,4.475171,96.265625
08:01:04,91282CJZ5,TSRYS5743662,D,B,C,2024-05-06,1000000.00,4.475171,96.265325
08:01:04,91282CJZ5,TSRYS5743662,D,S,T,2024-05-06,1000000.00,4.481281,96.21875
08:01:05,91282CJZ5,TSRYS5743662,D,B,C,2024-05-06,1000000.00,4.470082,96.3046875
08:01:05,91282CJZ5,TSRYS5743662,D,S,C,2024-05-06,1000000.00,4.470082,96.3048875
08:01:05,91282CJZ5,TSRYS5743662,D,B,C,2024-05-06,1000000.00,4.470082,96.3045125
08:01:05,91282CJZ5,TSRYS5743662,D,S,C,2024-05-06,1000000.00,4.470082,96.3048875
08:01:05,91282CJZ5,TSRYS5743662,D,S,C,2024-05-06,1000000.00,4.470082,96.3046875
08:01:05,91282CJZ5,TSRYS5743662,D,B,C,2024-05-06,1000000.00,4.470082,96.3046875
08:01:05,91282CJZ5,TSRYS5743662,D,S,D,2024-05-06,2000000.00,4.481026,96.220703125
08:01:05,91282CJZ5,TSRYS5743662,D,S,C,2024-05-06,1000000.00,4.469064,96.3125
08:01:05,91282CJZ5,TSRYS5743662,D,S,C,2024-05-06,1000000.00,4.469064,96.3125
08:01:05,91282CJZ5,TSRYS5743662,D,S,D,2024-05-06,2000000.00,4.481026,96.220703125
08:01:05,91282CJZ5,TSRYS5743662,D,S,D,2024-05-06,2000000.00,4.481026,96.220703125
08:01:05,91282CJZ5,TSRYS5743662,D,S,D,2024-05-06,2000000.00,4.481026,96.220703125
08:01:05,91282CJZ5,TSRYS5743662,D,S,D,2024-05-06,2000000.00,4.481026,96.220703125
08:01:05,91282CJZ5,TSRYS5743662,D,S,C,2024-05-06,2000000.00,4.473644,96.27734375
08:01:05,91282CJZ5,TSRYS5743662,D,S,D,2024-05-06,2000000.00,4.473644,96.27734375
08:01:05,91282CJZ5,TSRYS5743662,D,S,C,2024-05-06,1000000.00,4.471099,96.296875
08:01:06,91282CJZ5,TSRYS5743662,D,S,D,2024-05-06,2000000.00,4.483063,96.205078125
08:01:06,91282CJZ5,TSRYS5743662,D,S,D,2024-05-06,1000000.00,4.483573,96.201171875
08:01:06,91282CJZ5,TSRYS5743662,D,S,D,2024-05-06,1000000.00,4.483573,96.201171875
08:01:06,91282CJZ5,TSRYS5743662,D,S,D,2024-05-06,1000000.00,4.483573,96.201171875
08:01:06,91282CJZ5,TSRYS5743662,D,S,D,2024-05-06,1000000.00,4.483573,96.201171875
08:01:06,91282CJZ5,TSRYS5743662,D,S,D,2024-05-06,1000000.00,4.483827,96.19921875
08:01:06,91282CJZ5,TSRYS5743662,D,S,C,2024-05-06,1000000.00,4.474153,96.2734375
08:01:06,91282CJZ5,TSRYS5743662,D,B,C,2024-05-06,1000000.00,4.474153,96.2731375
08:01:06,91282CJZ5,TSRYS5743662,D,S,C,2024-05-06,1000000.00,4.471099,96.296875
08:01:06,91282CJZ5,TSRYS5743662,D,S,A,2024-05-06,5000000.00,4.483318,96.203125
08:01:06,91282CJZ5,TSRYS5743662,D,S,C,2024-05-06,1000000.00,4.471099,96.296875
08:01:06,91282CJZ5,TSRYS5743662,D,S,D,2024-05-06,1000000.00,4.483063,96.205078125
08:01:06,91282CJZ5,TSRYS5743662,D,S,C,2024-05-06,1000000.00,4.483063,96.205078125
08:01:06,91282CJZ5,TSRYS5743662,D,S,D,2024-05-06,1000000.00,4.483318,96.203125
08:01:06,91282CJZ5,TSRYS5743662,D,S,D,2024-05-06,1000000.00,4.483318,96.203125
08:01:06,91282CJZ5,TSRYS5743662,D,S,D,2024-05-06,1000000.00,4.483318,96.203125
08:01:06,91282CJZ5,TSRYS5743662,D,B,C,2024-05-06,1000000.00,4.483318,96.203125
08:01:06,91282CJZ5,TSRYS5743662,D,B,C,2024-05-06,1000000.00,4.483318,96.203125
08:01:06,91282CJZ5,TSRYS5743662,D,B,C,2024-05-06,1000000.00,4.483318,96.203125
08:01:06,91282CJZ5,TSRYS5743662,D,S,D,2024-05-06,1000000.00,4.483318,96.203125
08:01:06,91282CJZ5,TSRYS5743662,D,S,D,2024-05-06,1000000.00,4.483318,96.203125
08:01:06,91282CJZ5,TSRYS5743662,D,S,T,2024-05-06,2000000.00,4.484859,96.19130625
08:01:07,91282CJZ5,TSRYS5743662,D,S,D,2024-05-06,1000000.00,4.483318,96.203125
08:01:07,91282CJZ5,TSRYS5743662,D,B,C,2024-05-06,1000000.00,4.483318,96.203125
08:01:07,91282CJZ5,TSRYS5743662,D,S,T,2024-05-06,1000000.00,4.484605,96.193259375
08:01:07,91282CJZ5,TSRYS5743662,D,S,D,2024-05-06,1000000.00,4.484082,96.197265625
08:01:07,91282CJZ5,TSRYS5743662,D,S,T,2024-05-06,2000000.00,4.484605,96.193259375
08:01:07,91282CJZ5,TSRYS5743662,D,S,C,2024-05-06,1000000.00,4.482299,96.2109375
08:01:07,91282CJZ5,TSRYS5743662,D,S,T,2024-05-06,2000000.00,4.485114,96.189353125
08:01:07,91282CJZ5,TSRYS5743662,D,S,D,2024-05-06,2000000.00,4.487394,96.171875
08:01:07,91282CJZ5,TSRYS5743662,D,S,D,2024-05-06,2000000.00,4.487649,96.169921875
08:01:07,91282CJZ5,TSRYS5743662,D,S,D,2024-05-06,1000000.00,4.487394,96.171875
08:01:07,91282CJZ5,TSRYS5743662,D,S,T,2024-05-06,1000000.00,4.484859,96.19130625
08:01:07,91282CJZ5,TSRYS5743662,D,S,T,2024-05-06,1000000.00,4.485114,96.189353125
08:01:07,91282CJZ5,TSRYS5743662,D,S,D,2024-05-06,3000000.00,4.487394,96.171875
08:01:07,91282CJZ5,TSRYS5743662,D,S,D,2024-05-06,2000000.00,4.487394,96.171875
08:01:07,91282CJZ5,TSRYS5743662,D,S,D,2024-05-06,1000000.00,4.487394,96.171875
08:01:07,91282CJZ5,TSRYS5743662,D,B,C,2024-05-06,1000000.00,4.487394,96.171875
08:01:07,91282CJZ5,TSRYS5743662,D,S,D,2024-05-06,1000000.00,4.487394,96.171875
08:01:07,91282CJZ5,TSRYS5743662,D,S,T,2024-05-06,2000000.00,4.485114,96.189353125
08:01:07,91282CJZ5,TSRYS5743662,D,S,T,2024-05-06,1000000.00,4.485114,96.189353125
08:01:07,91282CJZ5,TSRYS5743662,D,S,C,2024-05-06,1000000.00,4.473135,96.28125
08:01:07,91282CJZ5,TSRYS5743662,D,B,C,2024-05-06,1000000.00,4.473135,96.28105
08:01:08,91282CJZ5,TSRYS5743662,D,S,C,2024-05-06,1000000.00,4.470082,96.3046875
08:01:08,91282CJZ5,TSRYS5743662,D,B,C,2024-05-06,1000000.00,4.470082,96.3043875
08:01:08,91282CJZ5,TSRYS5743662,D,S,D,2024-05-06,1000000.00,4.489178,96.158203125
08:01:08,91282CJZ5,TSRYS5743662,D,B,C,2024-05-06,1000000.00,4.470082,96.3045125
08:01:08,91282CJZ5,TSRYS5743662,D,S,D,2024-05-06,1000000.00,4.470082,96.3046875
08:01:08,91282CJZ5,TSRYS5743662,D,B,C,2024-05-06,1000000.00,4.470082,96.3046875
08:01:08,91282CJZ5,TSRYS5743662,D,S,D,2024-05-06,1000000.00,4.470082,96.3046875
08:01:08,91282CJZ5,TSRYS5743662,D,S,D,2024-05-06,2000.00,4.487394,96.171875
08:01:08,91282CJZ5,TSRYS5743662,D,S,T,2024-05-06,1000000.00,4.487649,96.169921875
08:01:08,91282CJZ5,TSRYS5743662,D,S,C,2024-05-06,1000000.00,4.470082,96.3046875
08:01:08,91282CJZ5,TSRYS5743662,D,S,D,2024-05-06,1400000.00,4.488413,96.1640625
08:01:08,91282CJZ5,TSRYS5743662,D,S,C,2024-05-06,1000000.00,4.470082,96.3048625
08:01:08,91282CJZ5,TSRYS5743662,D,S,C,2024-05-06,1000000.00,4.470082,96.3046875
08:01:08,91282CJZ5,TSRYS5743662,D,B,C,2024-05-06,990000.00,4.486995,96.17578125
08:01:08,91282CJZ5,TSRYS5743662,D,S,D,2024-05-06,12000.00,4.486884,96.17578125
08:01:09,91282CJZ5,TSRYS5743662,D,S,C,2024-05-06,1000000.00,4.469573,96.30859375
08:01:09,91282CJZ5,TSRYS5743662,D,S,C,2024-05-06,2000000.00,4.476189,96.2578125
08:01:09,91282CJZ5,TSRYS5743662,D,S,C,2024-05-06,1000000.00,4.475425,96.26367187
08:01:09,91282CJZ5,TSRYS5743662,D,B,C,2024-05-06,1000000.00,4.470082,96.3046875
08:01:09,91282CJZ5,TSRYS5743662,D,S,D,2024-05-06,1000000.00,4.470082,96.3046875
08:01:09,91282CJZ5,TSRYS5743662,D,B,C,2024-05-06,1000000.00,4.470082,96.3046875
08:01:09,91282CJZ5,TSRYS5743662,D,S,C,2024-05-06,2000000.00,4.475425,96.26367187
08:01:09,91282CJZ5,TSRYS5743662,D,S,C,2024-05-06,1000000.00,4.474153,96.2734375
08:01:09,91282CJZ5,TSRYS5743662,D,S,C,2024-05-06,1000000.00,4.47288,96.28320312
08:01:09,91282CJZ5,TSRYS5743662,D,S,D,2024-05-06,1000000.00,4.470082,96.3046875
08:01:09,91282CJZ5,TSRYS5743662,D,S,D,2024-05-06,1000000.00,4.470082,96.3046875
08:01:09,91282CJZ5,TSRYS5743662,D,B,C,2024-05-06,1000000.00,4.478989,96.23632812
08:01:09,91282CJZ5,TSRYS5743662,D,B,C,2024-05-06,1000000.00,4.478989,96.23632812
08:01:09,91282CJZ5,TSRYS5743662,D,B,C,2024-05-06,1000000.00,4.478989,96.23632812
08:01:10,91282CJZ5,TSRYS5743662,D,S,C,2024-05-06,1000000.00,4.471099,96.296875
08:01:10,91282CJZ5,TSRYS5743662,D,S,C,2024-05-06,1000000.00,4.474153,96.2734375
08:01:10,91282CJZ5,TSRYS5743662,D,B,C,2024-05-06,1000000.00,4.474153,96.2731375
08:01:10,91282CJZ5,TSRYS5743662,D,S,D,2024-05-06,1000000.00,4.475171,96.265625
08:01:10,91282CJZ5,TSRYS5743662,D,B,C,2024-05-06,1000000.00,4.475171,96.265325
08:01:10,91282CJZ5,TSRYS5743662,D,S,D,2024-05-06,2000000.00,4.475171,96.265625
08:01:10,91282CJZ5,TSRYS5743662,D,S,C,2024-05-06,5000000.00,4.478909,96.23694
08:01:10,91282CJZ5,TSRYS5743662,D,B,C,2024-05-06,25000000.00,4.484337,96.1953125
08:01:10,91282CJZ5,TSRYS5743662,D,S,C,2024-05-06,1000000.00,4.477207,96.25
08:01:10,91282CJZ5,TSRYS5743662,D,B,C,2024-05-06,1000000.00,4.477207,96.2497
08:01:11,91282CJZ5,TSRYS5743662,D,S,D,2024-05-06,25000000.00,4.484337,96.1953125
08:01:11,91282CJZ5,TSRYS5743662,D,S,C,2024-05-06,1000000.00,4.479244,96.23455
08:01:11,91282CJZ5,TSRYS5743662,D,B,C,2024-05-06,1000000.00,4.480771,96.22265625
08:01:11,91282CJZ5,TSRYS5743662,D,B,C,2024-05-06,1000000.00,4.480517,96.22460937
08:01:11,91282CJZ5,TSRYS5743662,D,B,C,2024-05-06,1000000.00,4.479244,96.234375
08:01:11,91282CJZ5,TSRYS5743662,D,S,C,2024-05-06,1000000.00,4.479244,96.234375
08:01:11,91282CJZ5,TSRYS5743662,D,B,C,2024-05-06,1000000.00,4.479244,96.234075
08:01:11,91282CJZ5,TSRYS5743662,D,B,C,2024-05-06,2000000.00,4.481281,96.21875
08:01:11,91282CJZ5,TSRYS5743662,D,B,C,2024-05-06,1000000.00,4.481281,96.21875
08:01:11,91282CJZ5,TSRYS5743662,D,S,C,2024-05-06,64000000.00,4.479244,96.234375
08:01:11,91282CJZ5,TSRYS5743662,D,B,C,2024-05-06,1000000.00,4.477207,96.25
08:01:11,91282CJZ5,TSRYS5743662,D,S,D,2024-05-06,1000000.00,4.477207,96.25
08:01:11,91282CJZ5,TSRYS5743662,D,S,D,2024-05-06,6000000.00,4.480876,96.22185
08:01:12,91282CJZ5,TSRYS5743662,D,S,C,2024-05-06,2000000.00,4.480771,96.22265625
08:01:12,91282CJZ5,TSRYS5743662,D,S,D,2024-05-06,1430000.00,4.483318,96.203125
08:01:12,91282CJZ5,TSRYS5743662,D,S,C,2024-05-06,2000000.00,4.48179,96.21484375
08:01:12,91282CJZ5,TSRYS5743662,D,S,D,2024-05-06,2000000.00,4.48179,96.21484375
08:01:12,91282CJZ5,TSRYS5743662,D,S,C,2024-05-06,1000000.00,4.477207,96.25
08:01:12,91282CJZ5,TSRYS5743662,D,S,C,2024-05-06,2000000.00,4.480517,96.22460937
08:01:12,91282CJZ5,TSRYS5743662,D,B,C,2024-05-06,1000000.00,4.477207,96.2497
08:01:12,91282CJZ5,TSRYS5743662,D,B,C,2024-05-06,1000000.00,4.483827,96.19921875
08:01:13,91282CJZ5,TSRYS5743662,D,S,D,2024-05-06,1000000.00,4.485865,96.18359375
08:01:13,91282CJZ5,TSRYS5743662,D,B,C,2024-05-06,1000000.00,4.476189,96.2578125
08:01:13,91282CJZ5,TSRYS5743662,D,S,C,2024-05-06,1000000.00,4.476189,96.2578125
08:01:13,91282CJZ5,TSRYS5743662,D,S,C,2024-05-06,1000000.00,4.475171,96.265625
08:01:13,91282CJZ5,TSRYS5743662,D,B,C,2024-05-06,1000000.00,4.475171,96.265325
08:01:13,91282CJZ5,TSRYS5743662,D,S,C,2024-05-06,1000000.00,4.483827,96.19921875
08:01:13,91282CJZ5,TSRYS5743662,D,S,D,2024-05-06,2000000.00,4.474153,96.2734375
08:01:13,91282CJZ5,TSRYS5743662,D,B,C,2024-05-06,1000000.00,4.483827,96.19921875
08:01:13,91282CJZ5,TSRYS5743662,D,S,D,2024-05-06,6000000.00,4.483634,96.2007
08:01:13,91282CJZ5,TSRYS5743662,D,S,C,2024-05-06,1000000.00,4.483827,96.19921875
08:01:13,91282CJZ5,TSRYS5743662,D,S,C,2024-05-06,1000000.00,4.483827,96.19921875
08:01:13,91282CJZ5,TSRYS5743662,D,S,C,2024-05-06,1000000.00,4.483827,96.19921875
08:01:13,91282CJZ5,TSRYS5743662,D,S,D,2024-05-06,1000000.00,4.483318,96.203125
08:01:13,91282CJZ5,TSRYS5743662,D,S,C,2024-05-06,1000000.00,4.483827,96.19921875
08:01:13,91282CJZ5,TSRYS5743662,D,S,C,2024-05-06,1000000.00,4.483063,96.20507812
08:01:13,91282CJZ5,TSRYS5743662,D,S,C,2024-05-06,1000000.00,4.483063,96.20507812
08:01:13,91282CJZ5,TSRYS5743662,D,S,D,2024-05-06,2000000.00,4.482299,96.2109375
08:01:14,91282CJZ5,TSRYS5743662,D,S,D,2024-05-06,2000000.00,4.482299,96.2109375
08:01:14,91282CJZ5,TSRYS5743662,D,B,C,2024-05-06,1000000.00,4.482554,96.20898437
08:01:14,91282CJZ5,TSRYS5743662,D,S,C,2024-05-06,2000000.00,4.482299,96.2109375
08:01:14,91282CJZ5,TSRYS5743662,D,S,C,2024-05-06,2000000.00,4.482299,96.2109375
08:01:14,91282CJZ5,TSRYS5743662,D,S,C,2024-05-06,2000000.00,4.482554,96.20898437
08:01:14,91282CJZ5,TSRYS5743662,D,S,C,2024-05-06,2000000.00,4.482554,96.20898437
08:01:14,91282CJZ5,TSRYS5743662,D,S,D,2024-05-06,1000000.00,4.482299,96.2109375
08:01:14,91282CJZ5,TSRYS5743662,D,S,T,2024-05-06,1000000.00,4.483318,96.203125
08:01:14,91282CJZ5,TSRYS5743662,D,B,C,2024-05-06,7000000.00,4.483686,96.2003
08:01:14,91282CJZ5,TSRYS5743662,D,S,D,2024-05-06,3000000.00,4.482403,96.21014
08:01:14,91282CJZ5,TSRYS5743662,D,S,T,2024-05-06,1000000.00,4.483318,96.203125
08:01:14,91282CJZ5,TSRYS5743662,D,S,C,2024-05-06,1000000.00,4.474153,96.2736125
08:01:14,91282CJZ5,TSRYS5743662,D,B,C,2024-05-06,1000000.00,4.474153,96.2731375
08:01:14,91282CJZ5,TSRYS5743662,D,S,C,2024-05-06,1000000.00,4.474153,96.2736125
08:01:14,91282CJZ5,TSRYS5743662,D,B,C,2024-05-06,1000000.00,4.474153,96.2731375
08:01:14,91282CJZ5,TSRYS5743662,D,S,T,2024-05-06,1000000.00,4.483318,96.203125
08:01:14,91282CJZ5,TSRYS5743662,D,S,C,2024-05-06,2000000.00,4.483318,96.203125
08:01:14,91282CJZ5,TSRYS5743662,D,S,C,2024-05-06,2000000.00,4.483318,96.203125
08:01:14,91282CJZ5,TSRYS5743662,D,S,T,2024-05-06,1000000.00,4.483318,96.203125
08:01:14,91282CJZ5,TSRYS5743662,D,S,T,2024-05-06,1000000.00,4.483318,96.203125
08:01:14,91282CJZ5,TSRYS5743662,D,B,C,2024-05-06,2000000.00,4.484846,96.19140625
08:01:14,91282CJZ5,TSRYS5743662,D,S,T,2024-05-06,1000000.00,4.483318,96.203125
08:01:14,91282CJZ5,TSRYS5743662,D,S,T,2024-05-06,1000000.00,4.483318,96.203125
08:01:14,91282CJZ5,TSRYS5743662,D,S,C,2024-05-06,8000000.00,4.484813,96.19166
08:01:14,91282CJZ5,TSRYS5743662,D,S,T,2024-05-06,1000000.00,4.483318,96.203125
08:01:14,91282CJZ5,TSRYS5743662,D,S,T,2024-05-06,1000000.00,4.483318,96.203125
08:01:14,91282CJZ5,TSRYS5743662,D,S,T,2024-05-06,1000000.00,4.483318,96.203125
08:01:14,91282CJZ5,TSRYS5743662,D,S,C,2024-05-06,1000000.00,4.474153,96.2736125
08:01:14,91282CJZ5,TSRYS5743662,D,B,C,2024-05-06,1000000.00,4.474153,96.2731375
08:01:14,91282CJZ5,TSRYS5743662,D,S,C,2024-05-06,1000000.00,4.474153,96.2736125
08:01:14,91282CJZ5,TSRYS5743662,D,B,C,2024-05-06,1000000.00,4.474153,96.2731375
08:01:14,91282CJZ5,TSRYS5743662,D,S,T,2024-05-06,1000000.00,4.476711,96.25380625
08:01:14,91282CJZ5,TSRYS5743662,D,S,C,2024-05-06,1000000.00,4.474153,96.2734375
08:01:14,91282CJZ5,TSRYS5743662,D,B,C,2024-05-06,1000000.00,4.474153,96.2731375
08:01:14,91282CJZ5,TSRYS5743662,D,S,C,2024-05-06,1000000.00,4.474153,96.2736125
08:01:14,91282CJZ5,TSRYS5743662,D,B,C,2024-05-06,1000000.00,4.474153,96.2731375
08:01:14,91282CJZ5,TSRYS5743662,D,S,T,2024-05-06,1000000.00,4.476711,96.25380625
08:01:14,91282CJZ5,TSRYS5743662,D,S,T,2024-05-06,1000000.00,4.483318,96.203125
08:01:14,91282CJZ5,TSRYS5743662,D,S,T,2024-05-06,1000000.00,4.476711,96.25380625
08:01:14,91282CJZ5,TSRYS5743662,D,S,T,2024-05-06,1000000.00,4.476711,96.25380625
08:01:14,91282CJZ5,TSRYS5743662,D,S,T,2024-05-06,1000000.00,4.476711,96.25380625
08:01:14,91282CJZ5,TSRYS5743662,D,S,T,2024-05-06,1000000.00,4.476711,96.25380625
08:01:14,91282CJZ5,TSRYS5743662,D,S,D,2024-05-06,1000000.00,4.476698,96.25390625
08:01:14,91282CJZ5,TSRYS5743662,D,S,D,2024-05-06,1000000.00,4.476698,96.25390625
08:01:14,91282CJZ5,TSRYS5743662,D,S,D,2024-05-06,1000000.00,4.476698,96.25390625
08:01:14,91282CJZ5,TSRYS5743662,D,B,C,2024-05-06,2000000.00,4.487904,96.16796875
08:01:14,91282CJZ5,TSRYS5743662,D,S,D,2024-05-06,1000000.00,4.476698,96.25390625
08:01:14,91282CJZ5,TSRYS5743662,D,S,D,2024-05-06,1000000.00,4.476698,96.25390625
08:01:14,91282CJZ5,TSRYS5743662,D,S,D,2024-05-06,1000000.00,4.479244,96.234375
08:01:14,91282CJZ5,TSRYS5743662,D,S,T,2024-05-06,2000000.00,4.485356,96.1875
08:01:14,91282CJZ5,TSRYS5743662,D,S,T,2024-05-06,1000000.00,4.485356,96.1875
08:01:14,91282CJZ5,TSRYS5743662,D,S,T,2024-05-06,1000000.00,4.485356,96.1875
08:01:14,91282CJZ5,TSRYS5743662,D,S,T,2024-05-06,2000000.00,4.485356,96.1875
08:01:14,91282CJZ5,TSRYS5743662,D,S,C,2024-05-06,2000000.00,4.48612,96.18164062
08:01:15,91282CJZ5,TSRYS5743662,D,S,T,2024-05-06,1000000.00,4.485373,96.18737
08:01:15,91282CJZ5,TSRYS5743662,D,B,C,2024-05-06,1000000.00,4.473135,96.28125
08:01:15,91282CJZ5,TSRYS5743662,D,S,C,2024-05-06,1000000.00,4.473135,96.28125
08:01:15,91282CJZ5,TSRYS5743662,D,B,C,2024-05-06,1000000.00,4.473135,96.28125
08:01:15,91282CJZ5,TSRYS5743662,D,S,C,2024-05-06,1000000.00,4.473135,96.28125
08:01:15,91282CJZ5,TSRYS5743662,D,S,T,2024-05-06,1000000.00,4.476698,96.25390625
08:01:15,91282CJZ5,TSRYS5743662,D,S,T,2024-05-06,1000000.00,4.476698,96.25390625
08:01:15,91282CJZ5,TSRYS5743662,D,S,T,2024-05-06,1000000.00,4.476698,96.25390625
08:01:15,91282CJZ5,TSRYS5743662,D,S,T,2024-05-06,1000000.00,4.476698,96.25390625
08:01:15,91282CJZ5,TSRYS5743662,D,S,T,2024-05-06,1000000.00,4.476698,96.25390625
08:01:15,91282CJZ5,TSRYS5743662,D,S,T,2024-05-06,1000000.00,4.476698,96.25390625
08:01:15,91282CJZ5,TSRYS5743662,D,S,T,2024-05-06,1000000.00,4.476698,96.25390625
08:01:15,91282CJZ5,TSRYS5743662,D,S,T,2024-05-06,1000000.00,4.476698,96.25390625
08:01:15,91282CJZ5,TSRYS5743662,D,S,T,2024-05-06,1000000.00,4.476698,96.25390625
08:01:15,91282CJZ5,TSRYS5743662,D,S,T,2024-05-06,1000000.00,4.476698,96.25390625
08:01:15,91282CJZ5,TSRYS5743662,D,S,T,2024-05-06,1000000.00,4.476698,96.25390625
08:01:15,91282CJZ5,TSRYS5743662,D,S,T,2024-05-06,1000000.00,4.476698,96.25390625
08:01:15,91282CJZ5,TSRYS5743662,D,S,T,2024-05-06,1000000.00,4.476698,96.25390625
08:01:15,91282CJZ5,TSRYS5743662,D,S,T,2024-05-06,1000000.00,4.476698,96.25390625
08:01:15,91282CJZ5,TSRYS5743662,D,B,C,2024-05-06,18750000.00,4.476841,96.2528063
08:01:15,91282CJZ5,TSRYS5743662,D,B,C,2024-05-06,6250000.00,4.476841,96.2528063
08:01:15,91282CJZ5,TSRYS5743662,D,S,D,2024-05-06,12000000.00,4.481927,96.2137906
08:01:15,91282CJZ5,TSRYS5743662,D,S,D,2024-05-06,7000000.00,4.483175,96.204225
08:01:15,91282CJZ5,TSRYS5743662,D,S,D,2024-05-06,12000000.00,4.483562,96.2012581
08:01:15,91282CJZ5,TSRYS5743662,D,S,C,2024-05-06,18750000.00,4.487271,96.1728188
08:01:15,91282CJZ5,TSRYS5743662,D,S,C,2024-05-06,6250000.00,4.487271,96.1728188
08:01:15,91282CJZ5,TSRYS5743662,D,S,C,2024-05-06,1000000.00,4.476698,96.25390625
08:01:16,91282CJZ5,TSRYS5743662,D,S,C,2024-05-06,1000000.00,4.476698,96.25390625
08:01:16,91282CJZ5,TSRYS5743662,D,S,C,2024-05-06,1000000.00,4.476698,96.25390625
08:01:16,91282CJZ5,TSRYS5743662,D,S,D,2024-05-06,1430000.00,4.483318,96.203125
08:01:17,91282CJZ5,TSRYS5743662,D,S,C,2024-05-06,1500000.00,4.47568,96.26171875
